2850 4759
186 404 190 411 ,
266 352 270 356 ’
294 331 460 404 ORATIO
481 329 566 400 PRO
591 330 630 399 C.
651 325 850 416 RABIRIO,
871 347 902 395 o.
923 328 955 391 5.
1143 322 1200 387 103

55 498 210 568 memoria
235 506 348 565 vestra
380 514 420 564 ac
451 503 589 577 patrum
616 497 829 570 vestrorum,
862 487 923 559 sed
954 506 997 555 ex
1033 484 1200 555 annalium

54 599 272 673 monumentis
289 610 390 681 atque
408 616 452 664 ex
470 617 590 679 regum
608 593 860 664 commentariis
880 591 1111 679 conquisierit,
1137 610 1200 673 ego

55 705 201 773 omuibus
239 703 322 770 meis
358 701 495 784 opibus,
533 700 686 769 omnibus
718 696 881 782 consiliis,
920 694 1073 764 omnibus
1104 691 1201 761 dictis

55 820 147 892 atque
164 807 265 875 iactis
280 804 496 887 repugnarim
518 814 551 869 et
571 802 751 870 restiterim
771 799 988 870 crudelitati?
1023 800 1095 868 Nisi
1115 799 1203 868 forte

54 909 132 979 hanc
153 908 387 978 condicionem
410 907 503 974 vobis
527 926 602 974 esse
627 904 760 982 voltis,
784 926 883 990 quam
910 906 1019 986 servi,
1051 904 1080 973 si
1106 900 1225 970 liber-⁴

55 1014 125 1081 tatis
144 1032 239 1096 spem
264 1012 472 1096 propositam
491 1032 559 1078 non
579 1008 756 1088 haberent,
788 1010 878 1078 serre
895 1007 987 1078 nullo
1008 1008 1108 1078 modo
1127 1028 1206 1092 pos·

55 1129 132 1185 sent.
170 1117 303 1186 Misera
321 1127 374 1184 est
392 1114 575 1197 ignominia
592 1112 796 1185 iudiciorum
820 1113 1049 1198 publicorum,
1083 1113 1204 1180 misera
1226 1113 1263 1181 10

56 1220 200 1290 multatio
228 1220 414 1297 bonorum,
452 1217 616 1288 miserum
642 1217 800 1299 exilium3
831 1216 892 1291 ‚secl
919 1228 1030 1285 tamen
1053 1217 1087 1284 in
1113 1216 1208 1285 omni

58 1324 239 1394 calamitate
261 1324 425 1391 retinetur
452 1320 584 1406 aliquod
608 1321 788 1403 vestigium
812 1319 986 1389 libertatis.
1026 1320 1123 1389 Mors
1148 1319 1206 1388 de·

58 1430 148 1513 nique
169 1430 198 1496 si
221 1427 442 1512 proponitur,
477 1427 510 1497 in
534 1423 687 1494 libertate
712 1444 913 1506 moriamur3
949 1424 1102 1492 carnifex
1124 1445 1205 1492 vero

62 1543 91 1599 et
110 1530 267 1601 obductio
289 1531 408 1615 eapitis
430 1541 465 1596 et
490 1550 615 1597 nornen
636 1530 745 1614 ipsum
771 1529 881 1597 crucis
895 1558 897 1561 ·
910 1529 995 1598 absit
1013 1550 1082 1597 non
1105 1527 1207 1596 modo

63 1655 244 1721 alcorpore
275 1634 400 1704 civium
433 1635 687 1713 Romanorum,
724 1633 784 1702 sed
821 1633 921 1701 ctiam
951 1654 972 1701 a
1004 1633 1208 1715 cogitatione

64 1740 156 1809 oculis
188 1740 339 1808 auribus.
388 1736 517 1806 Harum
550 1739 637 1803 enim
669 1737 820 1804 omnium
851 1757 966 1804 rerum
995 1758 1064 1804 non
1097 1734 1214 1804 solum¹

64 1854 188 1910 euentus
214 1855 316 1926 atque
338 1843 531 1926 perpessio,
560 1841 749 1909 sedetiam
779 1840 952 1921 condicio,
983 1841 1209 1925 exspectatio,

64 1946 176 2014 mentio
205 1949 281 2031 ipsa
313 1945 454 2030 denique
488 1944 621 2027 indigna
653 1946 727 2012 clue
760 1938 913 2012 Romano
945 1955 1045 2028 atquc
1075 1942 1210 2011 homine

66 2042 156 2116 libero
184 2062 245 2118 est.
302 2052 359 2117 An'
384 2071 464 2117 vero
500 2070 618 2118 servos
647 2062 783 2118 nostros
816 2047 937 2114 horum
967 2045 1210 2131 suppliciorum

68 2153 201 2220 omnium
227 2165 324 2221 metu
354 2153 567 2220 dominorum
597 2154 783 2233 benignitas
813 2144 962 2220 vindicta
982 2173 1050 2219 una
1076 2152 1211 2219 liberat:

69 2274 120 2322 nos
138 2277 163 2324 a·
177 2257 392 2345 verberibus,
420 2258 461 2324 ab
480 2277 586 2334 unco,
620 2278 639 2324 a
663 2256 774 2322 cruris
795 2254 936 2339 denique
957 2268 1086 2323 terrore
1104 2275 1213 2338 neque

70 2377 119 2426 res
139 2374 253 2442 gestae
280 2382 388 2447 neque
419 2373 495 2429 acta
511 2372 613 2428 'actas
637 2379 745 2442 neque
774 2361 874 2428 vestri
896 2362 1042 2431 bonores
1067 2357 1214 2425 vindica·

71 2462 163 2532 bunt?
201 2467 433 2548 Quamobrem
461 2464 570 2532 fateor
592 2477 691 2549 atque
710 2464 828 2540 etiam,
856 2464 899 2530 T.
920 2462 1081 2543 Labiene,
1113 2463 1273 2547 proli-17

73 2575 135 2634 teor
149 2581 274 2655 etprae
296 2590 349 2636 me
369 2570 443 2637 fero
467 2580 498 2636 te
519 2590 562 2636 ox
582 2568 638 2636 illa
657 2567 802 2643 erudeli,
832 2558 1043 2651 importuna,
1066 2589 1134 2636 non
1156 2567 1215 2634 tri-

73 2668 187 2741 bunicia
206 2675 357 2752 actione,
388 2658 446 2740 sed
467 2673 576 2765 regia,
610 2693 686 2741 roco
709 2672 849 2742 consilio
872 2675 996 2741 virtute
1015 2673 1214 2746 arictoritatc

76 2791 137 2843 esse
157 2776 344 2862 depulsum.
389 2776 467 2868 Qua
489 2788 524 2842 tn
544 2778 577 2843 in
598 2778 729 2844 actione
748 2798 950 2861 quamquam
971 2778 1083 2844 omnia
1103 2786 1217 2843 exem·

77 2918 283 2942 -ι-ιι-ι

1388 1142 1390 1163 t

1389 1170 1390 1197 l

1389 1202 1390 1213 l

79 3022 195 3077 „hortandi
211 3030 354 3079 carminis.“
382 3032 475 3080 Firmat
492 3034 539 3080 boe
556 3032 682 3087 Ambrae,
709 3047 764 3078 cunr
782 3033 881 3080 Oxonn.
906 3033 934 3078 0.
952 3034 975 3078 S.
991 3050 1016 3094 χ.
1033 3046 1063 3098 ψ.
1087 3048 1140 3080 cum
1164 3033 1219 3080 aliia

78 3104 168 3159 hubam
188 3116 319 3170 uerberarit,
347 3126 419 3178 quam
448 3116 571 3164 notionem
599 3117 751 3176 amplectitur
775 3117 823 3164 iam
845 3133 868 3165 r.
885 3119 1059 3175 suppliciorum.
1088 3142 1122 3156 -
1150 3118 1219 3175 „Par

79 3203 133 3249 '⁸80⁸
147 3199 291 3257 pomorania
308 3202 391 3249 Tullus
407 3186 525 3249 Hersilius
542 3201 645 3262 intelligi
662 3202 785 3250 videtur.“
811 3203 888 3249 Buca.
922 3203 961 3249 Au
985 3218 1029 3263 per
1046 3206 1220 3249 commentarios

42 3327 46 3337 ,
81 3287 146 3333 “itm
168 3282 201 3330 illi
226 3284 375 3345 intelligendi
399 3284 458 3344 rint,
484 3287 570 3349 quibus
595 3289 671 3348 volgo
695 3287 795 3334 inditum
821 3295 857 3334 cst
882 3302 969 3339 nomen
994 3289 1058 3335 Iuris
1082 3291 1220 3347 Papiniani,

82 3367 246 3420 al³⁰tttiflcibuu
264 3370 346 3433 utique
363 3370 457 3418 incerto
474 3379 586 3432 ternpore
603 3371 722 3427 conlecti,
750 3387 798 3419 non
816 3373 899 3435 liquet.
933 3374 1126 3421 Commentarios
1143 3367 1221 3437 (hero-

36 3460 39 3523 ἶ
83 3439 194 3513 sulpura)
210 3455 306 3502 Numae
323 3463 441 3503 memorat
457 3456 601 3505 Plutarchus
619 3456 642 3503 iu
660 3458 779 3504 Marcello
797 3473 818 3503 e.
831 3459 864 3504 8.

38 3608 40 3639 4
137 3556 147 3618 l
168 3562 204 3609 10.
220 3562 338 3626 rhamno]
364 3565 465 3612 Frustra
485 3565 652 3628 Pantagathus
675 3567 797 3626 obseptio,
824 3570 890 3630 quod
913 3583 968 3616 roe.
985 3569 1009 3616 io
1028 3583 1069 3616 usu
1087 3583 1135 3618 nou
1152 3566 1224 3616 mise

38 3648 49 3691 t
86 3635 169 3690 illunc
186 3671 219 3687 -
236 3649 353 3710 condicio]
377 3649 467 3708 „Eone
484 3651 626 3705 condicione
644 3652 768 3716 quiequam
785 3654 865 3711 uiuat,
892 3660 918 3701 ut
934 3654 958 3701 in
976 3669 1029 3701 caru
1047 3657 1134 3703 cadere
1150 3655 1225 3703 serri-

87 3718 224 3789 buppura
240 3734 360 3782 cruciatur
371 3735 486 3796 poeaitl“
503 3736 569 3783 Hor.
604 3738 736 3788 Murretua:
754 3741 883 3796 condictio,
901 3740 1063 3788 denmfiatior
1080 3754 1130 3803 quo
1145 3747 1224 3788 tamen

88 3810 191 3863 scutulo
211 3832 272 3867 nunc
293 3819 393 3868 omnmo
416 3819 581 3869 ebutiummn
603 3836 659 3870 reor
680 3823 705 3870 io
728 3823 831 3889 Tullio,
850 3823 923 3871 etiem
945 3824 1015 3871 Offic.
1037 3825 1067 3882 3,
1090 3823 1102 3887 b
1121 3825 1177 3872 108.
1202 3833 1226 3872 ct

89 3886 162 3951 Topie.
177 3897 188 3961 l
203 3903 244 3951 82.
261 3926 295 3945 -
311 3906 413 3952 madium
430 3919 475 3954 ttae
493 3905 591 3968 want]
618 3907 656 3955 Sic
673 3907 845 3969 Palimpsestus
861 3909 984 3956 Niebubrii
1001 3923 1048 3970 pru
1065 3923 1109 3956 uno
1126 3912 1226 3956 uindicta

91 3971 179 4028 lt'lertrbit
193 3984 247 4034 Ero.
258 4012 298 4047 ‚7-
322 4003 360 4035 rea
375 3988 462 4052 gatae]
485 3990 525 4038 Ad
548 3992 642 4039 Rabirii
665 4007 704 4041 rae
720 3999 800 4053 gestas
817 3993 980 4042 referebantur
997 4010 1038 4043 rr.
1055 3998 1085 4050 Q.
1101 3995 1226 4045 Hortcmil

92 4068 130 4150 10)
144 4063 237 4141 Rabirio
253 4075 318 4134 apurl
335 4074 469 4122 connium
486 4091 511 4136 p.
531 4076 586 4125 100.
604 4079 737 4124 airammum
752 4093 854 4124 meorum
871 4085 894 4125 et
912 4078 1044 4125 cicurum
1054 4079 1146 4127 Rabirii
1163 4094 1227 4128 men·

94 4146 167 4194 lmen
181 4153 236 4204 facit
252 4158 327 4207 etiem
343 4158 430 4207 Cicero
448 4160 473 4207 io
490 4160 650 4221 peroratione
663 4160 676 4224 b
687 4163 729 4209 su.
747 4189 780 4202 ·-
805 4161 891 4225 matri]
914 4163 953 4210 Sic
970 4164 1085 4226 Palimps.
1103 4171 1128 4212 ct
1143 4165 1227 4215 Ambo.

94 4225 201 4285 „lecuras
216 4255 232 4288 a
247 4242 316 4293 robis
333 4244 450 4291 collati.“
467 4244 551 4293 melius
568 4260 642 4307 quam
658 4226 730 4308 vulg:
743 4246 825 4290 nomi,
866 4270 871 4291 ;

109 4339 160 4471 Ml
176 4344 211 4392 ll·
231 4353 385 4412 auspicium
402 4353 508 4412 pettice-
521 4350 584 4417 iura]
608 4354 669 4403 Cum
689 4355 713 4401 in
736 4357 794 4402 ioco
816 4356 942 4415 auspicato
966 4352 994 4418 (ᾖ
1015 4354 1069 4414 13.)
1087 4355 1136 4400 tale
1152 4357 1228 4402 scelus

55 4422 62 4435 '
97 4428 109 4462 ἃ
148 4427 173 4474 tti
187 4431 227 4478 ris.
706 4440 711 4443 “
1014 4428 1017 4434 ”
