2850 4759
202 288 261 358 tlt
671 283 910 354 CICERONIS

187 438 381 518 'serotenus
397 466 471 538 pro
494 446 654 533 consule,
675 443 741 513 sed
751 464 825 536 pro
849 436 1057 513 consulibus
1076 441 1233 511 mittere.
1276 442 1382 511 Tanta

202 553 237 618 in
266 571 307 617 eo
337 550 385 617 rei
413 548 567 631 publicae
593 549 679 616 bene
707 546 878 629 gerendae
909 567 987 629 spes
1023 547 1317 624 constituebatur,
1348 559 1382 613 ut

203 653 351 720 duorum
383 650 564 718 consulum
596 671 720 718 munus
748 651 849 717 unius
883 648 1112 717 adolescentis
1142 650 1262 715 virtuti
1294 670 1381 716 eom·

203 756 408 822 mitteretur.
451 751 544 842 Quid
570 762 637 817 tam
660 751 850 832 singulare,
882 773 984 835 quam
1011 762 1049 817 ut
1069 771 1114 817 ex
1138 762 1280 818 senatus
1310 773 1381 818 cou-

202 855 294 925 sulto
316 855 446 936 legibus
471 852 606 923 solutus
628 853 749 921 corisul
770 865 849 919 aute
872 852 986 928 fieret,
1015 874 1117 936 quam
1145 850 1254 919 ullum
1284 851 1381 923 alium

203 961 441 1039 magistratum
466 977 528 1040 per
556 955 648 1035 leges
673 974 795 1037 capere
823 951 1003 1022 licuisset?
1038 954 1119 1037 quid
1144 967 1213 1021 taur
1240 956 1382 1022 incredi-

202 1060 289 1138 bile,
310 1083 411 1144 quaru
441 1072 479 1126 ut
497 1061 622 1125 iterum
648 1076 753 1139 eques
778 1058 953 1123 Romanus
983 1077 1028 1123 ex
1052 1068 1193 1123 senatus
1217 1057 1380 1126 eonsulto

204 1161 458 1244 triumpharet‘.>
490 1160 587 1250 Quae
613 1159 645 1223 in
666 1158 824 1224 omuibus
846 1156 1039 1226 homiuibus
1060 1180 1150 1225 nora
1174 1172 1256 1241 post
1281 1158 1382 1227 bouri-

202 1287 286 1330 num
315 1263 518 1333 memoriam
547 1261 734 1326 constituta
763 1271 862 1336 suut,
893 1280 933 1326 ea
962 1273 1031 1328 tam
1063 1260 1170 1329 multa
1196 1287 1263 1329 uon
1291 1274 1380 1338 sunt,

143 1373 182 1435 63
205 1386 306 1450 quam
329 1364 433 1442 haee,
455 1383 540 1446 quae
564 1363 597 1427 io
615 1359 681 1427 hoo
709 1383 777 1427 uuo
799 1361 937 1428 bomine
959 1362 1125 1431 videmus.
1168 1368 1285 1447 Atque
1307 1366 1382 1432 haee

186 1480 255 1534 ⁴tot
286 1465 441 1548 exempla
478 1477 569 1531 tauta
599 1485 640 1529 ae
670 1476 738 1529 tatu
772 1485 861 1530 nova
890 1467 1046 1545 profecta
1071 1478 1151 1531 suut
1180 1469 1211 1532 iu
1240 1467 1380 1534 euudeur

205 1568 377 1635 hominem
404 1588 423 1633 a
449 1567 495 1656 Q.
528 1565 638 1632 Catuli
666 1578 768 1648 atque
795 1587 815 1631 a
839 1577 1034 1635 ceterorum
1063 1567 1216 1637 eiusdem
1243 1569 1382 1650 ‹lignita-

206 1671 249 1738 tls
272 1668 561 1751 amplissimorum
591 1668 768 1737 homiuum
790 1669 1005 1735 auctoritate.
1418 1740 1419 1751 χ

285 1771 403 1837 XXll.
446 1771 563 1860 Quare
588 1769 742 1847 videaut,
763 1790 805 1836 ue
826 1771 871 1836 sit
891 1771 1105 1854 periniquum
1126 1785 1160 1839 et
1180 1797 1251 1841 nou
1276 1776 1381 1842 seren·
1418 1766 1419 1769 ¹

205 1873 288 1940 ulum
313 1871 451 1938 illorum
476 1873 718 1939 auctoritatem
740 1872 781 1937 de
804 1873 863 1938 Cn.
887 1874 1038 1954 Pompeii
1060 1873 1224 1954 dignitate
1245 1899 1265 1943 a
1292 1878 1380 1944 vobis

206 1976 465 2056 comprobatam
496 1995 632 2056 semper
659 1993 753 2057 esse,
784 1984 938 2041 vestrum
963 1977 1003 2042 ab
1025 1975 1091 2043 illis
1116 1977 1157 2043 de
1176 1980 1303 2046 eodem
1329 1981 1383 2048 iro·
1418 2011 1419 2022 ¹

206 2078 297 2142 mine
326 2075 487 2142 iudicium
522 2075 707 2159 populique
737 2077 881 2143 Romani
913 2079 1151 2147 auctoritatem
1183 2084 1383 2163 improbariq
1417 2108 1419 2115 <

205 2178 406 2260 praesertim
436 2200 512 2243 cum
539 2180 605 2244 iam
628 2200 692 2244 suo
718 2181 791 2244 iure
815 2178 969 2260 populus⁴
986 2182 1159 2249 Romanus
1182 2185 1216 2249 iu
1239 2184 1305 2252 hoe
1323 2187 1382 2253 ho·
1418 2204 1419 2237 f

206 2281 298 2346 mine
322 2301 418 2346 suam
444 2281 683 2346 arroteritatem
707 2279 760 2346 vel
786 2291 1064 2362 cuntramnus,
1088 2287 1142 2367 qui
1170 2287 1381 2366 dissentiunt,

205 2384 316 2463 possit
334 2381 534 2459 deseotlere3
555 2394 737 2463 propterea
753 2382 862 2464 quod,
885 2382 1005 2449 iisdem
1022 2387 1094 2454 istis
1111 2388 1381 2473 reclamantibus,
1417 2410 1418 2417 ¹

205 2504 269 2548 vos
293 2506 400 2549 uuum
423 2482 517 2549 illum
540 2505 584 2549 ex
612 2485 770 2550 omuibus
792 2482 983 2564 delegistis,
1003 2511 1103 2570 quem
1131 2490 1217 2556 bello
1244 2494 1383 2574 praedo·

145 2575 185 2649 (il
207 2607 288 2650 uum
310 2586 577 2664 praeponeretis.
619 2584 695 2652 lloe
714 2587 744 2652 si
768 2608 832 2653 vos
858 2599 985 2653 temere
1007 2589 1136 2658 fecistis
1154 2606 1189 2658 et
1209 2596 1256 2660 rei
1281 2595 1383 2677 publi·

206 2703 267 2750 cae
294 2704 414 2763 parum
445 2684 682 2765 consuluistis,
724 2701 818 2755 reete
840 2689 897 2754 isti
924 2690 1036 2758 studia
1064 2706 1180 2760 vestra
1207 2697 1280 2763 suis
1309 2719 1384 2763 con·
1417 2718 1418 2723 ¹

205 2782 289 2852 siliis
311 2803 428 2863 regere
447 2797 634 2866 conantur,
654 2789 705 2853 siu
724 2799 838 2855 auteur
861 2813 923 2858 voa
946 2790 1023 2874 plus
1046 2806 1117 2861 tum
1141 2797 1173 2862 in
1196 2818 1234 2863 re
1254 2798 1383 2879 publiea

206 2885 356 2960 vidistis,
378 2909 439 2955 vos
458 2886 510 2957 his
534 2891 801 2970 repugnantibus
827 2909 1047 2972 permearet
1070 2899 1163 2978 ipsos
1189 2899 1382 2980 dignitatem

207 2984 483 3071 huio'imperim
516 2990 661 3057 salutem
692 2992 764 3058 orbi
794 3004 962 3062 terrarum
994 2999 1175 3079 attulistis3
1210 3001 1382 3085 aliquando

207 3090 263 3157 isti
280 3091 449 3174 principes
467 3103 501 3158 et
520 3093 581 3160 sibi
601 3105 634 3159 et
652 3093 775 3161 ceteris
797 3095 911 3177 populi
933 3097 1075 3167 Romani
1098 3104 1247 3169 uuirersi
1269 3117 1382 3171 aucto·
1417 3114 1418 3131 ²

206 3192 299 3258 ritati
324 3193 513 3275 parendum
541 3216 617 3262 esse
642 3196 834 3267 fateanturt
875 3199 1015 3288 [Atque
1033 3204 1074 3268 ira
1090 3203 1157 3270 hoc
1173 3206 1265 3273 bello
1282 3206 1382 3274 Asia·

134 3364 137 3372 ,
207 3294 277 3358 tiro
301 3306 335 3359 et
359 3297 462 3377 reqio
479 3317 550 3360 nora
573 3296 690 3362 sotum
714 3297 893 3368 militaria
909 3299 978 3367 itta
996 3305 1131 3391 virtus,
1164 3329 1259 3397 quae
1281 3311 1381 3376 estin

208 3391 272 3468 Cn.
290 3393 464 3485 Pompeio
487 3396 701 3485 sirzqnluria5
731 3402 796 3468 sed
816 3401 914 3468 aliae
936 3425 1079 3493 qnoque
1100 3409 1254 3476 uirtutes
1275 3409 1381 3476 animi

99 3574 104 3587 ι
197 3509 365 3578 'nzaqrzae
376 3508 410 3562 et
423 3496 822 3588 ruultaer·equirurrtur·.
842 3502 997 3586 Difficile
1010 3520 1063 3574 est
1075 3509 1230 3598 inAsia,
1249 3509 1379 3595 Cilicia,

206 3593 320 3678 Syria
340 3598 533 3687 repuisque
551 3599 767 3668 interiorum
784 3606 976 3672 nationum
993 3609 1046 3675 ita
1063 3615 1207 3678 uersari
1223 3627 1381 3682 nostrum

206 3731 402 3747 w

275 3806 287 3869 l
310 3809 352 3854 68.
376 3810 405 3864 Q.
433 3808 525 3871 Catuli]
552 3812 666 3858 Monate.
690 3816 747 3859 tres.
766 3813 862 3863 ‘Erfurt
887 3820 974 3866 saltem
999 3821 1087 3875 Quinti.
1111 3823 1141 3877 Q.
1168 3823 1251 3870 Catulo
1275 3824 1332 3871 Ero.
1351 3847 1379 3861 -

207 3891 289 3936 iisdem
306 3891 368 3951 irtio]
386 3893 415 3938 E.
434 3896 485 3939 r'str'r
502 3893 559 3941 Ero.

275 3972 286 4034 l
307 3975 348 4021 64.
372 3976 442 4029 Quae
459 3977 547 4023 litteris
564 3976 687 4026 inclinatle
704 3981 868 4040 exprimenda
884 3983 1037 4043 curavimus,
1054 3999 1085 4031 ea
1102 3986 1233 4033 subditicia
1251 3995 1277 4035 et
1294 4003 1326 4035 ex
1342 3987 1378 4033 ali-

206 4066 256 4117 qua
273 4057 494 4106 declamatiuncula
511 4061 551 4107 blc
564 4061 687 4111 inculcata
699 4079 751 4111 esre
764 4067 876 4113 viderunt
888 4067 1038 4127 Naugerius,
1055 4069 1242 4129 Pantagathus,
1261 4072 1378 4125 Blucium

143 4158 149 4169 r
206 4139 248 4200 qui
266 4141 387 4188 subtiliter
404 4157 435 4189 ea
453 4145 483 4190 de
501 4158 527 4190 re
545 4145 692 4204 disputarit,
711 4155 737 4194 et
754 4149 864 4209 Madvig.
874 4174 908 4187 -
917 4165 1015 4209 maguae
1033 4157 1056 4197 et
1071 4154 1167 4212 mutue]
1180 4154 1209 4199 E.
1223 4155 1318 4216 (utique
1328 4166 1378 4200 eou-

206 4228 245 4267 tra
263 4223 314 4271 veri
332 4224 458 4272 Ciceronis
476 4240 557 4281 urume
575 4229 619 4274 cfr.
638 4229 716 4290 tw.)
729 4234 814 4277 multae
831 4238 854 4278 et
869 4247 968 4292 maguae
986 4236 1043 4283 Eru.
1056 4259 1089 4273 -
1107 4236 1224 4299 nostrum]
1243 4239 1273 4285 E.
1291 4242 1377 4285 raum

206 4303 264 4350 Em.
279 4332 309 4344 -
322 4305 384 4368 obt]
403 4307 433 4355 Ε.
451 4323 519 4369 quam
535 4310 594 4358 Em.
