2850 4759
310 314 478 385 ORATlO
500 256 583 384 rud
604 319 644 382 P.
669 316 825 396 SULLA,
853 314 947 387 c.29.
1081 348 1083 353 ·
1142 312 1200 387 293

40 479 67 544 si
90 475 271 553 laedimur,
303 477 331 543 si
360 497 576 554 accusamur,
611 474 694 545 siin
719 476 883 546 invidiam
907 501 1087 567 vocamur,
1121 504 1199 565 pro·

40 582 127 648 lecto
150 578 362 657 concedetis,
389 581 535 660 iudices,
560 594 598 649 ut
618 582 711 649 nobis
727 581 914 649 libertatem
932 584 1073 651 retinere
1088 583 1196 671 liceat,

39 683 195 752 siminus
214 682 311 751 liceat
332 682 538 765 dignitatem.
573 687 734 753 Accusati
750 698 828 753 sunt
844 708 960 753 omnes
978 711 1044 753 uno
1063 691 1197 756 nomine
1216 692 1255 754 81

40 788 252 866 consulares,
280 787 402 854 utiam
424 787 578 856 videatur
599 789 738 857 honoris
762 789 960 872 amplissimi
980 812 1101 858 nomen
1122 790 1210 874 plus‘

38 890 179 959 invidiae
208 914 306 975 qnam
334 890 505 972 dignitatis
533 894 666 960 afferre.
708 893 919 970 Adfuerunt,
947 895 1197 976 inquit,·Cati·

39 993 119 1062 linae
150 992 314 1078 illumque
348 993 537 1063 laudarunt.
593 996 693 1064 Nulla
725 1010 797 1065 tum
826 997 979 1079 patebat,
1010 997 1099 1064 nulla
1124 1014 1196 1068 erat

39 1099 167 1178 cognita
193 1099 399 1178 coniunctim
437 1097 660 1168 defendebant
674 1102 847 1180 amicum,
882 1100 1020 1167 aderant
1042 1101 1195 1185 supplici,
1233 1144 1237 1152 =

39 1202 120 1270 vitae
147 1203 221 1270 eius
247 1202 487 1285 turpitudinem
510 1203 544 1269 in
571 1204 713 1271 summis
738 1205 809 1271 eius
837 1203 993 1286 periculis
1018 1228 1084 1270 non
1108 1208 1194 1273 inse·

40 1306 244 1389 quebantur.
273 1305 365 1397 Quin
385 1306 485 1372 etiam
505 1327 625 1389 parens
648 1320 743 1392 tuus,
778 1307 964 1389 Torquate,
996 1307 1113 1375 consul
1134 1330 1191 1376 reo

37 1410 76 1477 'de
103 1410 256 1494 pecuniis
288 1408 481 1492 repetundis
511 1408 674 1477 Catilinae
704 1411 769 1477 fuit
800 1408 1001 1484 advocatus,
1039 1412 1191 1495 improbo

40 1511 176 1594 homini,
213 1526 248 1580 at
274 1511 433 1596 supplici,
464 1513 610 1585 fortasse
640 1513 777 1594 audaci,
813 1526 847 1580 at
874 1512 1052 1596 aliquando
1073 1513 1193 1591 ami'co,

41 1617 95 1685 eut
117 1639 195 1685 cum
225 1615 332 1685 adluit
355 1629 431 1699 post
455 1615 600 1685 delatam
628 1609 678 1685 ad'
695 1637 772 1684 eum
797 1618 938 1701 primam
964 1616 1053 1684 illam
1077 1620 1191 1688 coniu·
1229 1652 1231 1655 ’

40 1722 216 1799 rationem,
251 1720 411 1788 indicavit
432 1740 471 1788 se
494 1719 627 1788 audisse
651 1719 794 1805 aliquid,
825 1747 893 1790 uon
915 1721 1107 1796 credidisse.
1146 1727 1193 1792 at

41 1823 218 1915 idemnon
248 1823 356 1892 adluit
385 1824 449 1893 alio
480 1826 514 1893 in
546 1825 688 1899 iudicio,
719 1848 796 1892 curn
821 1825 977 1892 adessent
1004 1829 1116 1894 ceteri.
1157 1828 1191 1896 Si
1270 1850 1273 1854 ·
1311 1836 1314 1845 ’

41 1941 145 2012 postea
168 1941 335 2010 cognorat
357 1929 429 2010 ipse
452 1926 592 2013 aliquid,
625 1928 716 2013 quod
740 1931 773 1996 in
795 1929 970 1999 consulatu
991 1932 1191 2013 ignorasset}

42 2031 275 2112 ignoscendum
307 2033 444 2111 estiis,
483 2033 538 2116 qui
571 2045 689 2116 postea
714 2032 793 2099 nihil
824 2032 1017 2113 audieruut,
1055 2037 1104 2101 sin
1135 2035 1191 2102 illa
1248 2054 1259 2077 -·

44 2157 88 2204 res
107 2137 214 2220 prima
236 2132 358 2213 valuit,
395 2158 461 2202 rron
493 2137 677 2203 inveterata
707 2159 805 2220 quam
833 2157 949 2204 recens
978 2137 1093 2203 debuit
1116 2148 1189 2206 ess'e

44 2241 176 2318 gravior.
217 2237 283 2306 Sed
307 2232 347 2307 si
366 2252 443 2307 tuus
472 2260 593 2323 pareus
622 2241 722 2307 etiam
751 2240 784 2307 in
807 2239 867 2305 illa·
892 2242 1080 2323 suspicione
1103 2244 1189 2324 peri·

44 2341 100 2411 culi
119 2348 170 2414 sui
195 2356 316 2411 'tamen
342 2342 547 2409 humanitate
573 2342 737 2411 adductus
765 2341 1017 2410 advocationem
1044 2344 1188 2433 hominis

43 2440 270 2531 improbissimi
289 2445 371 2515 sella
391 2444 499 2539 curuli
521 2458 618 2529 atque
636 2447 842 2516 ornamentis
864 2458 898 2513 et
920 2447 989 2533 suis
1011 2460 1044 2512 et
1068 2450 1213 2515 consuer

44 2546 119 2620 latus
141 2550 363 2629 honestavit,
402 2549 481 2633 quid
514 2563 584 2629 est,
625 2551 843 2635 quamobrem
879 2549 1091 2632 consulares,
1132 2552 1188 2636 qul

44 2653 192 2723 Catilinae
221 2653 426 2741 adsuerunt,
464 2653 782 2737 reprehendantur?
821 2656 868 2720 At
896 2653 997 2721 iidem
1023 2656 1063 2723 iis
1077 2679 1090 2729 ,·
1132 2657 1187 2740 qui
1207 2662 1247 2727 82

45 2765 112 2824 ante
126 2758 216 2827 hunc
235 2779 370 2827 causam
390 2756 431 2824 de
447 2759 678 2827 coniuratione
700 2757 877 2837 dixerunt,
906 2781 975 2825 non
995 2759 1187 2834 adfuerimtt

44 2856 141 2930 Tanto
167 2861 297 2931 scelere
318 2862 486 2930 adstrictis
510 2860 699 2931 hominibus
721 2872 913 2930 statuerunt
934 2860 1015 2929 nihil
1037 2885 1055 2930 a
1075 2884 1110 2930 se
1132 2863 1189 2931 ad-¹

44 2961 185 3047 iumenti,
227 2964 310 3034 nihil
334 2967 424 3049 opis,
460 2964 541 3033 nihil
569 2965 682 3034 auxilii
706 2966 982 3049 ferrioporte'res
1017 2968 1127 3049 Atque
1150 2979 1188 3034 ut

46 3064 79 3134 de
101 3082 215 3139 eorum
245 3071 433 3139 constantia
459 3081 558 3153 atque
583 3070 693 3136 animo
715 3071 749 3134 iu
776 3068 1037 3152 rempublicam
1063 3070 1185 3148 dicam,⁴

45 3192 174 3252 quorum
192 3177 294 3244 tacita
309 3177 458 3256 gravitas
476 3186 510 3240 et
525 3171 607 3241 fides
619 3172 660 3239 de
670 3195 739 3239 uno
751 3194 883 3256 quoque
895 3170 1057 3259 loquitur,
1079 3194 1186 3257 neque
1236 3204 1237 3207 ¹

46 3276 230 3362 cuiusquam
250 3290 446 3346 ornamenta
464 3277 624 3346 orationis
641 3276 819 3353 desiderat,
840 3288 952 3360 potest
969 3278 1080 3344 dicere
1097 3279 1184 3361 quis·

46 3400 131 3458 quam
154 3403 301 3466 unquam
321 3380 494 3459 meliores,
522 3382 698 3459 fortiores,
727 3382 971 3450 constantiores
990 3380 1184 3452 consulares

46 3480 137 3553 luisse
160 3508 258 3571 quam
286 3487 325 3556 iis
353 3487 557 3570 temporibus
582 3498 615 3553 et
638 3484 815 3568 periculis,
853 3486 972 3569 quibus
996 3506 1100 3567 paene
1124 3509 1185 3569 op·
1238 3478 1271 3559 ¹.

47 3605 147 3662 pressa
171 3603 222 3657 est
246 3613 297 3661 res
319 3589 476 3675 piraticas
512 3588 685 3680 Quis'non
708 3588 749 3655 de
770 3590 939 3656 communi
958 3589 1065 3658 salute
1086 3580 1184 3674 aper·
1235 3627 1237 3632 ·

51 3707 254 3725 Ἣ

103 3789 170 3852 lssl.
187 3809 262 3841 omnes
283 3793 337 3859 uno]
356 3796 394 3843 Sic
413 3795 496 3841 bamb.
517 3808 561 3841 uuo
578 3795 608 3842 P.
630 3794 701 3842 Bern.
724 3821 758 3834 -
784 3794 915 3858 laudarunt]
936 3798 1084 3842 undarum
1102 3796 1131 3844 P.
1150 3821 1185 3835 -
1236 3813 1240 3825 .

50 3870 82 3931 Sl]
94 3879 129 3922 sed
145 3878 194 3926 lirf.
213 3879 243 3931 P,
262 3904 293 3918 -
306 3880 450 3940 ignorasset]
469 3894 515 3926 aon
529 3885 605 3925 nosset
620 3881 650 3926 P.
666 3884 700 3918 -·’
713 3884 749 3926 sin
769 3884 810 3926 itta
828 3895 864 3927 ree
878 3877 968 3940 prinu]
987 3884 1009 3927 ri
1025 3885 1088 3928 nulla
1104 3883 1134 3928 R.
1152 3884 1182 3928 P.
1234 3900 1251 3918 -·

49 3967 71 3999 Μ
86 3956 192 4024 (cauas)
211 3964 240 4011 P.
260 3989 294 4003 -
313 3967 338 4010 in
353 3961 406 4027 illu]
430 3967 454 4009 iu
474 3967 525 4023 ipsa
545 3965 596 4012 Eri.
609 3991 639 4003 -
658 3964 812 4027 quaraobrem]
834 3980 903 4024 quare
920 3965 950 4011 P.

103 4067 166 4129 582.
189 4075 262 4119 dicore
284 4072 410 4135 quisquam]
433 4073 483 4121 Eri.
506 4076 624 4133 quisquam
644 4076 718 4119 dicere
738 4073 767 4119 P.
792 4073 862 4121 Bern.
882 4075 937 4121 Em.
958 4100 990 4112 -
1010 4078 1040 4120 ad
1059 4046 1182 4121 tutandam

51 4153 135 4199 tmuium
150 4158 291 4221 memoriam]
307 4159 358 4207 ms.
377 4158 483 4220 (Lamb.)
498 4162 616 4204 adulante
630 4162 739 4205 memoria
758 4154 857 4204 uranium
874 4159 965 4205 blauut.
978 4166 1024 4206 tac.
1042 4161 1113 4206 Torr.
1125 4160 1179 4211 Em.

53 4254 233 4280 *Q—

106 4339 169 4401 lfll.
193 4362 231 4393 reo
252 4351 279 4395 rte
299 4351 402 4407 pecuniis
426 4344 566 4412 repetundis}
590 4363 632 4395 reo
654 4364 677 4395 a.
695 4364 718 4395 u.
737 4363 757 4395 c.
775 4349 833 4395 689.
857 4362 889 4394 ex
911 4324 1022 4403 dfrica,⁰
1043 4363 1113 4409 quam
1134 4364 1180 4409 pro

54 4429 151 4473 tractore
166 4428 299 4480 obtinuerat
316 4439 389 4496 atque
406 4432 568 4481 incredibilem
584 4434 608 4482 iu
625 4436 722 4482 modum
739 4441 849 4481 vexarat.
1135 4436 1138 4443 ‘
