2850 4759
194 261 423 339 ACCUSAT·
449 267 499 338 IN
523 269 560 338 C.
582 264 774 340 VERREM
792 265 875 342 Llss.
893 273 952 356 IV,
974 295 1003 345 c.
1022 270 1073 343 tt.
1187 280 1226 344 st

48 427 143 495 aedes
164 425 297 495 sacras.
352 425 487 495 Etenim
508 428 574 496 iste
600 430 781 511 Agrigenti
809 433 929 508 (credo
951 448 1091 518 propter
1112 437 1227 505 multi·

47 531 194 600 tudinem
218 527 354 596 illorum
377 527 553 598 bominum
574 542 675 614 atque
695 534 856 601 virtutem
879 548 913 602 ct
933 533 1137 619 qnod'circs
1160 542 1226 607 llo·

46 632 147 709 rnaui,
168 630 234 697 viri
257 629 369 696 fortes
387 642 489 714 atque
508 630 660 711 honesti,
682 635 842 715 permulti
862 638 897 704 in
922 637 979 707 illo
999 640 1125 722 oppido
1143 661 1224 708 con·

46 733 255 800 iunctissime
284 732 397 800 auimo
422 755 501 802 curn
523 734 606 818 ipsis
634 737 867 816 Agrigentinis
894 741 1015 809 vivunt
1031 745 1072 808 ic
1093 744 1226 823 negoti·

51 838 161 912 antnr)
188 855 255 903 nou
277 836 424 902 audebat
444 834 555 917 palarn
579 855 724 920 poscere
749 852 809 906 aut
834 827 972 918 tollere,
1003 862 1090 926 qrrac
1113 845 1226 928 place·

49 939 138 1007 bant.
177 936 334 1005 Herculis
361 938 526 1022 templum
553 950 607 1006 cst
627 940 716 1022 apud
743 944 1007 1026 Agrigentinos,
1028 959 1098 1012 non
1122 944 1224 1027 longe
1244 944 1284 1008 94

50 1040 178 1115 asoro,
209 1060 292 1107 serre
320 1052 488 1107 sanetum·
506 1041 597 1123 apud
621 1041 697 1110 illos
720 1056 754 1110 et
778 1043 989 1126 religiosum.
1029 1049 1077 1115 lbi
1099 1060 1152 1115 cst
1180 1069 1225 1116 ex

47 1157 118 1205 aere
146 1141 371 1208 simulacrum
397 1144 503 1225 ipsius
534 1143 709 1231 Herculis,
752 1167 819 1230 quo
847 1171 917 1217 non
951 1147 1051 1216 facilc
1079 1148 1225 1218 dixerim

47 1245 224 1328 quiequam
253 1263 307 1310 ine
338 1243 466 1311 vidisse
490 1243 684 1327 pulchrius,
714 1250 870 1326 (tametsi
891 1272 960 1317 uon
986 1262 1053 1317 tarn
1077 1251 1224 1321 nudturu

46 1345 173 1413 inistis
195 1345 296 1412 rebus
315 1344 482 1429 intelligo,
504 1368 604 1428 quarn
625 1347 733 1415 multa
750 1349 853 1428 vidi),
875 1372 983 1435 usquc
1002 1374 1059 1425 co.
1082 1353 1224 1434 iudices,

46 1462 80 1513 ut
98 1446 226 1513 rictum
251 1448 324 1515 eius
346 1469 386 1515 ac
408 1460 560 1515 mentum
586 1450 688 1532 paulo
709 1453 750 1518 sit
773 1453 940 1538 attritins,
972 1452 1064 1535 qnod
1087 1453 1121 1521 in
1145 1477 1225 1538 pre-

46 1549 135 1615 cibus
156 1561 191 1614 et
209 1546 496 1628 gratulationibus
513 1574 582 1618 non
601 1551 714 1620 sotum
735 1553 768 1620 id
787 1554 961 1629 venerari,
983 1576 1103 1622 verum
1122 1559 1224 1624 etiarn

47 1649 190 1744 osculari
212 1647 335 1718 solent.
376 1652 432 1718 Ad
454 1652 518 1719 boc
542 1654 723 1737 templum,
746 1661 823 1722 'curn
842 1667 933 1723 esset
949 1656 1013 1723 iste
1030 1657 1223 1736 Agrigenti,

46 1747 127 1820 doce
152 1747 390 1830 Timarchide,
414 1767 571 1837 repente,
594 1768 696 1825 nocte
726 1758 946 1840 intempesta,
969 1778 1149 1826 seruorum
1172 1780 1226 1823 ar·
1314 1823 1316 1826 .

44 1867 212 1925 matorum
238 1856 279 1922 fit
298 1871 488 1925 concursus
513 1871 614 1942 atque
642 1860 800 1941 impetus.
843 1857 986 1925 Clamor
1017 1880 1037 1926 a
1064 1858 1224 1939 vigilibus

44 1956 177 2039 fanique
197 1956 396 2024 custodibus
421 1957 570 2026 tollitur:
592 1963 648 2042 qui
673 1962 784 2042 prirno
807 1982 886 2026 cum
908 1961 1074 2028 obsistere
1101 1982 1142 2026 ac
1168 1962 1226 2026 dc-

45 2058 179 2125 icndere
208 2072 432 2137 conarentur,
464 2061 552 2128 male
577 2060 717 2127 rnrrlcati
742 2061 847 2128 clatris
877 2082 917 2127 ao
941 2062 1089 2130 fustibus
1114 2060 1226 2144 repel-

43 2156 171 2226 luuturr
209 2162 336 2228 Postea
357 2161 531 2229 convolsis
550 2161 721 2244 repagulis
740 2163 956 2243 effractisque
980 2162 1086 2230 valvis
1107 2161 1224 2229 demo·

44 2259 99 2324 liri
127 2263 256 2340 siguum
290 2283 332 2330 ac
360 2262 756 2330 vectibus'labefactare
788 2274 968 2331 conantur.
1010 2266 1146 2328 Interea
1181 2284 1226 2329 cx

43 2359 191 2431 clamore
208 2365 301 2431 Arina
321 2376 393 2433 tota
415 2366 500 2432 urbe
522 2365 735 2446 percrebruit
760 2364 950 2446 expugnari
973 2362 1054 2429 ‹lcos
1080 2363 1223 2445 patrios.

42 2484 110 2529 nou
131 2464 282 2533 hostiurn
302 2466 451 2534 adventu
472 2467 675 2547 necopinato
690 2486 801 2550 neque
815 2466 994 2549 repentino
1010 2464 1223 2560 praedonum

41 2566 187 2649 inipetu,
220 2567 281 2635 sed
307 2589 351 2635 ex
378 2568 483 2636 donro
505 2580 606 2649 atque
639 2588 682 2633 ex
710 2567 853 2635 cohorte
886 2569 1058 2650 praetoria
1086 2588 1222 2635 ruannrn

42 2666 266 2746 fugitivorum
297 2671 501 2738 instructanr
530 2681 766 2751 armatamque
793 2671 939 2737 venisse.
982 2670 1094 2738 Nenro
1122 2672 1223 2751 Agri·
1243 2676 1283 2741 95

45 2771 270 2852 gentiamque
297 2783 408 2837 aetate
437 2784 505 2836 tarn
533 2770 656 2835 affecta
684 2777 795 2852 ireque
818 2772 948 2838 viribus
978 2783 1046 2838 tum
1079 2772 1222 2838 infirmis

42 2872 122 2957 fuit,
145 2874 201 2955 qrri
223 2895 291 2938 uon
310 2871 365 2938 illa
383 2886 482 2937 nocte
504 2893 545 2937 eo
565 2872 682 2938 nuntio
705 2873 877 2942 excitatus
896 2873 1085 2938 srurcxcrit
1103 2872 1224 2937 telum·

42 2995 123 3054 qrse,
157 2974 248 3057 quod
275 2975 396 3056 cuique
426 2975 499 3041 fors
526 2974 709 3051 offerebat,
749 2974 940 3054 arripuerit.
981 2977 1099 3055 ltaque
1130 2973 1221 3037 breri

43 3087 200 3158 ternpore
216 3075 260 3142 ad
273 3078 391 3142 isurun
407 3097 452 3142 ex
469 3077 553 3142 urbe
571 3087 639 3141 tota
657 3076 887 3141 concurritur.
929 3074 1060 3160 lloram
1078 3072 1222 3155 amplius

41 3237 234 3251 *-
256 3239 258 3246 r

109 3355 178 3417 594.
196 3355 293 3413 rictam]
318 3352 490 3414 Antiquiorern
511 3352 574 3396 banc
598 3352 718 3405 formam,
748 3354 774 3394 nt
791 3354 846 3393 eunt
863 3346 932 3394 huius
948 3344 1044 3408 generis
1061 3349 1179 3396 nonnulla
1196 3351 1221 3397 iu

39 3431 163 3492 verrinis,
180 3450 229 3496 pro
247 3425 322 3480 rictus
338 3434 412 3493 Sgall.
430 3432 454 3478 b.
473 3434 490 3478 l.
508 3433 620 3491 agnoscit
639 3433 713 3478 etiarn
731 3432 832 3478 Nonius.
851 3456 884 3470 -
910 3432 1034 3486 „Mentem
1052 3433 1180 3492 attingitur
1195 3433 1220 3478 iu

37 3519 274 3579 supplicationibuss
302 3518 424 3564 Homerus
442 3515 514 3561 Iliad.
535 3516 562 3572 1,
581 3516 640 3561 501.
665 3512 775 3580 δεξιτερῇ
797 3506 863 3581 e’dp’
888 3506 933 3564 ὑπ’
947 3506 1110 3582 ἀνθερεῶνος
1129 3509 1221 3564 ilai-”arr

30 3602 175 3667 decooperta
198 3604 359 3667 προσέειπεν,
384 3606 408 3646 et
426 3598 519 3645 Plinius
540 3599 584 3655 ll,
602 3597 644 3644 45.
674 3600 747 3644 docet
770 3598 794 3644 in
819 3603 901 3644 vetere
918 3597 1025 3643 Graecia
1042 3598 1116 3645 moris
1133 3599 1220 3665 fuisse3

37 3686 130 3731 osenia
150 3687 258 3732 feruntur
278 3687 303 3732 in
325 3686 460 3744 gratiarum
479 3682 629 3738 actionibus,
646 3694 711 3743 quae
729 3685 783 3725 sunt
799 3680 969 3736 gratulationes
986 3679 1088 3739 proprie
1106 3681 1219 3725 advorsus

38 3766 116 3820 eleoss
140 3780 194 3811 narn
211 3767 252 3814 nbi
270 3767 344 3813 alicui
361 3767 455 3813 homini
472 3768 636 3827 gratulamur,
654 3765 699 3810 diis
717 3761 810 3822 gratias
827 3761 920 3819 agimus
938 3761 1003 3807 illins
1020 3761 1130 3818 nominc,
1157 3762 1219 3807 unde

38 3846 139 3889 domum
156 3859 219 3893 nuru
236 3847 381 3906 significatio
394 3847 494 3901 existit,
515 3847 689 3901 Gtrtctrsunsclr,
706 3842 752 3894 τοῦ
767 3843 947 3909 συγχαίροντος
961 3844 1017 3895 arrd.
1054 3845 1148 3890 Moneo
1160 3858 1219 3903 pro·

36 3937 98 3985 pter
119 3929 236 3987 Lipsinru,
259 3933 307 3992 qui,
318 3932 365 3978 hoc
384 3932 442 3977 loco
460 3932 532 3978 scribi
550 3932 684 3992 aliquando
700 3927 872 3986 grutalioru'bas
890 3927 987 3981 maluit,
1005 3926 1130 3973 Ciceronis
1148 3940 1219 3985 pror·

36 4025 79 4056 sus
99 4012 220 4059 oblitus.“
237 4016 264 4059 Z.
288 4040 318 4050 -
336 4015 508 4075 fugitivorum]
526 4029 651 4063 servorum
668 4020 719 4059 tarn
736 4024 840 4070 nequam
858 4024 931 4070 quarn
947 4012 1029 4056 solent
1045 4023 1097 4055 esse
1114 4008 1217 4068 fugitivi.

56 4151 60 4155 -
113 4118 183 4178 §es
199 4120 307 4182 epis-mn]
326 4123 378 4169 Etsi
403 4124 465 4183 Reg.
483 4124 542 4184 (nou
561 4119 642 4180 Leid.)
667 4122 742 4168 babet
759 4120 877 4177 infirmas,
903 4136 951 4181 qua
976 4121 1031 4165 lect.
1050 4116 1141 4164 variari
1159 4129 1218 4161 eon·

37 4201 149 4247 structio
169 4204 276 4262 ridetur,
304 4205 390 4251 retinui
415 4211 495 4252 tamen
519 4206 633 4264 infirmis,
666 4208 693 4251 ut
713 4206 738 4252 in
761 4204 849 4280 Milon.
872 4203 943 4265 594.
961 4216 1057 4262 quorum
1075 4197 1136 4243 sires
1152 4197 1218 4242 aaut

36 4286 141 4330 debila.
152 4310 182 4325 -·
198 4286 290 4360 beram]
309 4289 370 4348 Reg.
388 4288 456 4335 Leia.
473 4290 533 4334 lrora
550 4290 626 4358 Sgall.
644 4290 671 4335 Z.
