2850 4759
255 266 423 337 ousrro
444 269 505 335 111.
531 263 580 336 ru
603 267 876 345 cautinum,
897 290 927 342 ο.
949 269 980 335 s.
1150 219 1213 340 aar

61 428 175 511 gratiae
199 428 310 497 verbis
337 427 552 512 amplissimis
587 440 753 510 aguntur,
788 428 878 512 quod
910 430 1036 497 virtute
1069 432 1211 504 consilio

58 533 256 616 providentia
286 554 360 601 mea
387 554 442 601 res
467 533 600 616 publiea
628 535 786 601 anaximis
811 531 968 615 periculis
989 535 1033 602 sit
1053 533 1213 618 liberam

57 636 164 703 deinde
184 637 221 704 L.
243 635 383 706 Flaccus
404 649 440 703 et
459 638 498 708 C.
516 638 735 720 Pornptinus,
761 649 951 720 praetores,
979 639 1067 720 quod
1090 660 1211 712 eorum

60 762 150 823 opera
168 743 249 808 forti
274 741 429 826 fidelique
450 763 537 809 usus
555 761 686 819 essem,
714 742 835 808 merito
858 761 898 807 ac
918 742 991 807 iure
1016 740 1211 811 laudantur:

59 857 150 927 atque
167 846 268 912 etiam
290 847 363 913 viro
384 846 484 923 forti,
507 844 657 926 collegae
678 866 774 933 meo,
795 844 869 912 laus
890 846 1099 927 impertitur,
1121 847 1211 931 quod

57 970 123 1027 eos,
153 951 208 1033 qui
237 948 337 1016 huius
364 949 608 1017 coniurationis
634 951 816 1033 participes
843 949 1006 1041 fuissent,
1026 973 1056 1018 >a
1084 954 1154 1020 suis
1176 964 1212 1020 et

56 1052 270 1134 reipublicae
296 1051 452 1120 consiliis
467 1054 679 1122 removisset.
720 1058 832 1134 Atque
851 1056 898 1121 ita
919 1067 1141 1134 censuerunt,
1172 1069 1212 1124 ut
1248 1083 1250 1088 ⁴

56 1155 86 1223 P.
102 1155 278 1236 Lentulus,
306 1179 384 1223 cnm
407 1176 444 1223 se
464 1156 851 1239 praeturaabdieasset‚
878 1159 912 1225 in
933 1158 1123 1228 custodiam
1145 1172 1212 1227 tra·

55 1257 194 1326 deretur:
227 1272 329 1344 atque
354 1259 444 1327 idom
473 1258 540 1329 hoc
567 1260 742 1329 decretum
765 1262 871 1329 estin
891 1263 929 1331 Ι..
951 1264 1123 1342 Cassium,
1153 1266 1211 1348 qui

57 1383 237 1400 ι--μ

56 1467 124 1518 dasta.
139 1469 168 1516 Τ.
184 1474 232 1518 tarn
250 1472 275 1515 tn
292 1474 348 1516 cust.
366 1470 397 1515 ll.
413 1469 473 1515 Era.
488 1492 523 1506 -
539 1482 586 1514 essa
603 1469 713 1535 Mlutarn
728 1470 840 1531 li.-er
851 1470 887 1516 liis
899 1470 1013 1527 rotoma,
1027 1486 1084 1534 quus
1094 1471 1212 1521 ΤΗΙ).-

60 1554 82 1607 0.
95 1556 195 1624 Mallium
216 1556 258 1603 cn.
275 1554 305 1604 T.
326 1556 356 1610 Q.
371 1554 477 1613 Magium
497 1554 538 1600 cn.
556 1553 657 1613 Sylvius.

57 1661 233 1679 ——uu—

59 1761 98 1796 non
114 1752 189 1797 solum
207 1748 331 1797 conscium
354 1746 543 1801 coniurationis,
573 1747 614 1793 sed
632 1745 705 1793 etiam
722 1746 814 1794 socium
831 1748 968 1796 iudicasset.
1002 1749 1135 1816 Praetores
1151 1725 1212 1808 ioco

57 1832 93 1880 illo
115 1827 239 1896 diligenter
262 1836 328 1881 lecto
351 1839 375 1880 et
400 1833 534 1892 explorato
558 1845 606 1877 non
630 1831 722 1890 poterit
740 1832 857 1890 dubitari,
887 1833 942 1894 quin
961 1834 1083 1893 praesenti
1100 1836 1211 1883 videatur

57 1919 99 1966 laus
116 1920 254 1981 impertitas
269 1920 292 1966 in
313 1932 362 1981 quo
385 1918 460 1964 minus
482 1916 586 1963 aliorum
609 1916 923 1964 consentiunt-testimonis.
958 1918 1022 1963 Naar
1046 1910 1141 1968 ridetur'
1159 1920 1211 1969 'illo

57 2009 152 2065 tenpore
173 2006 254 2067 (eirca
278 2004 364 2050 Nonas
387 2002 526 2062 Decernite.)
550 2000 600 2050 iau
626 2000 685 2047 urbo
707 2001 788 2049 exisse
808 2001 930 2048 Catilinae
949 2004 1211 2063 persequendi'nausa.

56 2086 101 2149 Ego
121 2106 176 2138 vero
196 2092 216 2139 si
245 2090 397 2151 aliquatenus
420 2100 555 2133 sermonem
575 2085 818 2147 consuetudinemque
836 2085 960 2146 Cicerpnis
982 2089 1113 2147 perspexi,
1138 2092 1211 2140 uehe-

57 2178 133 2219 menter
155 2175 178 2220 iu
202 2173 252 2221 illis
273 2173 351 2222 verbis
370 2186 420 2220 uon
436 2171 507 2231 potui
529 2183 577 2216 nou
602 2169 699 2215 offendi.
733 2170 782 2215 Hic
803 2169 865 2216 enim
888 2184 937 2216 nou
957 2172 1020 2217 solet
1042 2187 1098 2228 eos,
1126 2176 1211 2237 quibus

57 2255 165 2303 orationes
183 2257 274 2312 edidit,
303 2257 333 2301 de
348 2254 377 2301 iis
399 2253 467 2300 rebus
488 2253 581 2309 celare,
610 2268 670 2315 quas
689 2252 751 2300 scire
769 2255 868 2300 mullum
888 2253 994 2300 interest.
1030 2255 1132 2303 Multum
1150 2242 1211 2308 vero

57 2337 148 2387 interluit
159 2341 234 2398 scire,
254 2338 423 2400 praesentiam
438 2337 531 2383 absenti
549 2336 658 2385 Antonio
675 2338 767 2399 gratim
782 2338 859 2398 egerit
871 2344 974 2385 senatus.
1009 2326 1096 2401 ltaq'ue
1109 2346 1212 2402 collegae

57 2413 220 2482 neolpraosmi
242 2428 286 2471 aut
301 2422 497 2470 alsmtiCicero
514 2421 654 2482 scripsisset.
689 2424 761 2477 Quod
781 2436 828 2483 ego
855 2437 887 2470 eu
910 2424 1074 2472 neamenim
1098 2428 1211 2489 requiro,

57 2521 97 2568 quo
107 2510 146 2557 illo
162 2510 302 2576 Quartino
319 2521 416 2569 seraper
427 2506 547 2555 desiderio
565 2509 682 2556 lectorum
698 2501 824 2555 mtisfecit.
857 2509 970 2571 Denique
979 2492 1116 2571 sigenuiua
1127 2513 1212 2562 orado

57 2593 128 2649 teria,
143 2610 184 2642 cur
200 2610 266 2658 quae
282 2594 307 2642 iu
326 2609 357 2640 ea
376 2592 514 2653 composita
524 2597 578 2639 suut
593 2593 718 2653 pericula,
736 2600 824 2655 quartu
838 2609 918 2644 rursus
932 2594 1116 2664 citanturif‘7-
1125 2597 1211 2656 coep«.

56 2677 114 2741 mum]
133 2661 257 2738 Caeparius
278 2679 465 2731 Tarracinensis,
488 2678 528 2736 qui
548 2679 572 2721 in
588 2678 700 2734 Apuliam
717 2680 748 2723 ad
765 2679 900 2724 concitanda
916 2682 1010 2725 ceruina
1026 2682 1145 2740 proficisci
1166 2698 1212 2740 ps.

58 2763 114 2808 radat
127 2788 138 2799 ·
152 2789 164 2801 ·
181 2766 277 2824 cognito
293 2764 380 2808 indicio
397 2775 428 2807 ea
443 2763 498 2807 urie
510 2762 658 2821 profugerat.
694 2760 784 2807 Salust.
801 2774 822 2806 c.
835 2760 891 2806 su:
916 2762 1143 2819 Potentissimis,
1161 2753 1213 2810 eum

54 2848 108 2901 prius
126 2863 200 2896 omnes
219 2852 288 2907 signa
304 2861 345 2893 sua
361 2850 557 2905 recognovissent,
576 2848 670 2892 &natu
689 2847 804 2899 deceruit,
827 2847 861 2889 uti
876 2846 982 2891 abdicato
996 2849 1135 2904 magistratu
1150 2850 1212 2893 Les-

56 2933 106 2977 talue
124 2936 218 2993 itemque
248 2935 317 2979 reteri
341 2935 366 2978 iu
390 2933 469 2978 liberis
491 2931 600 2976 cumdiis
622 2931 670 2991 (sir,-
690 2921 806 2995 ἄδεσμον
827 2924 942 2995 φυλακήν
958 2930 1024 2979 Plut.
1044 2932 1096 2979 cte.
1117 2948 1139 2979 c.
1160 2931 1212 2993 19.)

56 3014 171 3064 uiuum.
206 3019 289 3077 itaque
303 3018 414 3064 Lentulus
429 3016 527 3062 Lentulo
541 3016 673 3073 Spintheri,
690 3018 730 3074 qui
738 3055 739 3058 ,
749 3020 796 3060 tum
813 3017 895 3060 aedilis
907 3020 971 3070 erat,
990 3017 1097 3076 Cetiegm
1112 3020 1139 3073 Q.
1155 3019 1212 3065 Cor-

57 3100 134 3157 nificio,
158 3105 263 3149 Statilius
289 3103 313 3148 C.
338 3103 444 3155 Caesari,
474 3101 585 3146 Gabinius
605 3100 639 3145 Μ.
663 3099 759 3153 Crasso,
789 3100 912 3156 Caeparius
936 3102 1001 3160 (nam
1020 3103 1040 3145 is
1056 3101 1140 3159 paullo
1159 3108 1212 3148 anta

56 3196 80 3225 m
87 3184 143 3243 suga
158 3191 271 3233 remaclus
287 3185 354 3243 erat}
368 3185 407 3231 Cn.
426 3185 532 3230 Terentio
552 3183 653 3228 senatori
672 3181 808 3236 traduntur3
825 3186 849 3227 et
862 3194 884 3227 c.
899 3181 941 3228 50.
961 3183 1051 3228 Silanus
1067 3184 1094 3228 de
1112 3185 1156 3240 iis,
1173 3186 1213 3245 qui

56 3266 191 3318 incustodita
207 3271 355 3325 tenebantur,
376 3274 495 3327 praeterea
513 3269 541 3314 de
557 3268 587 3313 Io.
608 3266 701 3319 Canio,
719 3266 750 3311 Ρ.
769 3265 853 3321 ilario,
871 3268 902 3312 P.
923 3266 1049 3323 Unireno,
1076 3269 1104 3323 Q.
1118 3270 1212 3326 Annio,

57 3353 74 3394 ’ἱ
88 3353 212 3411 deprenemt
236 3355 335 3415 forent,
361 3355 499 3412 supplicium
522 3352 652 3397 sumendum
678 3352 785 3397 decreuit.
829 3352 856 3406 Q.
875 3357 949 3397 autem
968 3352 1070 3398 Anniam
1093 3361 1212 3402 memorat

58 3433 156 3487 tuosius
176 3456 197 3488 c.
217 3442 256 3487 17.
273 3440 336 3487 inter
352 3438 460 3486 homiues
480 3426 596 3488 senatorii
621 3434 725 3492 ordinis,
745 3442 897 3497 quapropter
913 3436 1036 3493 Manutius
1053 3439 1114 3486 haee
1135 3454 1212 3487 anno·

58 3522 120 3569 terit:
145 3527 173 3579 Q.
192 3527 299 3583 Magium
326 3529 403 3586 (quae
417 3522 502 3582 ‘Sylvii
524 3521 569 3568 luit
593 3520 732 3567 coniectura
756 3520 877 3570 rhetorem
900 3521 981 3580 potius
1005 3538 1078 3585 quam
1100 3524 1212 3573 librarios

59 3591 194 3669 tertigenas)
231 3608 358 3671 Chilonem]
381 3608 496 3655 Salustius
517 3606 590 3667 (ais)
618 3607 646 3661 Q.
666 3607 769 3653 Annium
790 3613 875 3654 uocat:
899 3622 948 3669 ego
964 3611 1069 3668 Magium
1090 3618 1117 3657 ut
1134 3612 1212 3673 magis

59 3688 145 3742 probem
164 3691 315 3752 cognomine,
332 3690 442 3740 Chilonis
458 3691 575 3738 adducor.
591 3690 642 3736 Cir.
659 3689 794 3750 Sulpicium
812 3693 845 3740 ad
863 3693 935 3740 Fam.
951 3693 983 3748 4,
1003 3694 1063 3740 12.“
1078 3718 1114 3730 -
1132 3709 1212 3740 nouem

58 3770 169 3835 lominum]
188 3775 240 3821 Sal.
256 3791 278 3822 c.
296 3776 338 3822 55.
356 3776 386 3820 In
407 3775 539 3820 Tullianum
556 3779 680 3834 postquam
700 3775 810 3820 demissus
825 3780 859 3821 est
876 3778 998 3836 Mutatus,
1016 3778 1116 3823 uindices
1134 3794 1212 3824 rerum

58 3858 189 3914 captationi,
214 3861 295 3919 quilius
317 3864 465 3918 praeceptum
491 3863 554 3910 erat,
579 3861 659 3917 laqueo
681 3862 760 3916 gulam
770 3858 876 3918 fregere.
910 3861 947 3905 De
968 3844 1079 3920 Cethego,
1105 3863 1211 3916 Statilio,

61 3936 160 3996 Gabinio,
189 3944 301 4001 Caepario
321 3946 399 3989 eodem
422 3944 492 3988 morlo
518 3945 656 4000 supplicium
680 3945 793 3999 sumptum
813 3946 852 3987 est.
874 3956 921 4001 pro
941 3943 1010 3989 Sulla
1033 3943 1080 3997 lt,
1097 3943 1138 3989 33.
1155 3946 1212 3988 meis

59 4026 159 4080 comdiis,
175 4030 232 4073 meis
246 4028 378 4082 laboribus,
394 4030 439 4073 mei
460 4029 543 4085 rapitis
557 4028 682 4084 periculis,
699 4027 747 4069 aine
762 4027 872 4079 tumultu,
890 4027 938 4070 sirie
952 4029 1052 4080 delectu,
1069 4029 1117 4071 sine
1130 4029 1210 4078 armis,

60 4106 100 4148 sine
122 4113 219 4156 eaereim
243 4114 373 4171 quinque
401 4112 530 4157 nominihus
553 4111 722 4167 comprehensis
747 4113 813 4168 atque
836 4109 947 4169 rorp‘ossis
973 4113 1100 4155 incensione
1120 4112 1209 4162 urbern,

56 4188 195 4242 ‚tttmirione
215 4197 288 4251 ciues,
306 4198 411 4243 metitate
431 4197 542 4249 Iuliam,
559 4196 653 4247 murdre
676 4208 725 4239 rem
740 4193 859 4251 pullicum
879 4195 983 4240 literani.
1017 4193 1080 4246 Quid
1096 4179 1210 4252 quattuor

62 4272 146 4334 reliqua
160 4285 246 4337 postes
262 4280 353 4328 lactum
364 4280 409 4342 sit,
428 4280 574 4340 ἰςῐιοηωιιι.
608 4278 672 4324 Nam
683 4277 757 4324 etiarn
768 4277 791 4323 iu
804 4277 920 4323 Sullanae
933 4292 955 4323 c.
969 4277 1023 4334 ta,
1041 4275 1122 4331 nii'ts.
1132 4272 1208 4319 Cassii

63 4354 152 4419 longini
164 4364 256 4413 montio
271 4367 313 4424 lit,
339 4379 370 4414 aa
385 4366 460 4413 norbo
477 4364 572 4427 qudem
592 4362 643 4412 eius
661 4362 742 4410 exitus
759 4360 913 4422 significuus.
942 4405 944 4410 .
