2850 4759
231 289 402 359 ORATIO
429 288 679 359 PHILIPPICA
702 295 803 357 XIV.
812 340 824 378 ‚
848 315 876 361 c.
897 298 917 359 6
939 309 972 363 ct
993 301 1023 364 7.
1159 304 1217 366 421

20 451 62 517 ris
85 448 186 523 mela
222 446 416 513 contionem
439 446 554 516 habuit
575 450 760 516 maximam
782 450 910 532 populo
932 455 1087 522 Romano
1110 476 1216 525 unum

20 564 124 631 atque
149 547 246 614 idem
268 549 445 614 sentiente.
492 549 532 615 ln
553 572 617 631 qua
639 552 800 617 contione
822 573 900 619 cuni
922 575 976 619 me
997 577 1060 636 pro
1081 577 1218 624 eurmna

20 663 146 716 trustra
182 649 424 716 coniunctione
452 660 486 714 et
512 649 745 717 familiaritate
774 650 919 719 liberare
945 657 1140 736 suspicione
1167 660 1217 724 fa·

20 752 133 819 scium
160 747 287 828 vellet,
316 771 382 816 una
404 771 491 817 voce
512 763 635 820 cuncta
657 753 769 820 contio
791 753 978 821 declaravit
997 755 1079 823 nihil
1100 779 1217 827 essee

20 871 257 932 nie-unquam
280 849 321 917 de
343 871 380 917 re
400 851 536 933 publica
556 854 620 920 nisi
642 855 771 934 optime
791 855 991 935 cogitatum.
1030 859 1114 925 Post
1128 860 1216 928 hane

20 950 178 1018 habitam
209 953 404 1020 contionem
431 952 562 1021 duabus
589 955 740 1022 tribusve
768 955 861 1023 horis
883 960 1086 1040 optatissimi
1107 962 1216 1028 nuntii

20 1066 50 1118 et
74 1053 221 1120 litterae
243 1067 431 1133 venerunt,
452 1066 490 1120 ut
510 1054 600 1122 idem
622 1055 693 1123 dies
714 1079 785 1124 non
806 1057 910 1126 modo
932 1079 988 1126 me
1005 1061 1217 1141 iniquissima

19 1155 152 1222 invidia
175 1155 346 1232 liberarit,
376 1155 438 1224 sed
465 1156 565 1223 etlam
588 1155 808 1259 celeberrima
831 1159 949 1242 populi
970 1162 1114 1229 Romani
1135 1184 1215 1243 gra-

20 1257 195 1325 tulatione
217 1259 362 1331 auxerit,
1195 1330 1201 1338 ,

98 1359 201 1426 Haec
225 1360 434 1439 interposui,
460 1359 580 1427 Patres
602 1363 804 1444 conscripti,
833 1386 902 1431 non
925 1377 993 1431 tam
1015 1377 1054 1431 ut
1074 1387 1137 1446 pro
1160 1387 1214 1436 me
1234 1381 1273 1443 17

22 1459 176 1527 dicercrn
198 1458 304 1538 (orale
324 1462 415 1527 enim
436 1480 571 1528 mecum
590 1474 772 1543 ageretur,
793 1464 822 1531 si
844 1472 964 1545 parum
986 1466 1081 1533 vobis
1102 1486 1213 1535 essem

24 1561 94 1627 sine
124 1561 329 1628 defensione
355 1564 554 1647 purgatus),
587 1583 688 1646 qnam
716 1576 755 1629 ut
782 1563 948 1646 quosdam
978 1567 1078 1632 nimis
1099 1567 1212 1635 ieiuno

24 1663 138 1729 animo
163 1674 199 1728 et
221 1673 366 1742 angusto
389 1682 583 1739 monerem,
613 1661 648 1728 id
669 1662 762 1746 quod
788 1684 925 1745 semper
946 1666 1019 1746 ipsc
1040 1666 1213 1744 fecissem,

25 1760 347 1851 utizeatcellcrrtinm
377 1763 503 1829 civium
535 1765 698 1830 virtutem
731 1766 920 1832 imitatione
951 1767 1110 1846 dignam,
1142 1789 1214 1835 non

26 1861 149 1929 invidia
174 1874 347 1944 putarent.
395 1864 544 1943 Magnus
567 1877 618 1931 cst
639 1866 672 1931 in
692 1864 887 1947 republica
908 1887 1068 1953 campus,
1103 1879 1142 1933 ut
1161 1888 1214 1936 sa·

29 1962 158 2041 pienter
191 1964 306 2032 dicere
338 1966 482 2033 Crassus
514 1961 664 2043 solebat,
698 1966 814 2034 multis
846 1978 983 2048 apertus
1016 1989 1145 2041 cursus,
1170 1969 1213 2039 ad

29 2058 177 2131 laudem.

101 2168 186 2231 VII.
230 2166 368 2235 Utluam
390 2168 526 2250 quidem
548 2165 595 2231 illi
614 2167 783 2251 principes
798 2169 971 2246 viverent,
994 2169 1050 2249 qui
1065 2188 1119 2235 me
1133 2180 1213 2249 post

32 2285 139 2333 meum
168 2268 408 2348 consulatum,
439 2290 518 2335 cum
548 2268 588 2334 iis
616 2268 689 2349 ipse
717 2266 892 2347 cederem,
930 2270 1117 2349 principem
1143 2291 1212 2335 uon
1260 2334 1262 2337 ,

32 2364 119 2433 inriti
141 2368 319 2436 videbant!
347 2368 413 2437 hoo
428 2390 510 2437 vcro
527 2380 681 2451 tempore
695 2370 729 2433 in
746 2380 839 2434 tanta
854 2370 966 2451 inopia
979 2370 1211 2437 constantium

34 2477 63 2530 et
86 2469 231 2537 fortium
260 2470 491 2538 consularium
519 2492 586 2552 quo
613 2492 668 2536 me
696 2467 817 2536 dolore
838 2472 922 2537 affici
944 2470 1099 2547 creditis,
1131 2490 1212 2537 cum

35 2564 111 2636 alios
133 2571 224 2637 male
245 2573 391 2651 sentire,
427 2570 511 2639 alios
533 2569 614 2638 nihil
636 2573 776 2641 omnino
798 2592 921 2639 curare
943 2572 1092 2649 videam,
1126 2571 1211 2639 alios

34 2689 145 2745 parum
169 2685 367 2740 constanter
387 2670 421 2740 iu
435 2684 595 2754 suscepta
610 2692 713 2741 causa
727 2694 927 2754 permanere
941 2673 1213 2753 sententiamque

36 2787 124 2839 suam
144 2797 216 2841 non
237 2795 373 2856 semper
395 2774 538 2841 utilitate
559 2776 608 2840 rei
630 2774 805 2855 publicae,
840 2773 900 2839 secl
923 2795 1001 2843 cum
1023 2794 1102 2854 spe,
1139 2784 1211 2837 tum

37 2869 150 2939 timore
171 2874 373 2943 moderant>
419 2875 521 2966 Quod
543 2876 571 2942 si
600 2876 674 2956 quis
697 2873 740 2939 dc
761 2874 980 2940 contentione
1001 2874 1211 2954 principatus
1234 2878 1272 2939 ta

36 2964 174 3053 laborat,
196 2998 283 3058 quac
303 2976 397 3044 nulla
418 2997 493 3044 csse
510 2977 627 3054 debet,
650 2973 852 3042 stultissime
866 2973 964 3048 lacit,
984 2975 1012 3038 si
1029 2975 1118 3038 vitiis
1133 2994 1213 3041 cum

37 3070 152 3142 virtute
174 3077 370 3156 contendit3
392 3089 429 3143 ut
450 3078 540 3142 enim
562 3097 664 3144 cumn
686 3095 827 3155 cursus,
849 3077 899 3140 sie
919 3075 952 3139 in
969 3074 1049 3140 viris
1064 3074 1211 3140 sortibus
1233 3160 1237 3168 ’

38 3170 136 3243 virtus
159 3181 285 3244 virtute
305 3166 499 3260 superatur.
542 3180 618 3254 Tu,
650 3178 679 3245 si
707 3197 772 3255 ego
801 3174 844 3240 tle
870 3174 1060 3256 republica
1083 3175 1212 3255 optime

39 3277 192 3356 sentiam,
214 3291 253 3345 nt
274 3302 328 3347 me
347 3281 482 3359 vincas,
504 3280 576 3373 ipse
597 3279 747 3361 pessime
767 3275 921 3343 senties‘.l
943 3287 1020 3355 aut,
1042 3275 1071 3342 si
1092 3276 1134 3340 ad
1155 3295 1211 3341 me

40 3368 195 3446 bonorum
219 3401 426 3449 concursum
447 3381 520 3447 fieri
543 3379 688 3458 vidcbIs,
711 3376 755 3444 ad
778 3389 809 3443 tc
828 3376 1211 3458 improbosinvitabisP

40 3467 180 3560 Nollem;
210 3484 360 3562 primum
382 3483 431 3549 rei
452 3480 606 3563 publicae
627 3501 749 3559 causa,
772 3477 892 3545 deinde
913 3480 1015 3545 etiam
1037 3478 1209 3555 dignitatis
1300 3550 1306 3561 ¹

42 3564 118 3643 tuac.
160 3582 245 3662 sou,
267 3585 295 3651 si
316 3585 525 3665 principatus
547 3592 723 3662 ageretur,
747 3600 847 3662 quem
861 3602 1033 3661 nunquam
1049 3582 1209 3667 expetivi,

40 3688 219 3715 Ἀ,-

99 3771 110 3832 l
129 3776 166 3823 tt.
184 3777 295 3839 dicerem]
314 3793 378 3838 queo
396 3776 515 3837 Naugerii
533 3775 666 3835 putabatur
683 3774 837 3831 emendatio,
855 3779 927 3820 extat
944 3773 968 3818 in
980 3774 1043 3821 (lod.
1057 3773 1085 3819 B.
1098 3775 1209 3818 ..attae-

43 3849 81 3894 rim
96 3853 168 3905 ΜΝ.
185 3885 220 3899 -
240 3859 346 3921 Crucem]
365 3862 393 3906 L.
412 3850 524 3914 Crassus,
545 3872 648 3905 summus
666 3864 761 3904 orator.
773 3882 806 3896 -
819 3854 987 3920 consolarium]
1000 3859 1032 3903 ad
1043 3858 1112 3903 Pam.
1129 3857 1171 3909 12,
1183 3855 1208 3910 4,

44 3938 136 3994 ‘Ilfglor
152 3947 257 3989 conrates
273 3944 393 3997 dolemus,
410 3945 450 4013 sed
467 3943 613 3999 turpissimos
631 3942 771 3986 consulares.

100 4042 111 4103 I
129 4046 167 4094 te.
185 4050 290 4110 Nollem]
303 4050 379 4096 ABG.
397 4065 445 4109 pro
457 4047 563 4096 Ernestii
584 4049 672 4100 nolim,
689 4048 756 4108 quod
773 4047 797 4091 lt.
816 4048 833 4092 l.
850 4049 951 4106 languet
967 4060 1045 4106 nequo
1061 4043 1119 4089 satis
1136 4042 1209 4100 signi·

45 4114 104 4177 Μ»
119 4125 165 4174 hoc
182 4130 272 4189 iprum,
291 4132 357 4191 quod
376 4129 546 4188 reprehendit,
563 4147 578 4176 a
592 4130 711 4177 nonnullis
729 4129 779 4176 iem
788 4129 948 4177 factumesse.
977 4127 1096 4172 DIcimusr
1114 4124 1208 4168 Nollem

40 4194 133 4262 scotum
154 4215 228 4258 nolim
237 4213 311 4271 steri,
338 4214 403 4274 quod
421 4212 501 4271 ipsum
519 4229 543 4261 v.
561 4212 692 4260 Inculcarit
711 4212 918 4270 Cod..Iluydcc.,
946 4223 1026 4267 equo
1044 4209 1118 4250 nolim
1136 4219 1208 4262 prae·

44 4277 90 4332 l'ulit
104 4287 158 4340 Ero.
175 4319 209 4334 -
225 4297 282 4356 quid
306 4297 397 4342 tandem
421 4298 478 4341 milri
501 4299 559 4341 erret
581 4296 693 4355 optatius]
718 4308 814 4356 „quam
837 4299 863 4338 ut
886 4307 914 4338 ro
937 4305 993 4336 vera
1016 4290 1045 4335 de
1068 4287 1207 4345 prinpretu
