2850 4759
224 278 285 345 396
694 274 931 346 CICERONIS

224 438 371 509 lacerna.
411 437 459 505 At
474 437 574 505 etiam
590 434 737 520 adspicis
752 454 826 523 mc,
848 433 1048 519 etquidem,
1069 434 1266 515 invideris,
1289 438 1387 505 iratus.

222 540 296 609 Nae
324 552 361 607 tu
388 540 455 608 iam
483 561 618 607 mecum
639 539 674 606 in
694 540 840 621 gratiam
863 539 1005 616 redeas,
1036 539 1065 606 si
1085 539 1191 618 scias,
1224 560 1330 621 quam
1347 560 1387 606 mc

222 641 351 726 pudeat
365 642 534 730 nequitiae
549 651 645 717 tuae,
668 639 765 706 cuius
781 639 941 721 teipsum
955 662 1022 707 non
1036 640 1153 722 pudet.
1178 640 1235 707 Ex
1253 643 1385 708 omniun

223 744 381 812 omatibus
407 742 543 825 flagitiis
569 739 702 809 nullum
732 741 866 823 turpius
895 740 984 829 vicli,
1014 734 1146 808 nullum
1167 741 1297 809 audivi.
1335 741 1384 833 Qui

223 847 389 926 magister
409 844 561 927 equitum
581 843 689 912 fuisse
708 842 771 910 tibi
791 842 964 919 viderere,
998 844 1033 911 in
1058 844 1259 927 proximum
1282 844 1384 923 annun

223 947 441 1014 consulatum
462 957 597 1028 peteres
613 944 667 1013 vel
681 945 798 1028 potius
813 966 976 1026 rogarem
996 945 1023 1013 is
1038 966 1100 1028 per
1116 947 1299 1028 municipia
1314 944 1385 1014 colo

215 1048 362 1130 uiasque
383 1045 532 1122 Galliae,
561 1068 595 1114 a
602 1066 667 1130 qua
687 1065 751 1114 nos
772 1056 865 1118 tum,
893 1066 973 1113 cum
995 1046 1193 1115 consulatus
1214 1050 1384 1129 petebatur,

220 1172 292 1218 non
312 1149 519 1230 rogabatur,
546 1159 662 1231 petere
682 1145 901 1217 consulatum
921 1146 1136 1282 solebamus,
1164 1170 1246 1218 cum
1268 1148 1384 1281 Gallicis

222 1256 257 1319 e't
277 1249 414 1319 lacerna
435 1249 633 1318 cucurristi.
755 1264 756 1269 ’

162 1357 202 1425 tt
300 1355 436 1419 XXXI
478 1354 526 1418 At
556 1349 670 1418 videte
699 1349 873 1419 levitatem
905 1350 1065 1423 hominis.
1106 1353 1198 1438 Cum*
1225 1354 1310 1422 hora
1333 1352 1383 1421 diei

221 1452 355 1545 decima
375 1456 448 1525 iere
469 1452 511 1521 ad
526 1452 617 1521 Saxa
636 1452 742 1521 rubra
761 1454 926 1540 venisset,
950 1453 1083 1521 delituit
1101 1454 1137 1521 iu
1158 1454 1305 1537 quadam
1323 1475 1385 1521 oau-

221 1553 349 1641 pouula
371 1568 472 1638 atque
492 1555 537 1622 ibi
558 1574 596 1623 ss
617 1553 796 1624 occultans
817 1558 1010 1638 perpotavit
1031 1554 1073 1622 ad
1095 1576 1297 1638 vesperam3
1324 1556 1382 1623 inde

221 1659 306 1727 cisio
329 1655 486 1725 celeriter
507 1655 550 1725 ad
571 1656 691 1724 urbem
713 1655 893 1736 advectus,
916 1656 1058 1726 donnum
1075 1659 1169 1725 vertit
1183 1660 1296 1741 eapite
1309 1659 1382 1724 imo·

220 1757 309 1826 luto.
350 1756 499 1837 Ianitor,
521 1758 632 1848 „Quis
656 1758 743 1826 tu?“
763 1793 803 1807 -
822 1763 878 1836 ,A
893 1756 1016 1827 Marco
1040 1759 1274 1831 tabellarius.“
1313 1761 1379 1827 coo

220 1860 337 1928 festim
359 1858 515 1943 adeam,
551 1861 647 1927 euius
674 1881 780 1928 causa
806 1870 965 1940 venerat,
999 1862 1096 1943 eique
1126 1859 1307 1944 epistolam
1329 1871 1380 1925 tra·

222 1960 318 2029 didit.
364 1961 480 2052 Quam
502 1982 580 2029 cum
603 1958 662 2027 illa
681 1960 814 2042 legeret
834 1958 919 2031 fleus
941 1962 1144 2042 (eratenim
1166 1965 1295 2045 scripta
1313 1981 1380 2028 amr·

221 2064 329 2144 toris,
343 2074 447 2148 caput
457 2066 572 2129 aulem
585 2061 790 2143 litterarum,
801 2065 864 2133 sibi
881 2087 960 2132 cum
973 2063 1029 2132 illa
1044 2066 1148 2131 mima
1161 2065 1308 2149 posthac
1318 2059 1380 2129 nibil

221 2166 394 2233 futurum:
426 2185 563 2232 ornnem
592 2184 631 2232 se
658 2169 813 2233 amorem
839 2168 1004 2235 abiecisse
1032 2165 1116 2234 illim
1140 2180 1243 2250 atque
1264 2165 1378 2235 iuliane

222 2265 486 2347 transtulissem
519 2287 597 2333 cum
619 2264 743 2333 mulier
764 2265 862 2333 fleret
881 2268 1038 2355 uberius,
1073 2266 1186 2339 homo,
1207 2267 1379 2336 misericors

163 2428 165 2433 ,
221 2370 313 2437 ferre
326 2370 402 2437 ison
424 2368 555 2452 potuit,
576 2379 680 2450 caput
700 2371 850 2450 aperuit,
872 2370 906 2436 in
926 2368 1055 2436 collum
1070 2368 1205 2460 inuasit.
1252 2366 1379 2438 Obomi·

220 2470 300 2539 uem
321 2471 484 2554 nequam!
514 2469 613 2553 (quid
635 2470 725 2537 enim
746 2469 836 2536 aliud
859 2469 997 2561 dicunt
1030 2473 1139 2552 tnagis
1160 2475 1301 2554 proprie
1317 2464 1379 2536 nihil

221 2594 364 2658 possum
395 2569 542 2650 dicerem
573 2592 656 2653 ormo
684 2582 725 2639 ut
753 2582 786 2637 tc
812 2564 1010 2639 catamitum
1020 2610 1038 2653 ,=
1062 2594 1129 2639 nec
1154 2576 1294 2657 opinato
1319 2590 1378 2638 cun

223 2672 450 2759 ostendisses,
471 2684 608 2755 praeter
628 2693 725 2756 spem
746 2673 870 2741 mulier
890 2672 1100 2756 adspiceret,
1132 2673 1264 2752 idcirco
1284 2672 1378 2739 urben

222 2780 357 2842 terrore
382 2786 574 2853 nocturno,
615 2774 748 2841 ltaliam
777 2773 965 2841 multorum
995 2772 1250 2844 dierum'metu
1271 2785 1379 2858 pertur-

161 2885 201 2948 ts
222 2876 336 2946 busti?
375 2876 420 2944 Et
441 2875 532 2944 domi
553 2872 690 2959 quidem
712 2897 850 2945 causam
873 2880 1000 2946 amoris
1022 2877 1156 2955 lrabuit3
1194 2879 1282 2949 foris
1301 2876 1376 2944 etim

221 2981 429 3067 turpiorem,
464 3001 507 3047 ue
533 2979 572 3047 L.
603 2977 753 3047 Plancus
780 2979 925 3060 praedes
946 3000 1029 3048 suos
1050 2978 1228 3048 venderet.
1271 2975 1378 3049 Prolu-

220 3095 297 3151 ctus
319 3093 434 3151 autem
455 3082 491 3149 iu
511 3079 709 3149 contionem
737 3101 758 3148 a
780 3081 915 3149 tribuno
936 3080 1026 3166 plebi
1052 3104 1132 3149 cum
1152 3081 1374 3167 respondisses.

221 3196 254 3251 te
276 3185 326 3251 rei
348 3197 426 3251 tuae
447 3200 551 3251 causa
571 3182 718 3262 venisse,
740 3181 904 3266 populum
926 3185 1027 3251 etiam
1050 3183 1203 3252 dicacem
1223 3187 1262 3253 in
1276 3198 1306 3252 te
1321 3176 1375 3248 red·

220 3284 346 3354 didisti.
387 3282 455 3353 Sed
474 3284 574 3353 nimis
595 3283 705 3352 multa
725 3283 767 3352 de
788 3284 903 3366 nugis.
944 3284 1000 3353 Ad
1022 3286 1153 3356 maiora
1172 3289 1347 3355 veniamus·

222 3427 418 3444 m

288 3510 301 3573 b
319 3513 361 3560 77.
378 3513 441 3559 saar
459 3510 541 3575 rubra]
559 3511 589 3561 In
607 3510 649 3561 vin
660 3510 790 3559 Flaminis
807 3511 870 3561 inter
887 3513 978 3561 Urbem
994 3521 1019 3563 et
1037 3515 1113 3564 Veios
1129 3495 1164 3564 ad
1179 3517 1324 3571 Cremeram,
1345 3507 1372 3555 ὖ

220 3593 361 3643 ceciderunt
379 3597 451 3643 Fabii
469 3596 572 3644 trecenti
588 3610 637 3644 sex
652 3610 677 3643 a.
696 3609 721 3642 u.
738 3608 760 3642 e.
779 3597 838 3644 277.
854 3619 889 3635 -
906 3599 995 3645 melma
1006 3598 1073 3659 fere]
1091 3599 1133 3646 Sic
1151 3600 1246 3647 Gellius
1262 3592 1372 3651 Attiou·

220 3683 246 3741 el
264 3683 312 3727 tres
330 3679 386 3725 mci.
403 3679 459 3740 sere
481 3682 571 3727 decimo
593 3679 675 3727 Vatis.
697 3679 808 3741 Madvig.
825 3704 859 3720 -
882 3682 998 3742 inuoluto]
1016 3683 1122 3740 Gellius,
1151 3690 1202 3730 tres
1219 3684 1274 3742 mei.
1290 3681 1371 3728 oloolsb

217 3761 303 3833 butio.
321 3746 523 3825 sorbonicum.
541 3789 575 3803 -
592 3764 624 3809 od
641 3763 702 3823 eom]
721 3764 842 3825 Fulrinm.
858 3782 893 3802 ι-
910 3766 982 3825 illim]
1001 3782 1015 3813 s
1032 3766 1139 3826 vestigiis
1156 3766 1325 3826 Codddnmb.
1337 3758 1371 3820 (iffi

219 3860 267 3892 sou
286 3845 392 3904 Velie),
410 3847 489 3895 forma
507 3848 532 3894 in
551 3848 635 3908 primis
652 3847 677 3893 h.
696 3848 713 3893 l.
732 3852 808 3906 opta,
825 3847 867 3893 ubi
884 3847 1030 3896 familiarem
1047 3865 1181 3898 sermonem
1200 3852 1310 3898 imitatur.
1325 3846 1371 3891 iffi*
1393 3836 1394 3849 ¹

209 3930 299 3991 «Codri.
317 3930 375 3979 mei.
396 3931 505 3993 Madvig.
522 3956 556 3970 -
574 3929 719 3991 commitem]
738 3931 837 3977 mollem
855 3935 880 3976 et
896 3930 1052 3991 impudicum.
1086 3934 1186 3981 Festum
1208 3936 1370 3985 catamtmru

222 4014 353 4072 Ganymede
370 4016 488 4061 dixerunt.
524 4016 673 4074 Corruptels
691 4014 798 4060 eiusdem
816 4018 852 4060 est
874 4012 971 4072 generis
988 4020 1063 4074 atque
1084 4014 1178 4070 Ulixes,
1207 4030 1241 4062 ex
1264 4010 1371 4061 strutus·

190 4144 195 4155 ,
218 4096 373 4145 Doriensium
392 4092 512 4163 Orbilius,
529 4098 632 4145 Etrusco
654 4098 742 4152 Uluxe,
762 4097 871 4151 Hecuba,
891 4097 994 4152 Pollux,
1012 4097 1166 4156 Proserpina.

288 4219 358 4281 tts.
372 4222 473 4278 praedes
489 4220 590 4282 suos]i.
608 4235 630 4268 e.
648 4233 732 4267 eorum
752 4220 817 4267 bonu
834 4218 947 4282 obligato¹
965 4220 1232 4283 prodcbitisdntonil.
1241 4236 1313 4269 -ru
1309 4206 1381 4270 Μ]

220 4299 332 4350 Ridicule
348 4302 400 4350 ocii.
418 4304 642 4364 interpretabuntur
659 4304 690 4351 ds
706 4303 810 4352 Antonii
827 4303 913 4353 insano
931 4303 956 4353 lu
973 4305 1088 4356 Fuluiam
1104 4316 1197 4355 umore
