2850 4759
274 291 443 364 cunno
466 292 553 364 ruo
577 293 615 364 Ρ.
641 292 808 383 sumu·
829 318 858 366 ο.
882 299 931 367 sa.
1045 348 1056 367 ,
1124 299 1198 413 πω,

32 452 186 538 gratulari
206 452 342 533 sinstis3
361 451 441 522 huic
460 454 584 523 misero
603 457 738 527 notiore
757 471 837 529 sunt
850 460 969 530 itinera
983 459 1202 530 indiciorum

32 571 61 626 et
89 558 155 627 fori
185 579 285 643 quam
316 558 425 641 campi
456 568 491 625 et
522 554 788 644 disciplinarum.
839 564 915 632 Non
948 565 1013 633 iam
1045 564 1086 634 de
1117 567 1187 635 rita

32 663 61 729 Ρ.
80 660 208 740 Sullae,
227 664 375 753 iudices,
414 660 475 731 sed
496 661 537 730 de
557 663 730 749 sepultura
751 667 976 737 contenditur.
1018 670 1093 738 Vite
1113 691 1188 738 ere-

32 779 78 850 pta
100 783 152 839 est
171 776 350 857 superiore
370 776 511 858 iudici03
533 758 653 856 nunc,
686 796 729 841 ne
749 794 873 857 eorpus
895 773 1065 857 eiicintur.
1095 772 1187 841 laho-

34 893 151 943 ramus.
195 874 289 968 Quid
317 881 406 959 epim
433 892 486 950 est
505 878 585 947 huic
605 877 740 972 reliqui,
774 875 863 962 quod
884 897 962 944 eum
983 877 1015 944 in
1036 876 1098 972 hac
1120 877 1189 944 vita

32 974 159 1044 teneat?
181 993 243 1047 aut
256 982 334 1067 quid
349 994 418 1064 est,
435 983 652 1069 quamobrem
668 987 750 1049 haec
761 982 916 1065 cuiquam
929 981 995 1048 vita
1007 980 1187 1048 videatur?
1264 1070 1265 1073 Ἴ

98 1081 253 1151 xxxtt.
302 1085 420 1170 Nuper
445 1088 474 1157 is
502 1085 605 1157 homo
633 1086 697 1154 fuit
723 1086 757 1153 in
785 1086 919 1153 civitate
946 1084 984 1152 P.
1012 1082 1120 1162 Sulla,
1150 1095 1189 1151 nt

33 1202 122 1252 nemo
149 1187 179 1254 ei
201 1207 240 1255 se
265 1208 374 1272 neque
393 1187 524 1261 honore
546 1213 652 1275 neque
673 1190 780 1271 gratis
801 1209 909 1274 neque
929 1188 1075 1257 fortunis
1095 1200 1189 1254 ante-

35 1284 146 1368 serret3
164 1311 259 1358 nnnc
278 1291 444 1375 spoliatus
464 1294 556 1362 omni
577 1293 757 1376 dignitate,
781 1314 864 1377 qnae
885 1302 1000 1376 erepto
1020 1303 1100 1362 sunt
1119 1313 1190 1359 non

36 1393 161 1474 repetit3
180 1393 273 1478 quod
293 1395 430 1465 fortuna
450 1400 484 1465 iu
505 1390 601 1466 malis
623 1396 741 1481 reliqui
762 1396 862 1474 fecit,
884 1408 923 1465 ut
942 1418 1019 1467 cum
1040 1407 1190 1479 parente,
1212 1434 1216 1451 ·

37 1512 102 1561 curn
127 1494 264 1576 liberis,
299 1520 376 1567 cum
404 1501 529 1580 fratre,
565 1522 643 1569 cnm
664 1499 716 1570 his
738 1501 936 1569 necessariis
957 1499 1074 1581 lugere
1092 1521 1191 1568 suam

38 1595 249 1668 calamitatem
272 1600 388 1692 liceat,
421 1603 544 1672 idsihi
572 1625 613 1672 ue
634 1604 801 1687 eripiatis,
835 1624 894 1672 vos
916 1602 1062 1682 iudices,
1097 1604 1192 1671 ohte-

39 1712 144 1774 statur.
182 1703 235 1773 Te
257 1705 366 1789 ipsum
387 1707 475 1787 iam,
504 1709 699 1793 Torquate,
731 1706 904 1791 expletum
927 1706 1025 1775 huius
1047 1707 1190 1775 miseriis
1209 1713 1250 1776 stt

42 1824 103 1873 esse
120 1820 295 1890 par'erat3
326 1812 389 1878 etsi
409 1810 490 1879 nihil
511 1812 601 1880 aliud
622 1810 734 1882 Sullae
755 1812 819 1879 nisi
841 1809 1054 1878 consulatum
1077 1810 1189 1877 ahstu-

42 1905 166 1997 lissetis,
199 1925 312 1980 tamen
338 1935 379 1982 eo
413 1926 589 1983 contentos
622 1936 684 1984 ros
714 1937 789 1986 esse
824 1917 1018 1997 oportebat:
1053 1913 1190 1981 honoris

44 2015 116 2080 enim
137 2018 311 2085 contentio
332 2038 393 2086 vos
414 2018 456 2087 ad
478 2040 634 2098 causam,
664 2042 733 2087 non
754 2018 946 2084 nrimicitiae
967 2014 1191 2097 deduxerunt

42 2113 92 2182 Sed
112 2140 186 2186 curn
209 2119 290 2188 huie
310 2122 423 2211 omma
443 2145 522 2191 eum
543 2121 673 2190 honore
694 2120 845 2188 detracta
866 2121 951 2209 siut.
972 2140 1049 2185 eum
1072 2120 1105 2185 iu
1127 2117 1192 2186 hac

42 2217 160 2289 fortuna
181 2225 372 2293 miserrima
393 2245 432 2293 ac
451 2226 704 2295 luctuosissima
725 2225 906 2293 destitutus
933 2224 994 2301 sit,
1026 2222 1105 2306 quid
1126 2234 1190 2300 est,

43 2323 116 2404 qnod
143 2318 283 2411 expetas
311 2327 486 2412 amplius?
526 2328 655 2396 lucisne
689 2328 776 2395 haue
803 2346 942 2397 usuram
971 2326 1100 2410 eripere
1125 2328 1190 2404 vis,
1270 2416 1277 2421 .
1386 2358 1388 2371 ·

43 2424 155 2505 plenem
182 2430 400 2500 lacrimarum
429 2444 529 2517 atqua
556 2434 741 2513 maeroris,
780 2433 813 2501 in
840 2452 905 2515 qua
933 2452 1012 2499 eum
1040 2429 1191 2498 maximo

44 2534 176 2602 cruciatu
204 2557 246 2603 ac
272 2535 390 2605 dolore
413 2536 607 2605 rettuerurt
639 2539 797 2607 Libenter
814 2535 1009 2627 reddiderit
1035 2533 1193 2618 adempta

44 2631 205 2713 ignominia
227 2639 414 2708 foedissimi
435 2641 594 2709 criminis.
632 2643 686 2708 riu
713 2664 796 2708 vero
825 2640 996 2708 inimicum
1018 2651 1056 2706 ut
1076 2635 1192 2722 expel-

44 2730 106 2804 las?
130 2743 223 2812 cuius
246 2765 289 2810 ex
310 2744 470 2829 miseriis,
496 2745 524 2812 si
546 2766 638 2814 esses
659 2743 932 2824 crudelissimus,
955 2741 1100 2809 videndo
1121 2742 1197 2809 fru-·

45 2849 119 2909 ctum
144 2850 307 2937 maiorem
335 2870 474 2932 caperes
503 2871 602 2933 quam
632 2846 811 2916 audiendo.
853 2847 881 2915 0
905 2848 1065 2915 miserum
1087 2859 1121 2914 et
1142 2848 1191 2913 in·
1211 2844 1252 2909 91

45 2939 157 3016 idicem
185 2949 278 3019 illum
307 2950 415 3031 diem,
447 2976 513 3037 quo
541 2951 660 3022 consul
681 2952 838 3019 omuibus
860 2951 1020 3018 centuriis
1042 2951 1078 3022 P.
1100 2948 1192 3025 Sulla

46 3054 234 3122 renuntiatus
250 3055 317 3124 est!
339 3079 359 3124 o
376 3055 495 3127 salsam
511 3055 622 3141 spem!
644 3080 664 3124 o
681 3053 855 3123 volucrem
871 3052 1058 3122 fortunam!
1080 3072 1192 3120 ocae·

48 3166 107 3218 carn
127 3159 359 3239 cupiditatem!
381 3183 401 3227 o
422 3173 677 3244 praeposteram
697 3152 976 3241 gratulationem!
1003 3156 1192 3240 quamcito

47 3247 91 3318 illa
114 3264 222 3329 omnia
251 3284 294 3329 ex
320 3261 447 3331 laetitia
472 3276 506 3331 et
537 3262 711 3345 voluptate
740 3262 781 3331 ad
817 3261 946 3330 luctum
975 3274 1009 3330 et
1034 3256 1192 3328 lacrimas

48 3359 238 3446 reciderunt3
278 3377 316 3433 ut
342 3368 405 3452 qui¹
424 3366 537 3451 paullo
573 3380 652 3434 aute
686 3364 806 3435 consul
834 3363 1027 3448 designatus
1058 3364 1191 3433 fuisset,

49 3479 165 3543 repente
185 3467 314 3537 nullum
334 3472 514 3553 vestigium
530 3472 691 3539 retineret
705 3462 1066 3555 pristinae'diguitatis!
1100 3469 1192 3562 Quid
1247 3488 1250 3493 “

50 3602 218 3634 *Q-

102 3710 164 3773 l90·
182 3721 253 3765 dume
271 3722 370 3767 minutia
387 3720 444 3781 osas]
461 3721 513 3769 Eri.
537 3720 567 3770 Ρ.
586 3735 634 3769 esso
651 3723 718 3769 luins
734 3724 785 3768 sris.
808 3719 865 3768 Em.
881 3745 917 3759 -
937 3735 984 3779 por
1002 3716 1068 3785 mat]
1086 3719 1137 3767 Eri.
1161 3720 1190 3767 Ρ.

51 3787 101 3840 ⁰⁰¹¹*
119 3798 148 3847 H·
170 3803 291 3865 Stephani.
313 3805 372 3853 Em.
393 3811 475 3864 potest
496 3807 567 3854 Bem.
592 3807 689 3854 strnue
706 3833 740 3846 -
763 3812 879 3853 eontmtos
895 3803 946 3870 cos]
965 3806 1015 3853 Eri.
1032 3806 1062 3852 Ρ.
1080 3819 1120 3850 oos
1136 3820 1191 3850 con·

52 3877 109 3951 imm
133 3883 186 3933 ltro.
203 3914 237 3928 -
264 3889 404 3952 micernium]
427 3890 480 3937 Eri.
507 3894 590 3937 misera
618 3891 684 3954 (Ρ.)
711 3891 783 3938 Bem.
810 3891 868 3939 Em.
894 3914 925 3930 ·-
953 3890 1058 3952 expetas]
1088 3894 1191 3948 unctu

53 3955 76 4004 Ρ·
90 3987 115 4001 ··
131 3964 175 4034 vid]
191 3977 238 4019 cias
254 3974 284 4022 Ρ.
304 3999 332 4014 -·
350 3991 378 4022 ao
399 3973 491 4040 dolore]
512 3975 565 4023 Ere.
588 3981 655 4036 atque
677 3979 725 4023 dol.
747 3977 806 4024 Ero.
829 3977 921 4039 (dolore
942 3981 965 4022 el
981 3977 1082 4021 cruciatu
1099 3966 1140 4034 Ρ.)
1159 3999 1192 4014 -

54 4046 143 4097 “litium
158 4058 255 4119 caperes]
272 4059 326 4127 Ere
342 4068 433 4118 παραυ
450 4066 560 4106 malorem
577 4060 642 4122 (P.)
661 4061 732 4109 lieren
750 4062 806 4111 Em.

107 4154 167 4216 iiii.
188 4171 209 4210 el
225 4165 280 4230 noh]
304 4184 334 4213 ea·
355 4172 403 4215 nol.
424 4168 455 4217 Ρ.
472 4195 504 4208 -
521 4175 544 4214 et
565 4169 634 4230 laem]
657 4174 680 4215 sl
701 4173 735 4215 ad
754 4173 811 4217 lucr.
829 4170 857 4218 P.
875 4197 908 4210 -
925 4170 1120 4229 repenle'ttullnm
1137 4171 1190 4212 vest.

56 4238 223 4314 ῬΜῙΕῘΡ
242 4255 351 4299 retineret
364 4258 453 4312 repente
469 4256 554 4300 nullum
574 4260 628 4300 vest.
647 4254 706 4302 Em.
723 4260 765 4302 rel.
782 4258 868 4301 undum
885 4271 934 4312 rep.
957 4255 1092 4315 suffragium
1108 4253 1191 4309 „alias

57 4324 176 4382 mihim
198 4334 223 4383 Ρ.
241 4360 275 4376 ι-
291 4337 375 4397 sumo,
409 4338 506 4399 honore]
529 4339 581 4387 Eri.
606 4340 635 4388 P.
667 4343 766 4394 honore,
782 4340 852 4400 fame
877 4340 936 4386 Em.
953 4365 985 4377 -
1003 4339 1094 4383 relictus
1121 4335 1192 4396 esset]

57 4405 132 4456 “iltius
147 4430 189 4463 esse
205 4421 232 4471 P.
250 4422 312 4471 Cod.
329 4423 362 4471 Η.
375 4424 500 4485 Stephani.
512 4421 671 4489 -rrpperitl
689 4424 741 4471 tire.
759 4427 846 4483 reperit
861 4424 917 4469 Em.
936 4446 971 4459 -
988 4419 1070 4479 modo]
1084 4423 1146 4466 muto
1162 4420 1192 4466 Ρ.
