2850 4759
185 307 353 377 ORATIO
374 308 460 378 PRO
485 307 523 378 C.
544 307 744 391 RABIRIO,
771 330 803 380 c.
825 314 863 376 to
883 322 916 380 et
936 314 983 380 ll.
1107 312 1167 379 ut
1209 372 1211 377 .

30 464 66 535 lia
84 465 223 536 fudisset
248 476 347 553 atque
369 468 542 539 obsidione
561 489 633 539 rem
652 467 820 554 publicam
842 469 1034 550 liberasset,
1053 475 1167 543 omnia

28 589 78 638 sua
91 591 200 640 secum
218 593 284 640 nna
298 574 463 641 moritura
479 573 714 643 arbitrabatur.
755 575 832 643 Non
851 588 902 645 est
915 577 977 663 ita,
1000 577 1168 670 Quiritem

27 695 118 758 neque
134 676 308 760 quisquam
326 689 479 748 nostrum
503 678 536 745 in
557 678 604 746 rei
624 676 779 762 publicae
798 678 956 762 periculis
973 701 1051 746 eum
1067 677 1167 746 laude

29 798 60 845 ao
77 779 191 847 virtute
212 792 383 863 versatur,
405 783 484 866 quin
504 801 565 865 spe
584 783 792 865 posteritatis
812 785 993 866 fructuque
1013 780 1166 850 dueatur.

28 881 125 965 Itaque
149 905 226 950 oum
248 881 362 951 multis
383 882 456 952 aliis
482 882 524 953 de
545 884 657 954 causis
677 885 827 953 virorum
850 886 1015 955 bonorum
1037 898 1167 954 mentes

29 984 140 1055 divinae
163 985 245 1055 milri
270 998 371 1072 atque
398 999 554 1056 aeternae
579 987 737 1057 videntur
762 1009 855 1066 esse,
897 1002 968 1058 tum
1003 990 1168 1068 maxime,
1216 1006 1221 1019 ·

30 1086 103 1169 quod
126 1090 241 1172 optimi
271 1101 304 1159 et
327 1091 564 1175 sapientissimi
585 1092 749 1177 cuiusque
768 1094 899 1162 animus
920 1094 966 1162 ita
986 1093 1170 1176 praesentit

30 1190 55 1257 in
77 1203 259 1280 posterum,
280 1205 332 1266 ‚ut
356 1194 437 1263 nibil
463 1195 527 1266 nisi
553 1196 796 1279 sempiternum
821 1208 975 1279 spectare
1000 1196 1167 1264 videatur.
1192 1260 1196 1265 .

32 1292 223 1384 Quapropter
244 1296 398 1382 equidem
425 1310 459 1366 et
486 1298 523 1367 C.
543 1299 647 1371 Marii
673 1312 708 1368 et
727 1309 920 1368 ceterorum
942 1300 1094 1368 virorum
1115 1320 1169 1369 sa·
1188 1286 1233 1349 3⁰

31 1397 293 1478 pientissimorum
315 1423 355 1469 ae
375 1401 641 1472 fortissimorum
662 1403 787 1471 civium
809 1416 954 1492 mentes,
982 1402 1171 1489 quaemihi

31 1499 163 1572 videntur
190 1526 234 1572 ex
255 1502 430 1575 homiuum
458 1507 528 1575 vita
547 1506 590 1574 ad
611 1506 753 1577 deorum
773 1506 969 1591 religionem
991 1520 1026 1576 et
1044 1509 1171 1577 sancti·
1203 1546 1229 1561 »ι

32 1607 156 1676 monim
183 1607 411 1691 demigrasse,
443 1622 573 1691 testor,
609 1630 664 1681 me
690 1633 752 1694 pro
781 1609 918 1680 illorum
946 1612 1037 1680 lama
1061 1611 1172 1693 gloria
1218 1647 1222 1651 ·

33 1712 172 1780 memoria
186 1735 261 1780 vnon
282 1733 382 1783 secus
403 1735 443 1782 ae
468 1736 532 1798 pro
552 1714 668 1799 patriis
695 1714 783 1784 fanis
804 1727 904 1800 atque
924 1713 1071 1785 rielubris
1091 1737 1172 1799 pro.-

32 1817 221 1894 pugnandum
244 1829 381 1900 putare:
408 1838 466 1896 ae,
487 1820 527 1887 si*
535 1840 598 1902 pro
620 1817 756 1887 illorum
777 1816 878 1887 laude
897 1818 978 1887 mihi
999 1840 1092 1888 arma
1113 1840 1169 1885 ca·

33 1914 130 1995 pienda
148 1932 279 1997 essent,
312 1943 380 1989 non
410 1922 520 1991 minus
546 1934 682 1991 strenue
708 1944 885 2008 caperem,
919 1945 1018 2008 quam
1040 1920 1087 1990 illi
1106 1945 1171 2006 pro

36 2027 183 2090 communi
202 2022 314 2115 salute
333 2038 507 2109 ceperunt.
548 2025 702 2115 Etenim,
734 2028 902 2120 Quirites,
932 2027 1092 2107 exiguum
1113 2049 1174 2101 no·

36 2121 74 2190 bis
86 2126 162 2193 vitae
175 2126 383 2203 curriculum
399 2143 519 2198 natura
533 2128 806 2215 circumscripsit,
818 2132 1021 2202 immensum
1032 2128 1171 2211 gloriae.

95 2230 149 2298 XI.
189 2232 322 2323 Quare,
343 2236 472 2314 sicus,
501 2236 556 2317 qui
575 2235 643 2309 iam
663 2233 706 2301 de
726 2236 795 2302 vita
815 2232 1047 2311 decesserunt,
1073 2254 1173 2301 orna·

37 2325 135 2412 limus,
174 2335 351 2404 iustiorem
383 2336 479 2404 nobis
514 2337 634 2407 mortis
662 2337 896 2406 condicionem
931 2326 1174 2421 relinquemus.

36 2432 101 2514 ted,
116 2438 144 2518 si
163 2436 258 2526 illos,
279 2438 440 2520 Labiene,
471 2432 643 2525 quosiam
664 2440 779 2508 videre
799 2463 867 2508 non
887 2461 1089 2524 possumus,
1116 2461 1174 2507 ne-

36 2534 129 2620 sltgis,
147 2564 189 2611 ne
208 2543 262 2611 his
283 2542 438 2626 quidem,
465 2564 550 2626 quos
572 2542 685 2627 vides,
714 2543 847 2615 consuli
865 2557 964 2629 putas
987 2543 1175 2626 oportere?

37 2639 186 2714 Neminem
212 2669 288 2716 esse
316 2647 391 2715 dico
411 2668 454 2714 ex
480 2649 519 2715 iis
535 2649 707 2727 omnibus,
730 2651 785 2734 qui
805 2648 862 2718 illo
884 2648 938 2717 die
953 2651 1080 2717 Rornae
1101 2648 1175 2716 fue·
1195 2644 1234 2707 31

37 2746 104 2826 rint,
122 2773 216 2834 quern
238 2765 276 2819 tu
297 2751 385 2819 diem
405 2753 439 2818 in
459 2750 618 2843 iudicium
640 2774 761 2836 vocas,
780 2738 954 2837 pubesque
969 2763 1040 2820 tum
1055 2752 1174 2830 fuerit,

38 2851 98 2930 quin
121 2876 209 2925 arma
238 2862 380 2940 ceperit,
416 2858 494 2941 quin
523 2854 678 2926 consules
707 2869 846 2925 secutus
874 2860 929 2927 sit.
983 2858 1111 2923 Omnes
1131 2856 1180 2934 ii',

39 2976 158 3033 quorum
186 2973 221 3029 tu
250 2983 296 3028 ex
321 2972 428 3028 aetate
455 2963 684 3029 coniecturam
711 2961 824 3027 faeere
849 2973 965 3042 potes,
1001 2957 1079 3043 quid
1102 2969 1174 3025 tum
1213 2977 1216 2983 ’

39 3054 171 3142 iecerint,
191 3066 250 3134 abs
274 3077 306 3160 te
326 3048 443 3148 capitis
465 3065 501 3132 (l.
523 3064 646 3132 Rabirii
666 3064 803 3131 nomine
822 3065 980 3131 citantur.
1023 3062 1174 3129 Atooci·

39 3157 75 3226 dit
90 3164 295 3243 Saturninum
318 3166 486 3235 Rabirius.
535 3166 671 3239 Utinam
700 3165 853 3235 fecisset!
883 3189 951 3234 non
971 3165 1174 3249 supplicium

40 3260 232 3352 deprecarer,
253 3273 312 3341 sed
334 3273 521 3355 praemium
541 3269 763 3354 postularem.
804 3271 955 3354 Etenim,
976 3270 1175 3345 nicaenae,

40 3383 118 3438 seruo
138 3373 178 3466 Q.
199 3375 375 3455 Crotonis,
403 3375 458 3458 qui
479 3373 602 3442 occidit
620 3374 659 3442 L.
682 3375 917 3453 Saturninum,
939 3372 1074 3443 libertas
1097 3370 1176 3441 data

92 3665 102 3728 l
122 3670 160 3719 30.
188 3675 219 3720 orl
238 3674 333 3720 deorum
349 3674 485 3732 religionem
502 3677 524 3718 et
540 3669 727 3733 sanctimoniam]
752 3672 868 3719 Oratoriu
888 3669 1034 3732 periphrasis
1052 3685 1099 3731 pro
1120 3671 1175 3717 sim·

42 3746 123 3804 lliclub
138 3759 262 3819 bominibus
281 3761 312 3807 ad
327 3760 381 3807 siem
396 3759 544 3819 demigrasse.
561 3756 596 3796 -ὲ
610 3772 659 3817 pro
669 3758 757 3817 patriis
770 3753 850 3819 souis]
878 3757 910 3803 Ut
931 3762 985 3803 sunt
1004 3754 1037 3803 oli
1059 3755 1133 3816 patrii
1152 3764 1177 3802 et

43 3842 134 3895 leuatus,
155 3844 286 3891 siccorum
305 3844 364 3890 faut
383 3858 413 3890 ec
436 3841 536 3888 delubra
558 3840 640 3903 quidni
660 3843 740 3899 putria
757 3840 878 3901 appellari
896 3841 1002 3900 possiuti
1030 3841 1177 3888 Monenrlurn

43 3914 79 3963 boe
93 3930 140 3970 erat
155 3915 256 3988 propter
270 3930 342 3986 Etm,
366 3927 408 3990 qui
419 3941 477 3988 ,pro
493 3926 561 3986 suuis
581 3926 681 3975 volebat
702 3927 783 3971 meria.
799 3950 834 3963 -
849 3927 980 3971 immensum
997 3923 1100 3985 gloriae]
1121 3925 1177 3972 Scil.

44 4005 151 4072 patefecit,
178 4014 287 4073 aperuit,
312 4013 377 4074 quod
400 4026 444 4072 per
468 4024 568 4070 zeugma
591 4010 732 4057 elicientiu-
756 4024 770 4055 e
793 4009 917 4057 contrario
937 4025 960 4058 r.
982 4012 1178 4071 ebrumsmipaits

44 4098 122 4142 iromus
137 4103 161 4142 ut
180 4111 252 4166 snpra
274 4097 286 4161 ᾗ
303 4100 344 4150 16.
365 4104 430 4144 extr.
451 4098 481 4142 de
500 4096 557 4142 Nat.
573 4095 605 4141 1).
621 4094 647 4151 2,
663 4095 705 4148 el,
727 4096 781 4170 lb‘2.
797 4109 868 4153 supra
888 4098 972 4140 terrum
984 4119 995 4131 ·
1007 4119 1018 4131 ·
1030 4099 1093 4141 taret.
1138 4111 1141 4113 >

99 4223 163 4285 let.
179 4233 217 4279 obs
231 4237 251 4278 te
269 4230 362 4293 capitis]
381 4232 419 4279 Sic
438 4231 520 4279 Ambe.
540 4230 642 4277 Oxonu.
662 4240 717 4277 rex.
738 4230 839 4277 Veneta.
876 4231 964 4286 Capitis
984 4229 1088 4290 aliquem
1105 4228 1194 4275 citare.

46 4301 158 4360 dicimus
176 4301 282 4377 „cepitis
302 4332 436 4372 areesmre,
453 4317 754 4376 postulare,‹uccusure.“
790 4315 817 4360 lo
832 4314 877 4361 Ed.
896 4313 992 4360 Iuntina
1011 4328 1044 4360 ex
1062 4311 1177 4368 interpola

47 4398 64 4432 ¹¹¹
78 4407 134 4457 ΜΝ.
152 4402 254 4450 transiit:
271 4404 311 4451 olis
328 4407 348 4448 te
366 4404 413 4447 rei
427 4404 517 4461 capitis.
534 4426 567 4440 -
593 4399 682 4462 emulus]
700 4407 727 4447 ut
743 4401 794 4447 scil.
812 4414 892 4461 aquae
911 4397 1011 4457 penuria
1026 4392 1178 4441 Saturninum
