2850 4759
191 248 274 378 'rso
444 393 448 404 ⁴
680 303 917 376 crcuuours

214 481 250 542 et
269 468 485 554 investigavit
501 478 537 538 et
554 466 717 536 salutavit
733 466 940 547 Absensiusa
959 466 993 535 in
1010 466 1121 537 verbis
1140 466 1281 551 denique
1295 466 1366 550 ipsis

214 588 284 644 tam
308 573 415 646 multa
442 572 543 642 habet
565 593 628 642 sua
656 572 792 656 propria
815 584 916 656 atque
938 592 958 638 a
979 571 1114 654 patroni
1135 570 1366 639 consuetudine

137 717 141 724 =
213 678 315 762 longe
339 676 572 755 abhorrentia,
593 687 630 742 ut
652 674 804 743 fraudem
817 698 894 759 ⁴non
912 673 1108 743 iamdudum
1126 675 1290 759 odoratos
1305 695 1367 743 esse

213 780 455 874 Marklandos',
476 777 669 850 Tunstallos
690 799 875 863 eorumque
892 778 1018 847 similes
1040 779 1178 860 criticos
1188 801 1299 863 prope
1316 780 1368 854 uri·

91 929 95 940 ·
213 886 353 967 ποκ’).
394 885 537 960 Verum,
558 894 597 950 ut
619 894 695 951 aute
721 881 806 960 dixi,
834 905 900 968 quo
925 883 1055 951 facinus
1079 905 1179 952 suum
1204 887 1238 951 in
1259 905 1368 967 perpe·

189 977 191 983 Α
216 1003 328 1067 tuum,
356 1000 395 1055 ut
414 988 589 1073 sperabat,
619 983 824 1071 occultaret,
857 984 1017 1069 epistolas
1035 984 1080 1053 ad
1100 990 1253 1055 Atticum
1278 987 1368 1056 edens

216 1091 280 1163 alia
305 1113 425 1161 rursus
452 1090 572 1158 li·aude
605 1078 699 1158 usus
718 1102 786 1167 est,
820 1101 858 1156 ut
885 1089 960 1157 loco
991 1088 1173 1162 admodum
1198 1105 1285 1175 apto,
1302 1103 1369 1175 post

216 1183 521 1266 corurnemoraturn
552 1195 656 1263 Attici
678 1185 879 1261 'consulatus
915 1192 1060 1274 Tulliani
1098 1198 1367 1264 commentarium

216 1300 273 1369 illa
294 1301 473 1380 insereret,
506 1319 591 1382 quae
613 1295 726 1382 paullo
749 1309 825 1363 aute
847 1297 1124 1366 examinavimus.
1331 1286 1333 1288 ’

234 1492 235 1495 ¹
289 1404 360 1472 Sed
379 1425 445 1470 una
461 1404 606 1483 maxime
627 1400 818 1469 difficultate
840 1403 946 1484 premi
968 1414 1074 1470 totam
1095 1412 1247 1474 nostram
1268 1402 1375 1485 dispu-¹

190 1507 382 1590 ,tationem
404 1506 493 1573 ultro
517 1506 637 1575 fateor.
680 1505 758 1598 Quo
787 1505 906 1583 modo,
942 1507 1065 1589 inquit,
1097 1507 1168 1573 lieri
1191 1508 1370 1589 potuit‚.ut

190 1609 271 1702 jvel
296 1611 377 1679 Tiro
402 1609 455 1677 vel
478 1611 577 1677 etiam
597 1609 785 1677 eorundem
812 1622 1001 1693 temporum
1027 1609 1142 1677 rhetor
1164 1608 1268 1690 alius,
1292 1610 1372 1695 quorl

218 1714 262 1788 ad
280 1714 370 1798 ipsas
391 1735 446 1781 res
466 1725 579 1794 gestas
595 1719 729 1789 attinet,
752 1725 819 1780 tam
838 1717 1197 1795 turpescommitteret
1218 1715 1376 1784 errores?

140 1891 153 1902 Η
193 1840 298 1902 ,cum
319 1817 434 1885 Tironi
460 1829 552 1884 certe
574 1816 752 1885 consulere
773 1816 922 1901 quotidie
943 1814 1059 1883 liceret
1080 1830 1113 1883 et
1131 1818 1308 1887 Ciceronis
1327 1819 1371 1886 sui

218 1933 254 1989 st
274 1922 375 1991 Attici
399 1922 674 1998 commentarios,
705 1921 851 1988 fortasse
873 1922 973 1987 etiam
993 1919 1126 1988 Salustii
1145 1920 1272 1989 bellum
1294 1924 1372 1989 Cati·

197 2024 401 2121 linarium,
428 2025 516 2092 Nam
538 2023 579 2091 de
607 2024 672 2092 lroc
693 2024 888 2108 quidcmiu
913 2036 1089 2108 utramque
1112 2037 1242 2107 partem
1269 2026 1372 2109 dispu-

136 2159 139 2168 2
220 2130 283 2200 tari
307 2140 436 2213 potest,
472 2150 551 2196 cum
578 2152 641 2212 pro
668 2142 762 2197 certo
797 2142 1018 2210 exputaturus
1045 2150 1143 2195 nemo
1172 2132 1232 2206 sit,
1266 2143 1371 2197 utrum

219 2234 329 2302 verbis
352 2231 519 2302 nonnullis
538 2231 696 2300 consulto
718 2234 903 2299 immutatis
929 2233 963 2298 P.
978 2232 1106 2298 Lentuli
1129 2231 1269 2315 epistola
1290 2233 1372 2300 eSa·

218 2336 309 2417 lustii
336 2334 440 2418 libro,
476 2358 518 2403 au
549 2336 629 2418 ipsis
663 2335 773 2402 verbis
802 2337 945 2402 servatis
976 2356 994 2401 e
1027 2337 1286 2404 commentariis
1317 2334 1372 2403 illis

220 2439 419 2526 deprompta
443 2440 497 2506 sit.
540 2438 618 2528 Quo
646 2437 723 2506 loeo
756 2436 790 2504 id
817 2437 920 2506 veluti
949 2437 982 2505 in
1012 2451 1208 2506 transcursu
1236 2443 1373 2515 notabo,

220 2541 402 2610 Salustium
422 2553 479 2607 aut
498 2542 640 2623 primam
666 2540 842 2608 dumtaxat
863 2543 1034 2609 Ciceronis
1055 2542 1242 2609 orationem
1266 2555 1380 2632 notam,

220 2646 397 2726 habuisse,
427 2658 502 2721 aut,
531 2646 559 2713 si
590 2643 643 2711 uel
670 2647 817 2713 maxime
845 2657 913 2713 tres
937 2643 1082 2728 reliquas
1111 2644 1248 2721 viderit,
1283 2648 1373 2713 tacite

221 2751 408 2832 significare
434 2748 598 2825 voluisse,
633 2770 690 2816 ess
718 2751 779 2818 sibi
809 2748 1003 2816 reiicieudas
1033 2748 1167 2827 videri„
1211 2749 1266 2816 Sic
1291 2752 1372 2816 enim

220 2853 277 2923 ille
298 2856 380 2937 Cap.
395 2855 463 2926 su:
497 2849 714 2932 Catilinam
733 2862 898 2922 senatum
916 2854 1022 2920 osuit.
1064 2849 1153 2919 l'um
1171 2851 1224 2919 M.
1246 2851 1376 2921 Tullius

222 2956 345 3027 consui
362 2959 438 3025 sice
464 2959 713 3049 praesentiam
735 2958 812 3025 eius
842 2958 972 3024 timeus
998 2957 1072 3023 siue
1097 2958 1158 3022 ira
1187 2969 1374 3022 commotus

153 3103 154 3106 =
223 3064 426 3152 orationem
448 3060 575 3127 babuit
598 3058 817 3125 luculentam
839 3072 948 3149 atque
973 3049 1175 3134 utilemirei
1199 3059 1372 3151 publicae,

223 3188 336 3256 qaam
353 3177 483 3257 postea
507 3161 684 3256 scriptam
707 3162 824 3229 edidit.
862 3161 895 3229 ls
919 3163 1038 3243 igitur,
1073 3184 1150 3230 cum
1184 3176 1252 3230 tam
1284 3163 1374 3229 facile

223 3270 470 3357 fuissetverbo
497 3267 617 3334 saltem
644 3287 916 3333 commemorare
943 3265 1024 3333 alias
1047 3288 1069 3335 a
1089 3265 1229 3333 consule
1254 3263 1372 3340 habitas

144 3403 146 3407 ·
225 3377 260 3439 et
286 3372 411 3451 editas,
442 3371 647 3440 obstinatum
675 3370 717 3437 de
743 3371 783 3439 iis
809 3383 924 3463 seruas
946 3368 1136 3449 silentium,
1171 3370 1373 3453 paucissimis

392 3517 394 3524 r

357 3559 361 3566 x

227 3637 230 3644 '
274 3634 299 3699 ⁴)
326 3632 485 3681 Memorabile
508 3638 587 3679 tamon
605 3632 652 3680 hoe
670 3637 705 3679 est
722 3632 870 3694 Boettigeri,
895 3632 926 3681 V.
944 3634 986 3688 C.,
1010 3635 1129 3682 detortis
1146 3634 1272 3683 indicimus
1296 3647 1373 3696 „quae

226 3719 356 3783 quidem‚“
372 3705 464 3779 induit,
481 3718 596 3774 „minore
613 3731 671 3763 eura
689 3717 816 3765 elaborata
834 3726 907 3781 atque
924 3720 1023 3767 elimata
1039 3720 1115 3768 rideri
1132 3727 1220 3782 queat,
1237 3736 1307 3782 quam
1317 3731 1374 3781 quas
1414 3745 1415 3754 κ

200 3848 201 3851 ,
226 3805 305 3852 mbae
327 3805 437 3864 leguntur
458 3799 583 3850 Ciceronis
600 3802 724 3852 orationes
741 3804 879 3865 reliquae.“
923 3804 1020 3854 Prolus.
1040 3806 1112 3851 1791.
1130 3821 1155 3865 p.
1176 3807 1198 3852 1.
1231 3807 1290 3863 Νεεεῥ
1306 3804 1374 3851 umus

227 3877 319 3951 operas
336 3888 439 3950 pretium
455 3894 491 3935 est
508 3888 604 3946 videre,
621 3890 745 3950 quomodo
766 3888 896 3947 Weiskins‚
913 3891 987 3938 bomo
1004 3890 1099 3936 minime
1110 3890 1201 3937 bebetis
1213 3884 1375 3952 angeium

226 3974 324 4022 torserit
340 3974 364 4020 in
382 3972 543 4030 extricando,
560 3972 774 4033 reprehendendis,
795 3975 939 4021 excusandis
955 3975 1104 4022 sententiolis
1120 3975 1169 4021 illis
1186 3976 1287 4023 acutulis
1303 3981 1323 4021 et
1337 3979 1372 4018 ta·

226 4074 280 4106 mou
303 4058 418 4106 inanibus.
454 4059 520 4106 Idem
543 4058 660 4105 interdum
675 4073 709 4105 ,se
732 4058 790 4122 nihil
813 4074 911 4119 prorsus
931 4060 1066 4120 intelligere
1088 4060 1183 4105 fatetur.
1219 4060 1308 4106 Similia
1322 4071 1372 4115 rep-

142 4139 143 4143 ’
227 4144 281 4206 peri
298 4146 363 4204 apud
384 4144 540 4193 Bouhieriu'm
561 4149 586 4190 et
607 4143 743 4190 Blochium.
778 4145 873 4191 SciIIeet
891 4142 916 4188 hi
933 4156 1015 4189 omnes
1032 4155 1080 4188 uon
1099 4135 1257 4201 sine'magna·
1273 4137 1373 4188 molestis

227 4229 255 4276 iu
270 4243 300 4277 eo
316 4229 491 4284 elaborabant,
515 4236 541 4275 ut
558 4228 660 4297 ieiunum
677 4230 866 4276 declamatorem
883 4228 965 4273 Tullio
982 4228 1055 4287 digna
1073 4226 1162 4273 dixisse
1180 4227 1372 4273 demonstrarent,

228 4314 337 4375 quamvis
358 4328 531 4374 saepenumero
554 4315 583 4359 de
605 4328 635 4362 ea
657 4323 683 4358 re
701 4327 778 4370 paene
795 4315 958 4371 desperarent.
996 4312 1070 4364 Verus
1087 4317 1167 4360 antem
1185 4326 1220 4360 ex
1237 4328 1267 4360 ea
1282 4306 1372 4365 diffical-

229 4404 280 4445 tate
298 4398 409 4448 exitura
426 4398 519 4447 tremine
536 4405 589 4464 erat
605 4396 730 4443 iudicatus.
998 4396 1000 4400 “
1414 4389 1415 4450 l
