2850 4759
221 288 352 385 150'
547 364 552 373 .
694 310 934 382 etcuuouts

221 479 319 562 affici
339 476 566 569 turpitudine
586 476 802 545 videremur.
844 470 956 541 Nunc
975 492 1052 562 qua
1069 469 1269 560 cupiditate
1286 469 1389 537 leona&

221 603 283 650 nes
308 583 346 648 in
366 581 597 672 prouincias,
631 578 763 668 quibus
783 576 957 654 iacturis,
988 573 1118 661 quibus
1141 572 1390 640 condicionibus

215 684 519 773 proficiscantur,
542 682 713 766 iquoront
737 678 900 748 uidelicet
921 676 1000 761 isti,
1021 675 1085 765 qui
1108 674 1158 741 ad
1177 697 1291 740 riuum
1308 675 1388 751 dese·

220 783 337 862 nenda
356 785 481 851 omnin
501 802 578 851 csse
593 805 676 848 non
700 781 953 848 arbitrantur:
981 778 1194 866 quasivero
1215 774 1280 843 Gn.
1296 773 1388 841 Pom·

215 885 341 976 pcium
367 906 440 951 non
468 906 550 950 cunt
574 880 885 965 somniantibus,
917 879 1133 944 tumetium
1155 876 1289 946 alienis
1306 877 1387 965 uitiis

219 1006 395 1070 tuaquom
421 1006 497 1053 esse
516 984 719 1053 uideamus.

158 1099 199 1162 68
297 1085 427 1178 Quare
445 1086 557 1154 nolite
575 1085 758 1170 dubitare,
795 1086 885 1175 quin
904 1082 989 1150 huic
1009 1083 1073 1149 nni
1092 1082 1252 1149 credatis
1269 1082 1387 1165 onorio,

219 1189 283 1279 qni
306 1191 403 1255 inter
424 1200 478 1254 tot
497 1208 614 1255 auitos
628 1207 722 1254 uuus
740 1188 905 1253 inuentus
923 1186 988 1270 sit,
1018 1205 1126 1273 quem
1141 1185 1230 1251 socii
1247 1184 1286 1249 in
1300 1183 1388 1250 urbes

218 1310 308 1359 snas
329 1296 410 1356 cum
431 1290 598 1357 exercitu
622 1289 763 1356 uenisse
786 1286 1000 1370 octodenas]
1040 1285 1145 1375 Quod
1169 1286 1198 1355 si
1219 1286 1387 1352 auctorita-

220 1393 309 1459 tibus
342 1391 434 1457 hauc
465 1411 625 1472 causam,
661 1389 835 1479 Quium,
870 1387 1140 1459 confirmandam
1171 1387 1317 1470 piatatis,
1347 1395 1387 1451 est

219 1491 317 1559 vobis
348 1503 467 1558 auctor
492 1492 543 1557 vir
574 1490 743 1558 bellorum
773 1491 925 1557 omnium
962 1490 1259 1572 niaximarumquc
1280 1506 1387 1553 'rerum

204 1593 446 1677 ⁴peritissimus
466 1593 504 1660 P.
527 1592 708 1670 Servilius,
743 1583 839 1661 cuius
865 1603 978 1659 tantae
1002 1611 1057 1658 res
1078 1602 1194 1671 gestae
1220 1602 1312 1656 terra
1330 1610 1386 1654 ma·

218 1694 315 1777 rique
336 1694 540 1771 extiterunt,
570 1707 609 1759 ut
617 1742 628 1782 ‚
658 1716 738 1763 ctam
761 1693 909 1761 debello
930 1692 1141 1767 deliberetis,
1162 1704 1288 1759 auctor
1306 1690 1387 1757 vohis

217 1796 359 1876 gravior
374 1815 487 1862 -nemo
519 1815 594 1862 csse
620 1795 758 1874 debeatt
779 1808 831 1862 cst
851 1797 887 1865 C.
909 1796 1012 1862 Curio
1034 1794 1177 1862 summis
1198 1794 1322 1860 vestris
1344 1793 1386 1856 bc·

218 1896 347 1963 noticiis
363 1893 588 1978 maximisque
604 1897 705 1963 rebus
721 1898 844 1976 gestis,
867 1919 1003 1964 surmno
1019 1897 1154 1976 iugenio
1170 1907 1204 1961 et
1221 1894 1385 1977 prudentia

217 1995 411 2077 praeditum
432 2009 484 2064 est
506 1998 570 2063 Cn.
597 1997 780 2076 Lentulus,
803 1998 836 2063 iu
861 2020 927 2080 quo
951 2018 1071 2063 omnes
1098 2017 1160 2078 pro
1182 1994 1385 2076 amplissimis

218 2098 340 2168 vestris
362 2097 548 2166 honoribus
569 2104 744 2166 summum
770 2099 967 2175 consilium,
999 2118 1169 2166 summam
1196 2099 1384 2177 gravitatem

216 2218 292 2266 esse
307 2201 537 2280 cognovistis3
559 2214 611 2268 est
626 2202 663 2271 C.
676 2201 835 2272 Cassius,
857 2200 1053 2280 integritate
1068 2200 1196 2267 virtute
1210 2198 1384 2268 constantis

215 2299 390 2381 singulari.
446 2301 562 2393 Quare
592 2301 722 2377 videte,
755 2312 793 2366 ut
821 2299 944 2368 horum
978 2303 1241 2370 auctoritatibus
1266 2300 1383 2369 illorum
1410 2334 1411 2365 l

215 2404 381 2479 orationi,
403 2405 460 2484 qui
483 2402 708 2482 dissentiunt,
731 2402 940 2484 respondere
964 2424 1067 2484 posse
1091 2404 1283 2472 videamur.

152 2501 192 2564 69
295 2503 429 2569 xxiv,
474 2504 572 2593 Quae
598 2526 678 2571 cum
706 2506 750 2568 ita
772 2505 859 2583 siut,
893 2506 931 2575 C.
955 2505 1093 2583 Manili,
1125 2508 1276 2588 primum
1298 2506 1410 2572 istam*

215 2617 308 2670 tuam
335 2616 369 2669 et
387 2602 498 2684 legem
522 2618 556 2671 et
577 2603 788 2670 voluntatem
812 2617 846 2672 ct
871 2609 1074 2673 seutentiam
1096 2607 1197 2673 larido
1215 2607 1383 2673 vehemen-

215 2705 409 2787 tissimeque
438 2707 647 2788 comprobo:
670 2706 792 2772 deinde
819 2719 852 2772 te
877 2706 1016 2784 hortos,
1045 2721 1084 2774 ut
1104 2721 1247 2776 aaaototc
1272 2704 1382 2791 populo

210 2807 364 2874 Romano
382 2829 521 2874 straneas
546 2808 580 2873 ia
605 2810 878 2875 sententiamve
899 2810 1098 2891 cuiusquam
1118 2812 1186 2876 vim
1210 2811 1382 2876 autminus

210 2909 448 2988 pertimescas.
504 2911 661 2973 Primum
692 2910 726 2974 iu
763 2921 795 2975 te
823 2912 905 2977 satis
934 2932 1009 2977 csse
1041 2914 1144 2977 astitui
1175 2931 1382 2993 perseveren-

213 3008 349 3089 tiaeque·
367 3011 533 3089 arbitron
556 3010 677 3076 deiude
697 3033 776 3077 caim
796 3024 923 3077 tantam
942 3013 1191 3078 multitudinem
1209 3034 1289 3080 cum
1305 3021 1382 3078 tanto
1406 3060 1407 3063 ,

209 3109 324 3174 studio
346 3110 465 3176 adesse
487 3111 678 3188 videamus,
712 3127 872 3195 quantam
916 3135 1007 3180 nunc
1041 3117 1165 3182 iterum
1202 3118 1235 3180 iu
1275 3113 1379 3181 eodem

211 3209 348 3275 homino
377 3213 605 3291 praeficiendo
629 3213 802 3291 videmus,
823 3217 901 3298 quid
926 3227 995 3298 est,
1017 3215 1108 3297 quod
1131 3229 1189 3282 aut
1212 3217 1255 3282 de
1278 3238 1313 3282 re
1333 3225 1379 3280 aut

210 3308 251 3374 de
279 3311 472 3390 perficiendi
503 3313 667 3380 facultate
700 3317 924 3383 dubitemus?
958 3318 1033 3397 Ego
1054 3332 1195 3392 ‚atateim
1231 3312 1378 3401 quidquid

209 3422 263 3475 est
283 3413 315 3476 in
338 3432 391 3475 inc
413 3411 515 3479 studii
537 3416 684 3493 consilii,
705 3416 832 3484 laboris
855 3420 1000 3498 ingenii,
1022 3420 1184 3503 quidquid
1206 3419 1275 3485 hoc
1294 3422 1378 3483 bene·
1404 3408 1405 3413 ¹

208 3511 285 3577 ficio
310 3511 426 3592 populi
451 3516 596 3585 Romani
617 3531 719 3603 atque
742 3520 805 3585 hoo
826 3532 995 3604 potestate
1019 3523 1207 3602 praetoria,
1229 3514 1376 3604 quidquid
1402 3549 1404 3607 ς

213 3629 408 3644 m

275 3713 287 3775 l
305 3715 347 3762 68.
365 3720 401 3762 tot
416 3718 498 3780 annos]
517 3720 547 3765 E.
565 3732 639 3765 annos
654 3723 692 3765 tot
708 3721 767 3764 Em.
780 3744 814 3759 -
832 3735 899 3767 nemo
916 3722 974 3784 em]
994 3725 1022 3769 E.
1041 3738 1088 3769 estc
1105 3736 1171 3770 nemo
1188 3725 1247 3770 Era.
1261 3749 1290 3760 -
1305 3732 1379 3780 cogno·
1402 3712 1403 3717 ¹

204 3798 282 3859 sistit]
301 3799 331 3843 Ε.
349 3805 490 3859 cognoscitis
507 3804 565 3848 Em.

189 3909 191 3915 ¹
271 3881 283 3942 l
303 3883 343 3928 69.
362 3885 440 3928 adesse
459 3886 560 3928 uidemus
578 3884 649 3928 E.-
663 3897 722 3939 nuuc
742 3883 835 3946 iterum]
858 3887 970 3947 Hittorp.
989 3903 1035 3933 uou
1053 3892 1135 3934 iterum
1153 3890 1182 3937 Ε.
1200 3891 1259 3936 Em.
1277 3915 1308 3927 -
1325 3886 1374 3932 oisle-

201 3959 261 4027 mus]
273 3961 391 4023 Hittorp.
414 3968 513 4010 uidimus
529 3965 559 4011 Ε.
577 3966 636 4011 Eru.
651 3989 687 4005 «-
702 3971 778 4025 estin
795 3967 841 4033 me]
859 3972 889 4016 E.
910 3973 935 4016 iu
952 3986 987 4033 me
1004 3977 1038 4017 est
1054 3973 1113 4019 Era.

204 4068 399 4082 m

164 4172 169 4185 ι
268 4151 281 4211 6
301 4153 343 4197 68.
360 4153 391 4197 P.
412 4151 526 4197 Servilius
551 4153 627 4200 Vatia
653 4155 776 4203 Isauricus
798 4171 850 4204 cos.
873 4174 897 4205 ι.
915 4173 939 4205 a.
963 4173 984 4205 c·
1010 4160 1069 4205 676.
1094 4161 1228 4217 proconsul
1252 4159 1275 4205 iu
1299 4153 1372 4204 ciues

201 4233 303 4279 Isauros
320 4232 423 4279 domuit.
458 4234 486 4280 C.
505 4235 645 4283 Scribonius
663 4238 739 4287 Curio
757 4252 808 4285 cos.
826 4254 850 4286 a.
868 4243 927 4293 678.
945 4244 1079 4300 proconsul
1091 4243 1223 4291 Dardanos
1242 4242 1268 4288 iu
1279 4235 1371 4287 Thraci·

200 4314 303 4360 domuit.
321 4315 365 4362 Cu.
384 4316 511 4364 Cornelius
529 4321 644 4369 Lentulus
662 4320 796 4369 Clodianus
809 4334 860 4369 cos.
872 4325 969 4371 ι.,689.
982 4324 1011 4370 C.
1023 4325 1123 4372 Cassius
1135 4326 1276 4377 Vtsuaoot.
1288 4340 1312 4373 a.
1323 4323 1371 4370 68¹·
