2850 4759
193 326 253 392 ,05
667 260 907 368 cressonis

197 488 316 557 batur,
350 486 390 545 ut
417 468 579 542 militibus
608 461 765 535 daretur,
799 466 913 522 tamen
934 445 1039 526 infligi
1061 461 1221 541 magnum
1249 437 1304 504 rei
1329 456 1390 520 pu·

198 587 306 655 blirae
335 577 457 647 volnus
483 568 706 654 putabamus,
737 561 828 627 bunc
856 567 892 621 tu
919 545 1220 630 compransoribus
1256 544 1332 607 tuis
1357 544 1390 605 et

200 682 426 755 collusoribus
449 670 633 741 dividebas.
680 664 810 755 Mimos
832 656 908 721 diro
931 665 966 718 et
986 651 1123 730 mimas,
1157 646 1288 710 Patres
1310 658 1388 707 coo·

200 785 337 868 scripti,
372 781 406 845 in
434 796 517 855 agro
544 771 724 849 Canrpano'
748 756 948 826 collocatos.
991 747 1083 841 Quid
1105 750 1170 813 iam
1194 762 1329 826 querar
1345 739 1386 805 de

189 909 284 968 ¹apro
295 876 486 950 Leorrlino‘l
503 871 673 964 Quoniam
687 862 825 948 'quidem
837 858 901 924 hae
914 852 1084 938 quondam
1097 849 1278 914 arationes
1289 844 1385 909 Cam

203 1009 290 1072 pana
312 996 346 1051 et
366 977 528 1048 Leontina
550 973 583 1039 in
604 966 721 1053 populi
736 960 878 1031 Romani
899 952 1104 1039 patrimonio
1127 946 1253 1030 grandi
1272 949 1385 1010 fenore

205 1101 239 1157 et
261 1088 458 1153 fructuosae
478 1074 687 1144 ferebantur.
735 1062 873 1132 Medico
896 1058 960 1123 tria
981 1045 1073 1119 milia
1095 1049 1275 1127 iugerum:
1299 1040 1386 1124 quid,

191 1191 234 1257 ''si
256 1199 289 1253 te
309 1177 490 1252 sanasset?
519 1170 648 1242 rhetori
670 1167 755 1234 duo:
777 1161 875 1246 qnid,
897 1156 926 1226 si
947 1168 980 1222 te
1001 1153 1168 1220 disertum
1190 1145 1313 1213 facere
1333 1164 1386 1224 po

211 1283 359 1355 luisset?
380 1279 446 1350 Sed
467 1275 509 1344 ad
529 1274 594 1340 iter
615 1267 814 1348 italiamque
835 1260 1027 1329 redeamus.

147 1406 206 1471 102
286 1386 359 1454 XL.
401 1376 581 1448 Deduxisti
611 1370 782 1439 coloniam
811 1359 1018 1436 Casilinum,
1056 1375 1124 1438 quo
1153 1351 1288 1419 Caesar
1315 1356 1385 1413 ante

208 1486 410 1555 deduxerat,
453 1473 662 1547 Consuluisti
682 1489 738 1537 me
759 1486 819 1549 per
840 1461 970 1529 litteras
991 1457 1033 1524 de
1047 1457 1162 1536 Capua
1185 1464 1224 1518 ιιι
1238 1448 1385 1532 quidem,

209 1587 269 1658 sed
298 1585 387 1652 idem
416 1579 458 1647 de
478 1575 627 1645 Casilino
653 1560 926 1653 respondissem:
960 1577 1141 1644 possesne,
1172 1554 1232 1620 ubi
1254 1549 1385 1618 colonia

211 1696 320 1763 esset,
355 1702 396 1751 eo
423 1678 593 1748 coloniam
613 1692 739 1742 noram
760 1672 832 1736 iure
854 1660 1052 1732 deducere?
1073 1694 1075 1699 ·
1093 1656 1226 1736 Negavi
1251 1654 1291 1719 in
1317 1672 1383 1718 earn

211 1784 399 1861 coloniam,
431 1799 517 1865 quae
538 1786 630 1844 esset
649 1772 825 1854 auspicato
848 1764 1021 1841 deducta,
1043 1759 1124 1826 dnm
1147 1767 1242 1826 esset
1262 1750 1382 1820 incolo-

196 1888 295 1971 mis,
327 1882 493 1955 coloniam
519 1898 643 1947 noram
671 1876 745 1963 iure
772 1869 915 1942 deduci,
946 1863 1088 1931 colonos
1109 1866 1224 1927 novos
1247 1853 1381 1923 adscribi

213 1982 505 2070 posserescripsi.
543 1978 598 2046 Tu
620 1986 735 2043 autem
756 1966 935 2041 insolentia
956 1964 1084 2041 clatus,
1107 1962 1202 2029 omni
1226 1958 1382 2039 auspicio·
1413 1976 1414 1979 ¹

212 2108 290 2154 rum
312 2086 386 2153 iure
406 2084 563 2158 turbato,
596 2074 783 2145 Casilinum
811 2068 979 2138 coloniam
1001 2063 1208 2138 deduxisti,
1231 2082 1301 2142 quo
1322 2065 1382 2122 erat

212 2187 331 2270 paucis
352 2185 447 2253 annis
469 2190 547 2249 ante
567 2176 734 2254 deducta,
753 2185 793 2239 ut
813 2168 975 2239 vexillum
998 2165 1156 2250 tolleres,
1177 2173 1220 2228 ut
1242 2173 1380 2227 aratrum
1413 2148 1414 2175 l

200 2284 510 2359 circumduceresa
534 2277 633 2346 cuius
654 2275 950 2359 qnidern‘vomere
966 2280 1104 2352 portam
1126 2266 1267 2347 Capuae
1289 2279 1382 2344 pame

214 2384 462 2469 perstrinxisti,
499 2390 538 2445 ut
568 2374 721 2447 florentis
749 2373 904 2442 coloniae
934 2370 1142 2437 territorium
1170 2366 1382 2431 minneretur.

156 2488 268 2565 103Ab
296 2486 360 2552 bac
382 2481 588 2561 'religionum
623 2477 880 2560 perturbatione
908 2469 1048 2538 advolas
1075 2469 1109 2536 in
1135 2467 1188 2536 M.-
1216 2463 1383 2536 Varronis,

216 2584 421 2654 sanctissimi
442 2591 543 2663 atque
563 2578 774 2658 integerrimi
795 2575 878 2653 viri,
899 2571 1043 2638 fundum
1060 2568 1269 2636 Casinatem.
1315 2568 1381 2656 Quo

216 2682 320 2750 iure?
341 2700 408 2764 quo
430 2681 520 2748 orel
539 2679 688 2762 Eodem,
709 2676 861 2759 inquies,
882 2688 949 2756 quo
970 2673 1003 2738 in
1025 2669 1188 2740 heredum
1208 2669 1250 2736 L.
1266 2665 1383 2743 Rubrii,
1413 2700 1414 2729 r

200 2804 285 2866 equo
313 2783 347 2848 in
377 2781 540 2851 heredum
567 2779 603 2847 L.
633 2776 780 2846 Turselii
802 2773 956 2858 praedia,
988 2794 1054 2856 quo
1075 2772 1109 2837 in
1129 2769 1279 2852 reliquas
1300 2769 1383 2836 innu-

218 2881 397 2951 merabiles
418 2882 669 2966 possessiones.
710 2877 755 2944 Et
775 2877 803 2944 si
825 2876 865 2951 ab
886 2873 1002 2951 hasta,
1028 2871 1140 2939 valeat
1160 2871 1278 2957 basta,
1306 2869 1383 2936 ralo-
1413 2876 1414 2915 r

217 2996 280 3053 ant
304 2982 455 3063 tabulae,
476 2980 580 3051 modo
603 2979 777 3064 Caesaris,
801 3000 869 3044 non
887 2988 983 3058 tuae,
1005 2974 1126 3057 quibus
1141 2972 1304 3057 debuisti,
1324 2991 1382 3037 non

117 3152 120 3158 ,
216 3086 345 3169 quibus
359 3096 397 3152 tet
420 3096 452 3151 te
473 3080 667 3153 liberavisti,
707 3079 868 3145 Varronis
889 3075 1023 3160 quidem
1041 3076 1234 3140 Casinatem
1251 3072 1381 3137 fundum

111 3256 112 3260 ,
217 3187 293 3268 quis
314 3185 449 3251 venisse
471 3181 579 3249 dicit'l
600 3183 674 3263 quis
696 3180 828 3246 hastam
851 3178 948 3243 istius
969 3176 1173 3248 venditionis
1189 3161 1380 3254 additi-quis

216 3307 345 3359 vocem
361 3282 539 3383 praeconis
560 3281 713 3348 audivit‘l
735 3279 873 3346 Misisse
895 3288 926 3342 te
948 3274 1032 3342 dicis
1046 3273 1315 3354 Alexandream,
1335 3274 1380 3355 qui

206 3397 347 3454 emeret
375 3384 577 3456 aCaesare.
626 3384 741 3463 ipsum
771 3380 860 3447 enim
894 3386 1095 3456 exspectare
1123 3396 1283 3453 magnum
1310 3372 1380 3440 luit!
1413 3378 1414 3411 r

158 3503 215 3565 104
224 3486 310 3576 Quis
334 3505 417 3553 voro
436 3484 565 3552 audivit
585 3492 733 3563 unquam
756 3478 895 3556 (nullius
914 3489 1028 3545 autem
1048 3475 1141 3543 salus
1162 3474 1267 3542 curae
1286 3474 1378 3558 pluri·

223 3585 283 3650 bus
311 3583 389 3660 fuit)
418 3582 459 3648 de
486 3583 632 3649 forttmis
661 3580 824 3646 Varronis
848 3575 1051 3643 remullam
1078 3596 1154 3646 esse
1178 3573 1377 3643 detractam?
1413 3570 1414 3579 ’

222 3681 342 3772 Quid?
370 3684 399 3750 si
415 3682 516 3750 etiam
538 3681 674 3764 scripsit
689 3678 733 3747 ad
749 3690 782 3745 te
803 3679 946 3763 Caesar,
968 3689 1006 3743 ut
1020 3675 1199 3743 redderes:
1220 3677 1296 3758 quid
1310 3675 1377 3742 satis

289 3887 302 3950 b
322 3887 378 3934 tot.
399 3886 514 3942 osonum
525 3887 627 3949 quidem]
643 3886 724 3934 Vatic.
737 3884 810 3933 Bem.
823 3886 905 3933 Guell.
918 3886 1100 3945 quondoquidem
1117 3885 1192 3931 0.-
1207 3887 1290 3943 grandi
1293 3880 1376 3947 fenore]

221 3972 310 4019 Mirum
321 3968 410 4017 luntas
421 3969 551 4041 lectionem
565 3969 711 4028 glandiferae
725 3969 837 4029 agnoscit
849 3970 899 4017 iam
909 3969 1049 4037 Marcianus
1060 3968 1165 4030 Capella
1177 3968 1277 4019 libetur.
1292 3966 1374 4027 past

220 4056 277 4100 lieet
295 4054 385 4100 netto·
401 4049 604 4111 glandiferae
616 4054 832 4108 possessiones
849 4053 919 4098 dieat.

289 4158 302 4220 i
323 4161 378 4206 toa,
400 4159 525 4205 Casilinum
542 4157 661 4218 oppidum
679 4157 832 4219 Campaniae
848 4158 881 4204 ad
897 4157 1043 4219 Volturnum
1059 4144 1138 4203 situm.
1213 4192 1216 4199 Α

286 4264 430 4324 1101111
444 4267 466 4311 u·
482 4265 512 4311 ab
528 4263 606 4326 ueta]
624 4269 663 4320 el,
680 4260 1370 4323 dodcutmreuedonoeerpoomtooeoenmecs
