2850 4759
150 377 153 381 ,
175 308 234 372 tto
650 297 887 368 CICERONIS

172 465 301 530 iustum
320 462 479 539 iudicari,
502 459 591 543 quod
607 459 777 527 Arretinis
799 457 958 539 adempta
976 457 1095 523 civitas
1114 468 1221 534 esset,
1242 470 1273 523 et
1290 477 1344 536 ego

173 561 406 628 vehementius
440 558 711 637 contendissem,
746 559 924 625 civitatem
951 557 1054 623 adimi
1085 580 1153 623 non
1181 559 1339 638 potuisse,

174 664 357 729 decemviri
387 665 496 743 prima
527 662 659 726 actione
682 681 751 726 ison
776 659 1032 737 iudicaverunt3
1052 670 1171 739 postea
1194 680 1231 724 re
1253 679 1345 739 quae·

157 765 238 830 ¹sita
256 776 289 828 et
310 762 491 828 deliberata
511 772 763 827 sacramentum
782 774 939 829 nostrum
958 760 1084 824 iustum
1102 759 1340 824 iudicaverunt.

172 867 286 946 Atque
310 862 376 930 hoo
405 874 439 928 et
463 874 581 930 contra
610 861 743 927 dicente
768 863 869 927 Cotta
892 873 925 927 et
949 860 1041 927 Sulis
1063 861 1142 926 viro
1164 859 1341 925 iudicatum

174 976 236 1034 est.
277 964 349 1029 ianr
375 983 458 1028 vcro
489 963 523 1027 iu
548 963 689 1040 ceteris,
721 973 760 1027 ut
784 983 920 1040 omnes,
957 962 1076 1043 quiin
1105 961 1224 1026 eadem
1250 977 1343 1024 causa

173 1076 271 1141 sunt,
303 1077 336 1131 et
359 1064 435 1143 iege
462 1073 564 1141 agant
584 1073 618 1127 et
645 1083 746 1129 suum
771 1063 822 1127 ius
844 1073 1095 1144 persequantur
1115 1074 1149 1125 et
1169 1062 1264 1126 omni
1279 1060 1342 1124 iure

174 1165 264 1233 civili
285 1166 356 1232 siue
382 1166 580 1246 cuiusquam
609 1174 667 1229 aut
692 1160 913 1242 magistratus
943 1174 1002 1229 aut
1026 1161 1146 1228 iudicis
1171 1175 1233 1226 aut
1255 1158 1342 1242 periti

173 1265 320 1332 hominis
345 1275 404 1331 uut
421 1263 567 1344 imperiti
593 1262 802 1329 dubitatione
823 1275 981 1341 utantur,
1013 1261 1092 1344 quid
1112 1284 1175 1341 ego
1201 1274 1343 1328 comme·

175 1387 305 1432 morem
335 1364 474 1429 dubium
496 1384 571 1430 esse
593 1364 721 1433 nemini
743 1363 927 1430 vestrum?
992 1358 994 1361 ’
1188 1411 1190 1415 -

112 1464 154 1526 98
251 1463 422 1533 XXXW.
463 1465 611 1538 †Certo
643 1463 760 1544 quaeri
786 1461 854 1528 hoe
881 1461 994 1529 solere
1018 1481 1073 1527 me
1096 1478 1165 1530 non
1191 1463 1345 1545 praeterit

175 1551 231 1641 dut
254 1587 297 1631 ex
322 1586 376 1632 me
404 1585 460 1641 ea,
491 1586 575 1646 quae
601 1566 657 1631 tibi
680 1567 714 1631 in
740 1576 888 1630 mentem
914 1588 982 1631 non
1007 1566 1179 1641 veniunt,
1200 1565 1344 1639 audias),

175 1665 481 1748 quemadmodum,
503 1666 532 1730 si
555 1666 673 1731 civitas
698 1665 801 1730 adimi
822 1688 891 1731 non
915 1665 1039 1747 possit,
1059 1667 1091 1730 in
1116 1663 1271 1730 colonias
1294 1665 1348 1728 La·

173 1770 262 1833 tinas
292 1764 537 1848 saepeuostri
573 1765 664 1830 cives
698 1765 846 1857 profecti
880 1767 960 1831 sint.
1001 1767 1071 1830 Aut
1094 1786 1156 1831 sua
1176 1764 1345 1831 voluntate

175 1880 235 1934 aut
259 1866 342 1947 legis
365 1865 477 1933 mul-ta¹
498 1866 644 1946 profecti
669 1877 763 1931 sunt:
786 1886 887 1946 quam
910 1865 1053 1931 multam
1077 1867 1104 1932 si
1128 1867 1275 1931 sufferre
1293 1878 1346 1929 vo-'

173 1965 335 2041 luissent,
358 1980 471 2033 tamen
493 1987 631 2032 manere
650 1966 685 2031 in
708 1967 845 2031 civitate
866 1968 1068 2047 potuissent.
1112 1966 1233 2055 Quid?
1254 1986 1345 2049 quem

173 2073 272 2148 pater
303 2080 456 2147 patratus
489 2067 616 2132 dedidit
642 2078 701 2133 aut
732 2087 815 2133 suus
840 2079 938 2148 pater
963 2066 1153 2147 populusve
1181 2068 1344 2141 vendidit,

175 2189 242 2248 quo
268 2168 295 2234 is
318 2169 390 2233 iure
412 2169 536 2233 amittit
557 2168 760 2234 civitatem?
793 2169 837 2236 Ut
859 2167 1025 2247 religione
1044 2170 1163 2232 civitas
1185 2167 1343 2241 solvatur,

174 2270 262 2334 civis
281 2271 455 2336 Romanus
483 2270 646 2346 traditurt
677 2271 733 2351 qui
757 2291 835 2336 eum
858 2283 911 2335 est
930 2280 1110 2348 aceeptus,
1142 2281 1194 2333 est
1220 2289 1345 2341 eorum,

172 2370 295 2450 quibus
318 2382 369 2435 est
395 2369 546 2436 deditus:
569 2370 597 2435 si
622 2393 690 2435 non
708 2372 897 2450 accipiunt,
919 2381 957 2434 ut
983 2369 1181 2434 Mancinum
1204 2369 1348 2433 Numan·

172 2470 251 2544 tini,
268 2470 401 2534 retinet*
419 2470 583 2547 integram
608 2490 747 2534 oausam
775 2483 808 2534 et
828 2472 881 2536 ius
903 2456 1080 2536 civitatis?
1101 2469 1134 2534 Si
1156 2468 1253 2550 pater
1275 2488 1346 2553 ren·

173 2567 258 2633 didit
286 2590 386 2647 eum,
407 2588 508 2646 quem
534 2568 567 2630 in
588 2588 684 2632 suam
708 2580 912 2648 potestatem
938 2581 1157 2650 susceperat,
1187 2590 1230 2634 ex
1256 2581 1344 2650 pote·

111 2664 152 2737 9⁹
173 2667 435 2735 state'dimittitt
478 2667 549 2732 lam
577 2666 750 2755 populus,
783 2692 860 2736 cum
895 2692 973 2736 eum
1004 2670 1138 2747 rendit,
1170 2673 1226 2751 qui
1258 2667 1347 2734 miles

171 2769 283 2833 faetus
309 2789 378 2831 non
404 2778 475 2844 est,
494 2791 578 2834 non
607 2770 725 2835 adimit
753 2774 782 2835 ei
809 2772 1017 2838 libertatem:
1049 2773 1108 2838 sed
1133 2771 1260 2837 iudicat
1284 2792 1346 2835 non

172 2889 248 2936 esse
272 2891 348 2935 eum
373 2867 536 2947 liberum,
559 2873 632 2951 qui,
655 2884 693 2936 ut
714 2871 798 2936 iiber
821 2875 883 2948 sit,
907 2874 1000 2938 adire
1019 2871 1207 2954 pericnlum
1227 2870 1347 2946 uoluit3

172 2989 248 3036 oum
275 2972 585 3057 auteur-incensum
608 2971 740 3049 verunt,
772 2971 839 3037 hoe
864 2973 1008 3038 iudicat:
1044 2994 1124 3039 eum
1155 2974 1203 3049 oi,
1237 2971 1347 3054 quiin

171 3072 335 3137 servitute
357 3073 446 3138 iusta
470 3073 770 3150 tununnrensu
796 3073 999 3150 liberentur,
1032 3096 1129 3158 eum,
1165 3075 1241 3154 qui,
1273 3091 1346 3136 eum

170 3167 379 3249 liberasset,
401 3177 531 3239 censeri
561 3175 723 3255 noluerit,
748 3177 858 3257 ipsum
882 3178 944 3242 sibi
968 3172 1347 3260 libertatem-abiudica-

170 3270 271 3358 visse.
309 3267 416 3360 ‘Quod
442 3275 470 3338 si
496 3279 644 3340 maxime
665 3276 758 3342 hisce
785 3271 885 3342 rebus
907 3275 1008 3341 adimi
1031 3275 1168 3340 libertas
1190 3271 1346 3359 anteiri-

171 3380 223 3434 tas
247 3384 378 3450 potest,
401 3395 468 3438 non
493 3367 701 3454 intelligunt,
731 3378 786 3457 qui
814 3378 898 3442 liaeo
923 3387 1212 3459 commemorant,
1241 3375 1269 3440 si
1289 3391 1347 3453 prr

170 3466 233 3535 has
259 3472 406 3539 rationes
432 3472 578 3540 maiores
604 3475 705 3540 adimi
729 3497 831 3556 posse
852 3476 1051 3554 voluerunt,
1074 3475 1140 3541 alio
1164 3473 1267 3541 modo
1292 3492 1347 3536 no·

110 3565 303 3637 statuisset
343 3572 431 3637 Nam
461 3586 498 3637 ut
530 3573 613 3639 liaeo
636 3595 679 3638 ex
708 3576 781 3639 iure
805 3576 894 3645 cirili
915 3577 1115 3656 proferunt,
1138 3577 1188 3640 sic
1210 3575 1348 3640 afferant

175 3715 369 3733 W

239 3795 309 3856 598.
333 3796 400 3841 Certo
423 3797 520 3858 quaeri]
545 3797 610 3857 Eri,
633 3802 695 3846 uude
717 3800 848 3859 probabile·
864 3805 890 3848 fit
913 3803 952 3849 hic
971 3816 1069 3864 quoqne
1086 3805 1164 3849 latere
1183 3802 1244 3847 illud
1262 3815 1284 3847 r.
1299 3796 1347 3843 sine

171 3879 220 3922 uilo
238 3879 391 3925 dubitatione
404 3883 557 3937 Tullianum,
590 3884 734 3944 seduquue
753 3885 804 3930 fore
819 3892 973 3943 corruptum:
1003 3888 1122 3942 Ceteroqui
1134 3888 1223 3942 quaeri.
1259 3882 1347 3927 Eodem

128 3990 135 3995 ,
170 3955 233 4005 redit
246 3960 388 4007 Erncouir
412 3963 513 4009 Ceterum
530 3969 617 4023 quaeri.
630 3992 663 4004 -
675 3969 750 4011 tmmu
767 3970 869 4030 inuuere]
886 3971 938 4016 Eri.
955 3971 1024 4016 05¹.
1037 3973 1084 4013 tum
1096 3983 1127 4012 m.
1140 3959 1214 4011 0.-‘-
1227 3959 1288 4011 dedit
1297 3961 1347 4006 Ets-

196 4083 198 4090 ,
226 4041 249 4101 'b
273 4042 314 4087 99.
345 4038 560 4104 &afuerunt--
573 4053 719 4097 liberentur·
732 4053 933 4113 ·aitu‹ttcavtne]
960 4054 1012 4098 Err.
1036 4051 1232 4108 ausonii--
1245 4048 1348 4091 uteretur

169 4123 310 4166 attoriense
330 4125 361 4171 Ο.
378 4155 406 4165 -
424 4132 484 4173 lrirte
501 4132 576 4193 rubus]
595 4134 674 4180 lunta.
692 4136 792 4181 Iordan.
814 4139 868 4180 tuce
884 4135 951 4180 rebus
964 4137 995 4181 Ο,
1007 4133 1143 4195 (visceribus
1155 4130 1220 4191 nrt)
1231 4154 1264 4165 -
1275 4129 1347 4173 mali·

169 4215 206 4250 ret
224 4207 307 4266 rtdirni]
330 4209 382 4277 m·
403 4212 476 4253 adimi
494 4217 592 4258 iuniores
609 4217 635 4260 1‘.

237 4288 247 4347 i
271 4289 326 4336 ¹⁰⁰·
350 4290 489 4352 proferunt]
520 4295 558 4342 Sic
582 4290 732 4346 scribendum
755 4299 882 4347 videbatur
908 4316 942 4349 ex
967 4301 1018 4348 Erf.
1038 4298 1180 4358 prosuerunt
1206 4284 1253 4357 pro
1273 4293 1340 4351 volg-
