2850 4759
210 271 380 343 cuano
401 261 485 343 rao
512 272 556 366 p.
578 272 780 354 arcano,
807 293 838 342 ι.
854 275 1002 342 uun.
1131 277 1190 341 ru
1218 270 1221 277 ·

30 436 198 513 lacrimae,
222 446 356 502 moveat
374 435 497 517 pietas,
520 446 654 502 moreat
673 435 896 515 germanitus
915 432 1026 501 ualeat
1047 447 1103 504 tua
1119 459 1189 505 vox

30 537 89 613 lia,
111 560 200 622 qnae
223 539 312 605 vicit.
353 538 403 605 Te
425 539 511 606 enim
535 536 646 604 dicere
667 536 884 606 audiebamus
905 559 968 606 nos
989 561 1107 609 omues
1128 541 1188 609 ad·

30 645 189 710 uersarios
213 655 352 729 putare,
383 644 445 709 uisi
467 643 521 726 qui
544 642 720 709 nobiscum
742 653 869 710 essent:
905 653 938 708 te
959 665 1095 720 omnes,
1130 645 1186 729 qui

30 758 137 813 contra
165 759 200 814 te
228 770 295 815 ιιοιι
323 759 452 826 essent,
487 748 573 814 trios.
615 744 763 812 Videsne
790 746 893 827 igitur
919 744 1009 812 hunc
1030 745 1186 829 splendo-

30 871 109 922 rem,
132 870 273 916 omnem
295 849 380 917 banc
402 848 632 918 Brocchorum
655 847 814 926 domum,
835 847 926 916 hunc
946 850 981 919 L.
1003 850 1185 932 Marcium,

30 953 59 1018 b.
81 954 295 1033 Caesetium,
317 953 353 1021 L.
375 953 579 1033 Corfidium,
599 951 704 1043 hosce
726 973 842 1020 omnes
858 953 985 1036 equites
1000 952 1184 1033 Romanos,

30 1058 73 1138 qni
94 1057 222 1124 adsunt
244 1068 338 1124 reste
359 1068 504 1136 mutata,
525 1079 592 1124 non
612 1054 723 1124 solum
738 1068 837 1124 notos
853 1056 929 1140 tibi,
950 1059 1183 1125 verumetiam

30 1161 180 1241 probatos
209 1160 328 1227 viros?
372 1161 499 1228 Tecum
529 1164 677 1227 bierunt.
726 1162 838 1243 Atque
863 1158 915 1228 his
943 1161 1183 1247 irascebamur,

30 1262 79 1328 bos
100 1264 374 1347 requirebamus,
396 1263 447 1330 his
468 1261 618 1331 nonnulii
633 1263 733 1351 etiam
749 1263 970 1330 minabantur.
1012 1267 1184 1336 Conserra

30 1367 119 1445 igitur
141 1368 208 1433 tuis
231 1389 333 1435 suos:
356 1380 411 1446 nt,
433 1366 718 1451 quemadmodum
739 1378 870 1446 cetera,
892 1389 976 1450 quae
997 1368 1185 1438 dictasunt

31 1483 109 1550 ate,
138 1472 190 1538 sic
213 1470 279 1538 boc
301 1472 514 1539 verissimum
536 1471 732 1553 reperiatur.

95 1575 177 1642 ΧΗ.
221 1575 355 1666 Quodsi
370 1575 502 1657 penitus
516 1575 708 1659 perspicere
723 1593 842 1655 posses
856 1573 1072 1643 concordiam
1087 1575 1182 1657 Liga·
1204 1579 1243 1642 31

31 1677 166 1766 riorum,
201 1700 322 1747 omnes
349 1681 471 1745 fratres
499 1689 610 1744 tecum
636 1677 803 1745 iudicares
832 1677 950 1747 fnisse.
992 1684 1044 1746 Αιι
1071 1693 1184 1762 potest

33 1782 195 1865 quisquam
218 1782 387 1859 dubitare,
409 1781 505 1865 quin,
528 1782 555 1849 si
579 1781 622 1872 Q.
635 1780 787 1862 Ligarius
807 1783 840 1847 in
855 1779 949 1847 ltalia
964 1803 1038 1849 esse
1053 1785 1183 1866 potuis·

33 1893 89 1969 set,
120 1886 152 1951 in
181 1885 301 1953 eadem
323 1887 487 1953 sententia
507 1884 644 1951 futurus
664 1884 788 1962 suerit,
823 1885 857 1951 in
878 1907 943 1967 qua
964 1886 1086 1954 fratres
1108 1888 1183 1954 lire·

33 1987 122 2052 ιιιιιιῗ>
144 1989 232 2080 Quis
249 2002 315 2066 est,
335 1992 391 2074 qui
408 1988 526 2056 borum
541 2009 746 2055 consensum
763 1988 1011 2070 conspirantem
1030 2002 1064 2056 et
1078 2011 1183 2073 paene

33 2090 198 2160 cartilatum
229 2094 263 2160 in
291 2094 354 2161 bac
381 2114 486 2177 prope
518 2089 719 2175 aequalitate
752 2090 901 2158 fraterna
927 2115 992 2158 uon
1020 2095 1182 2160 noverit‘i

34 2193 78 2270 qui
103 2193 165 2261 boc
190 2221 260 2264 ιιοιι
289 2199 428 2276 sentiat,
461 2195 592 2281 quidvis
620 2195 715 2276 prins
743 2193 896 2260 futurum
923 2195 1046 2274 luisse,
1081 2219 1180 2280 quam
1199 2190 1210 2263 ἶ

34 2307 63 2357 nt
85 2295 115 2361 bi
142 2301 266 2367 fratres
296 2299 445 2368 diversas
471 2299 653 2369 sententias
681 2297 917 2380 fortunasque·
933 2300 1182 2381 sequerentur?

34 2393 195 2469 tfoluuuu
219 2404 320 2484 igitur
341 2425 458 2470 omnes
482 2417 592 2470 tecum
615 2402 768 2468 fuerunt:
802 2412 1000 2484 tempestate
1021 2403 1182 2485 abreptus

35 2512 76 2564 est
95 2525 197 2583 unnsa
232 2508 287 2590 qui
314 2507 343 2574 si
369 2504 511 2574 ¹consilio
539 2504 572 2573 id
599 2505 755 2582 fecisset,
789 2517 879 2573 esset
908 2526 1027 2573 eorum
1049 2506 1182 2582 similis,

35 2623 103 2680 quos
131 2621 163 2673 tn
192 2624 305 2679 tamen
332 2609 445 2678 salvos
472 2631 547 2678 esse
577 2608 726 2677 voluisti.
780 2610 845 2678 Sed
872 2611 948 2676 ierit
975 2610 1016 2675 ad
1044 2608 1180 2694 bellum,
1201 2626 1239 2687 35

36 2701 207 2780 discesserit
229 2737 295 2780 non
317 2735 336 2780 a
358 2725 389 2781 te
410 2711 539 2793 solum,
571 2735 688 2781 verum
717 2715 817 2782 etiam
839 2735 860 2781 a
879 2703 1061 2793 fratribus,
1092 2713 1124 2779 bi
1148 2725 1181 2781 te

37 2850 242 2877 x·—

39 2937 164 3002 0Μ’]ῗιιίιιιι
186 2951 202 2998 l.
221 2952 251 2998 L.
271 2951 417 3011 Cornificium
437 2952 461 3000 1).
482 2976 517 2991 -
532 2953 574 2998 lios
594 2965 671 2997 ornnes
692 2953 740 3012 ogi.
758 2948 817 3010 (non
836 2951 874 3013 1).)
890 2977 923 2990 -
940 2957 1006 2998 notor
1024 2966 1101 2998 nerum
1119 2953 1135 2999 l.
1147 2976 1179 2990 -

36 3025 92 3074 uiros.
125 3033 204 3081 Tecum
214 3036 325 3097 suerunt]
344 3037 384 3083 Ex
401 3037 465 3083 coni.
482 3051 550 3094 mea,
567 3044 666 3097 receptu
682 3037 755 3083 etiam
773 3053 789 3083 ιι
805 3036 940 3098 Madvigio.
956 3040 1034 3087 viros.
1052 3039 1092 3096 qui
1108 3043 1180 3081 tecum

32 3105 250 3179 immergerem
271 3126 343 3167 terum
363 3121 438 3180 fuisse
458 3121 498 3169 bu.
518 3145 552 3159 -
571 3126 594 3166 et
615 3124 658 3170 tor
676 3137 725 3180 req.
749 3121 772 3166 b.
792 3125 815 3165 et
832 3123 868 3166 tir
887 3121 911 3167 b.
930 3147 962 3160 -
982 3123 1097 3166 nonnullis
1114 3122 1131 3167 l.
1146 3146 1181 3159 -

37 3194 169 3267 titulantur]
190 3207 239 3265 gib.
260 3206 406 3252 minabamur
427 3220 464 3252 er.
481 3230 516 3243 -
529 3220 544 3251 a
565 3210 586 3251 ta
599 3208 661 3251 elicta
679 3210 746 3259 runt,
762 3220 778 3250 o
795 3210 817 3249 ta
832 3207 866 3250 sic
886 3205 909 3251 b.

89 3306 152 3382 t'st.
169 3335 242 3377 lacurn
258 3332 370 3376 iudicares
381 3330 456 3390 fuisse
473 3344 590 3391 superior.
608 3345 687 3378 rursus
704 3334 776 3375 tecum
794 3337 851 3390 post
869 3345 892 3378 r.
910 3332 1023 3376 iudicares
1035 3331 1052 3377 1.
1072 3353 1101 3367 ·-
1115 3329 1179 3388 suis·

37 3405 62 3443 “²
70 3403 153 3460 futurus
171 3419 217 3477 egl.
235 3415 293 3479 (ιιοιι
313 3414 348 3476 b.)
383 3416 467 3461 Malim
478 3414 556 3475 suerit
567 3413 670 3473 futurus.
687 3439 722 3452 -
740 3416 832 3473 quisque
849 3417 931 3460 trorum
949 3416 965 3461 l.
984 3417 1084 3474 -quis
1101 3415 1178 3462 loct.

39 3494 101 3534 ΗΕΒ·
117 3508 190 3544 menn.
211 3524 241 3535 -
260 3501 285 3545 bi
303 3505 327 3546 ut
343 3501 366 3546 b.
383 3527 417 3538 -
434 3514 481 3547 om.
500 3504 644 3559 reqrurentur
661 3499 684 3544 b.
694 3523 729 3535 -
741 3497 853 3557 fecissent
868 3515 893 3560 g.

91 3589 152 3656 535.
169 3610 207 3653 red
224 3611 279 3654 ierit
295 3624 412 3679 superarer.
431 3614 505 3653 tamen
523 3614 579 3667 port
595 3609 634 3653 sul
652 3609 667 3653 l.
682 3634 712 3645 -
725 3610 857 3653 disseruerit
873 3624 911 3668 eg.
929 3609 988 3669 (ιιοιι
1002 3606 1046 3663 11).)
1058 3624 1092 3647 -’-
1103 3609 1180 3668 qualis

40 3682 136 3730 repersus,
157 3691 205 3732 tuns
227 3706 248 3736 e.
271 3694 345 3750 qualis
369 3697 416 3736 tum
438 3692 455 3735 1.
474 3690 522 3750 (l)
540 3691 562 3738 b.
576 3708 617 3729 ·-
642 3706 689 3739 οιιι.
708 3694 755 3737 nisi
771 3708 794 3738 e.
815 3719 842 3731 -
863 3707 930 3752 quam
947 3695 991 3738 luoc
1008 3695 1040 3739 el.
1059 3720 1090 3733 -
1110 3707 1180 3752 quam

42 3801 240 3834 *N-

41 3896 80 3936 llft
93 3910 202 3957 mortuum.
236 3912 275 3957 Da
290 3914 375 3971 igitur,
394 3927 490 3972 quaero,
510 3918 626 3973 negotium
647 3918 780 3968 Pharnaci,
798 3917 902 3970 Antaeo,
920 3917 998 3962 Saluio
1010 3916 1179 3976 (scriptoribus

41 3970 147 4047 liburia),
171 4000 194 4038 ut
212 3997 236 4042 irl
258 4011 338 4042 nomen
358 4012 388 4042 ea·
407 3999 510 4043 omnibus
531 4000 596 4044 libris
614 4003 719 4048 tollatur.
754 4002 802 4047 Sed
821 4001 931 4048 videntur
945 4001 993 4048 iam
1016 4000 1085 4047 nimis
1104 4001 1178 4046 multe

43 4067 135 4124 “mlh
151 4077 292 4128 elariuimae
309 4082 428 4128 orationis
448 4084 514 4130 faeta
534 4082 619 4141 iubae,
636 4090 663 4130 ut
680 4084 703 4131 id
723 4085 775 4131 lieri
795 4099 843 4133 ιιοιι
869 4091 959 4146 posset.
977 4086 1042 4130 Bau.

95 4186 155 4248 b35·
176 4202 201 4250 Τ.
221 4203 342 4271 Ligarius]
370 4222 416 4267 pro
440 4206 519 4253 Balbo
545 4222 566 4254 c.
584 4209 625 4256 et.
664 4210 688 4255 C.
712 4211 830 4255 &aarum
849 4215 939 4255 senatur
955 4214 978 4254 et
991 4223 1073 4267 genere
1089 4209 1178 4265 snppli-

34 4268 135 4355 *fumum
160 4293 298 4345 amplissimo
323 4294 416 4336 ornauit
439 4297 462 4336 et
486 4307 579 4338 numero
606 4295 694 4339 dierum
717 4308 785 4341 noro.
819 4295 885 4339 Idem
907 4296 931 4338 in
956 4294 1069 4351 angustiis
1091 4293 1178 4338 aerard

44 4355 130 4405 mmm*
149 4377 266 4421 enucleam
287 4378 401 4434 stipendio
418 4375 545 4434 asseritlix
566 4377 602 4424 bis
624 4378 765 4438 intelligitur
784 4377 813 4425 Τ.
830 4377 951 4437 Ligarium
968 4381 1121 4437 quaestorem
1139 4390 1178 4422 ur·
