2850 4759
177 259 240 322 tte
649 252 885 323 ClCERONlS

118 419 153 480 tl
257 415 375 507 Quare
397 408 617 493 eoirservate,
643 411 792 491 iudices,
818 411 995 480 homiuem
1017 411 1150 495 pudore
1175 434 1242 493 ee,
1267 437 1367 499 quem

176 519 367 586 amicorum
386 516 509 582 ridetis
525 516 729 598 conprobari
744 536 823 581 eum
843 513 1026 600 dignitate,
1048 526 1121 581 tum
1139 515 1250 585 etiam
1270 529 1366 584 veta·

174 630 283 697 state,
305 619 440 698 lagereio
460 629 574 684 autem
599 629 713 696 tanto,
736 628 900 700 qtrantum
922 617 955 683 id
978 617 1137 683 eorrvenit
1158 619 1365 699 existimari,

173 720 268 819 pred
290 741 506 787 suarurorum
529 719 707 786 homiuum
730 718 873 798 ingeniis
892 719 1079 799 expetitum
1098 738 1177 785 esse
1199 717 1364 796 videatiaa

175 843 281 890 eausa
299 843 381 890 vero
404 819 590 907 eiusmodi,
612 840 698 903 quae
714 820 879 888 beneficio
899 818 1002 900 legis,
1025 820 1235 887 auctoritate
1256 823 1364 888 anuui-

173 925 271 1007 alpii,
294 923 489 991 testimonio
506 922 656 1000 Luculli,
678 919 800 989 tabulis
814 918 946 987 Metelli
960 921 1218 1003 comprobetur.
1268 923 1363 1013 Quae
1410 977 1411 996 t

173 1047 255 1092 oum
279 1027 326 1092 ita
350 1024 437 1103 sint,
468 1025 616 1107 petimus
640 1044 660 1089 a
682 1023 799 1103 vobis,
831 1022 978 1101 iudices,
1016 1023 1045 1090 si
1069 1044 1134 1104 qua
1158 1045 1232 1089 riou
1262 1024 1362 1091 modo

174 1126 340 1213 bumana,
362 1148 480 1193 verum
504 1127 604 1193 etiam
627 1125 740 1191 divina
758 1127 792 1191 in
814 1125 914 1191 tantis
935 1124 1078 1202 ingeniis
1102 1125 1362 1194 commendatio

135 1223 142 1235 ⁶
173 1227 275 1293 debet
300 1248 393 1305 esse,
415 1240 457 1294 ut
478 1250 575 1305 cum,
596 1227 651 1308 qui
674 1247 754 1304 vos,
786 1227 843 1307 qui
871 1237 1006 1292 vestros
1032 1226 1289 1307 imperatores,
1308 1229 1361 1310 qni

173 1327 290 1410 populi
318 1330 461 1396 Romani
493 1349 546 1396 res
582 1340 696 1407 gestas
727 1347 863 1410 semper
893 1328 1047 1404 ornavit3
1081 1327 1137 1408 qui
1172 1329 1281 1395 etiam
1312 1333 1359 1396 his
1410 1367 1411 1450 p

173 1431 367 1496 recentibus
399 1430 525 1496 nostris
554 1429 742 1509 vestrisque
768 1427 964 1495 domesticis
993 1427 1151 1509 perieulis
1177 1442 1358 1497 aeteruum
1409 1453 1411 1520 l

172 1551 209 1596 se
233 1532 464 1597 testimonium
484 1529 592 1598 laudis
618 1529 778 1597 daturum
812 1550 886 1596 esse
915 1531 1115 1611 prolitetur3
1136 1537 1160 1608 †
1183 1533 1284 1613 isque
1310 1547 1358 1600 est

171 1652 397 1709 uouemere,
419 1634 475 1712 qui
493 1653 628 1712 semper
651 1629 740 1712 apud
757 1652 876 1698 omues
897 1635 1004 1699 sarreti
1021 1645 1102 1700 sum
1119 1631 1220 1701 habiti
1244 1634 1357 1715 itaque

170 1768 365 1785 pur-n—

97 1846 107 1863 ·
167 1842 272 1903 portam]
294 1844 349 1889 Om.
372 1844 445 1887 asiani
466 1842 529 1888 (lod.
552 1840 596 1902 (ll
620 1841 711 1889 Ursini.
730 1843 852 1902 Madvig„
883 1850 908 1890 ut
926 1843 989 1891 llor.
1006 1844 1036 1899 3,
1054 1844 1102 1899 30,
1120 1845 1145 1889 6.
1162 1848 1288 1903 multoque
1301 1860 1354 1902 pm

170 1928 216 1970 mei
237 1927 325 1971 Vitabit
341 1926 476 1973 Libitinam.
512 1925 584 1973 ovid.
603 1925 658 1971 llm.
681 1927 706 1981 1,
728 1927 773 1982 15,
790 1927 831 1971 42.
859 1927 939 1972 Vioonr
960 1941 1060 1985 parsque
1083 1930 1129 1972 mei
1150 1931 1222 1973 malta
1241 1935 1354 1986 superstas

171 2012 223 2055 erit.
259 2010 308 2056 Sed
331 2016 397 2055 recte
420 2009 479 2056 illud
505 2008 611 2054 defendit
635 2009 805 2055 Steinmetzius
828 2011 865 2055 his
882 2011 957 2057 locis:
990 2006 1072 2059 Acad.
1091 2012 1120 2068 2,
1140 2012 1181 2055 34.
1202 2012 1353 2065 Tenemus,
1410 2021 1411 2028 ¹

169 2095 226 2150 qnid
247 2095 337 2138 animas
361 2095 412 2138 eit?
439 2093 478 2137 nbi
501 2095 552 2138 sit?
579 2094 675 2151 dariique
697 2096 770 2145 silue,
798 2108 843 2145 an,
873 2098 899 2139 nt
921 2094 1066 2139 Dicaearcho
1089 2096 1162 2138 aierem
1192 2099 1239 2147 cst,
1277 2111 1306 2139 aa
1325 2099 1354 2141 n't
1410 2097 1411 2114 ¹

169 2178 259 2234 quidem
283 2178 362 2222 nllus?
395 2178 416 2219 si
437 2179 483 2226 est,
515 2176 586 2219 trisne
604 2180 686 2231 partes
708 2176 803 2228 babeat,
841 2180 867 2220 nt
888 2178 985 2221 Platoni
1004 2178 1109 2232 placarit,
1143 2180 1261 2230 rationis,
1292 2183 1349 2231 irae,

172 2258 323 2313 cupiditatis?
348 2273 378 2304 an
400 2261 502 2316 simplex
526 2271 625 2315 unusque
646 2259 696 2303 sit?
725 2260 756 2303 de
779 2257 850 2307 Finnj
869 2258 898 2313 5,
920 2259 963 2313 18,
983 2258 1037 2305 aas
1056 2261 1137 2304 Animi
1157 2265 1235 2305 antem
1262 2267 1286 2306 et
1308 2265 1353 2308 ein

169 2343 242 2387 animi
256 2344 348 2399 portis,
366 2352 430 2400 qnae·
437 2345 548 2399 princeps
565 2345 599 2386 eal
616 2355 716 2400 quaeque
733 2355 795 2385 mors
812 2343 958 2399 appellatur,
979 2345 1059 2400 plnres
1076 2348 1130 2403 aaut
1144 2345 1250 2390 virtutes.

236 2446 248 2508 l
261 2449 303 2493 er.
315 2463 365 2494 cnm
377 2446 502 2510 dignitate]
511 2449 563 2495 Eri.
572 2449 615 2494 Sr.
622 2449 670 2493 Ka.
689 2449 772 2507 Volgo
782 2454 829 2492 tnm
838 2450 862 2494 at.
887 2449 991 2509 Egregie
1000 2451 1174 2499 demonstrarit
1181 2453 1352 2516 smerenuarg

168 2536 215 2575 tnui
224 2553 260 2565 -
272 2535 319 2574 tam
331 2533 397 2588 apud
408 2531 510 2578 Latinos
520 2532 657 2591 significare
670 2533 725 2576 bald
737 2555 748 2565 -
761 2533 852 2584 -bald,
866 2546 988 2593 uunquam
1004 2548 1078 2590 vero,
1090 2537 1175 2580 revolat
1185 2561 1220 2571 -
1229 2540 1271 2582 als
1279 2542 1352 2594 saeba

167 2626 217 2672 quo
235 2612 383 2671 significatu,
410 2613 482 2659 etium
501 2629 534 2660 ex
552 2615 701 2660 auctoritate
719 2615 868 2674 optimorum
887 2616 980 2675 eoae,
1002 2632 1099 2676 semper
1116 2619 1271 2665 scribendum
1290 2638 1350 2668 esse:

167 2708 217 2737 cram
238 2718 264 2730 -
286 2699 341 2739 tam.
358 2721 392 2732 -
409 2698 528 2756 vetustate]
547 2698 619 2745 Coni.
632 2698 722 2743 Mureti
740 2701 834 2743 lirmata
852 2700 962 2748 able.
989 2700 1127 2759 Significat:
1146 2709 1227 2748 vetere
1248 2719 1352 2752 consue-

166 2777 263 2831 tudine,
287 2792 351 2837 quae
369 2779 422 2838 ipsa
440 2779 511 2838 siguo
529 2786 579 2835 est,
607 2781 735 2828 virtutibus
752 2783 800 2828 suis
818 2781 934 2828 Archiam
952 2783 1049 2843 dignum
1066 2800 1093 2830 se
1111 2786 1263 2842 praestitisse
1282 2788 1351 2834 Cice

164 2859 232 2906 roais
250 2860 394 2918 praesertim
419 2861 536 2908 amicitia.
572 2864 719 2920 Dignitatem
743 2864 806 2910 euim
830 2866 913 2923 potius
939 2866 1026 2912 ceteris
1049 2870 1141 2926 poetae
1162 2869 1264 2925 amicis,
1293 2870 1349 2917 viris

163 2942 296 2996 illustribus
313 2944 412 3003 tribuit,
436 2945 481 2990 sibi
500 2946 673 2992 modestissime
691 2952 839 3002 oetasmtem,
868 2954 988 3001 veterem,
1013 2956 1040 2994 ut
1057 2950 1125 3009 uixi,
1147 2951 1278 3007 notitiam,
1300 2967 1348 3013 qao

162 3026 300 3086 significatu
318 3027 450 3088 aliquoties
468 3028 551 3074 utitur.
569 3034 684 3074 mactate
701 3030 754 3076 Eri.
773 3032 855 3077 Ceteri
879 3032 942 3079 libri.
960 3034 1008 3079 lla,
1028 3033 1072 3079 Sr.
1091 3034 1116 3080 2.
1150 3034 1199 3079 Sed
1216 3036 1250 3081 de
1270 3036 1347 3081 hemi·

161 3109 231 3171 salbos
242 3124 337 3169 semper
350 3117 450 3169 usurpet
464 3111 513 3156 hoe
524 3126 547 3157 v.
554 3111 644 3158 Cicero
657 3127 711 3158 cum
723 3114 772 3158 leui
784 3115 911 3178 εἰρωνείᾳ,
925 3115 1077 3179 νοΙιιίίΥεπ.
1086 3117 1173 3163 Accua.
1185 3118 1217 3172 5,
1229 3117 1276 3173 54,
1290 3120 1346 3164 142.
1409 3164 1410 3173 ,

161 3192 231 3235 berne
246 3193 354 3237 Venerine
371 3198 394 3238 et
409 3195 504 3252 affluens
521 3196 585 3238 maai
602 3197 681 3253 tepore
698 3210 727 3240 aa
745 3201 865 3243 venenate.
884 3198 907 3243 iu
925 3198 1010 3245 Pison.
1023 3200 1071 3255 28,
1084 3201 1126 3246 70.
1146 3201 1251 3245 &amne
1259 3200 1345 3258 facitu
1409 3228 1410 3261 ;

159 3277 183 3316 et
199 3275 265 3318 ualde
282 3281 387 3320 enanstas
404 3282 451 3322 eet.
487 3274 588 3323 Accedit
608 3279 818 3335 esOffic.1‚se,
836 3281 891 3333 130.
910 3287 1049 3329 venustatem
1061 3283 1244 3328 muliebrem
1262 3285 1344 3329 decere

159 3354 279 3409 dabam
301 3358 439 3414 dignitatem
457 3359 565 3413 virilitur
586 3362 651 3406 adeo
669 3366 707 3417 ut,
727 3361 748 3408 si
765 3359 872 3408 Archiae
889 3363 1024 3410 amicornm
1041 3370 1180 3411 salutatem
1196 3366 1220 3411 h.
1239 3367 1258 3411 1.
1276 3380 1343 3414 mn·

159 3444 317 3484 memonsset
340 3446 435 3499 orator,
461 3442 498 3488 vel
522 3440 571 3500 ipsi
595 3442 686 3489 (latoni
708 3444 782 3490 risun
804 3445 958 3492 concitasset.
981 3472 1016 3485 -
1037 3448 1158 3508 qnantum]
1179 3454 1272 3507 puato
1289 3449 1341 3496 are

159 3517 271 3577 plerique
297 3521 377 3569 Codd.
400 3524 449 3569 Ka.
501 3523 563 3570 Mihi
587 3525 683 3572 ridetur
709 3541 778 3574 mera
805 3529 1005 3577 accommodatio
1034 3533 1065 3577 ad
1091 3546 1114 3585 v,
1138 3536 1215 3586 mato,
1246 3539 1305 3580 orta
1324 3548 1341 3580 a

158 3598 279 3658 librariis,
314 3616 363 3650 noa
391 3606 509 3653 attractio
533 3608 699 3656 Graecanicae
736 3605 811 3675 φύσει
840 3611 866 3661 δὲ
892 3606 1006 3681 τοσαύτῃ
1028 3607 1077 3682 ὅσῃ
1102 3607 1152 3681 χρὴ
1176 3616 1342 3681 νομίζεσθαι.

157 3681 220 3742 (Sa.
247 3683 272 3729 2.
299 3684 378 3731 coni:
415 3694 501 3747 qnanto
529 3697 625 3748 partam
648 3693 698 3754 tal).
714 3716 750 3733 -
771 3696 901 3755 eiusmodi]
919 3698 1052 3743 huiusmodi
1076 3697 1130 3743 Eri.
1149 3699 1197 3745 lla..
1215 3723 1253 3739 ·-
1276 3704 1341 3759 tage

155 3763 214 3826 ruta]
240 3766 295 3813 Eri.
319 3767 447 3817 Matthiae.
474 3774 518 3821 Sa.
545 3775 594 3821 Ka.
619 3775 644 3821 id
669 3782 718 3822 este
748 3778 798 3832 „Si
815 3778 899 3834 vobis,
927 3779 1030 3836 iudices,
1060 3779 1119 3828 viris
1145 3787 1215 3828 tauto
1239 3783 1341 3843 iugenio

154 3849 285 3907 praeditis,
310 3849 414 3898 Archias
437 3868 487 3901 uon
510 3859 589 3904 solum
611 3860 643 3906 ab
667 3861 817 3917 hominihus,
848 3863 899 3910 eius
923 3863 1020 3922 amieis,
1055 3867 1098 3912 sed
1122 3865 1194 3912 etiam
1215 3880 1230 3911 a
1256 3867 1339 3914 divus

154 3946 199 3977 sue
226 3938 281 3979 arte
305 3932 332 3994 (a
359 3935 478 3984 facultate
506 3942 620 3998 poetica,
658 3945 726 3991 cuius
753 3945 841 4005 optimi
867 3961 913 3994 vos
938 3947 996 3994 estis
1024 3946 1231 4006 existimatores),
1272 3964 1339 3996 com·

153 4017 279 4062 mandatus
305 4016 377 4063 debet
401 4023 482 4066 ease.“
509 4026 610 4079 negotiis
633 4027 725 4088 Volgo.
753 4054 787 4067 -
813 4028 937 4094 parientis]
962 4046 979 4077 a
996 4031 1167 4079 coniuratione
1190 4031 1338 4080 Cutiliensis
1408 4034 1409 4047 ¹

153 4109 218 4143 auno
236 4103 399 4156 praecedente
416 4103 476 4148 oet.
494 4116 621 4161 oppressa·
633 4128 667 4142 -
684 4110 748 4166 isque
765 4114 799 4154 eet
815 4107 853 4171 eo]
872 4108 965 4168 codd,
983 4113 1057 4159 etlam
1068 4113 1122 4160 Erf.
1136 4113 1181 4160 Su.
1194 4113 1243 4158 Ka.
1262 4119 1337 4173 estem
1408 4114 1409 4123 ¹

152 4190 183 4220 ea
206 4193 233 4222 eo
255 4183 385 4228 admodum
410 4184 572 4243 probabiliter
590 4186 700 4247 Madvig.
718 4193 800 4250 quique
817 4197 853 4238 ert
868 4207 895 4238 eo
912 4194 994 4241 lanta.
1012 4195 1105 4256 Volgo.
1148 4197 1196 4243 Sed
1215 4211 1251 4243 ex
1269 4198 1337 4244 inae·

153 4259 309 4309 mutabilibus
334 4266 455 4323 exemplia
479 4281 496 4312 a
519 4267 711 4330 Stuereaburgio
729 4274 827 4334 allatis,
854 4277 902 4324 rite
918 4278 1042 4339 colligitur
1059 4279 1205 4328 Ciceronem
1222 4281 1337 4344 aliosque
