2850 4759
194 266 254 335 tlt
668 259 907 331 CICERONIS

186 427 304 500 diem,
328 422 393 490 boe
412 430 574 504 punctum
593 418 861 501 temporie-qno
879 415 1022 498 loquor,
1038 413 1199 493 defende,
1217 415 1252 483 si
1273 424 1372 495 potee-

196 529 265 594 Cur
295 536 507 591 armatorum
535 541 664 587 corona
695 531 834 586 senatus
870 517 1116 599 saeptusestl
1145 539 1212 585 cur
1251 534 1310 580 me
1336 514 1372 581 ui

195 623 358 695 satellites
383 645 461 690 οιιιιι
486 621 606 702 gladiis
634 617 802 686 arcebunt?
837 638 900 684 cnr
928 617 1046 685 valvae
1073 619 1300 685 Concordiae
1319 641 1372 684 rrer

136 751 139 757 ’
196 726 340 810 patent?
380 747 442 791 cuc
472 722 627 790 bonnues
657 720 809 791 omrriurn
837 720 991 798 genitium
1020 721 1167 785 maxime
1199 721 1372 793 barbaros,

195 827 368 910 Ituraeos,
404 845 482 892 etrtn
517 823 651 902 sagittis
685 819 825 887 deducis
850 819 883 886 in
911 820 1056 885 lorum?
1076 852 1116 866 -·
1137 821 1373 887 Praesidiisai

197 946 300 995 carisa
318 947 355 994 se
373 925 487 991 faeere
506 923 598 991 dicit.
613 957 653 971 —
666 922 787 989 Nonne
808 921 911 1000 igitur
932 919 1039 987 milies
1058 923 1168 1002 perire
1181 934 1247 989 est
1267 921 1376 990 anelius

196 1048 295 1110 quarn
324 1028 357 1093 in
384 1025 609 1109 suacivitate
637 1023 711 1091 sine
739 1033 949 1097 armatorum
977 1022 1145 1104 praesidio
1174 1045 1257 1090 non
1287 1044 1376 1105 posu

196 1129 335 1195 nivere?
354 1126 422 1193 Sed
440 1125 572 1192 nullum
591 1125 770 1202 estium,
792 1120 1010 1201 mihicrede,
1032 1116 1261 1204 praesidium.
1293 1125 1376 1192 Cari

198 1239 266 1299 tate
282 1240 315 1295 et
330 1224 564 1295 benevolentia
585 1226 710 1292 oirium
732 1236 886 1308 saeptum
905 1235 1043 1305 oportet
1057 1244 1151 1303 esse,
1173 1249 1252 1294 non
1268 1226 1373 1294 armis.

136 1325 332 1410 lttEripiet
356 1339 390 1395 et
416 1327 633 1409 extorquebit
663 1327 723 1392 tibi
750 1325 814 1393 ista
841 1323 988 1408 populus
1016 1325 1211 1406 Romanum
1251 1327 1374 1394 utinen

197 1429 301 1499 salvis
329 1430 440 1506 rnnbisl
467 1427 533 1495 Sed
557 1434 694 1511 quoquo
719 1425 825 1494 modo
846 1427 1025 1495 nobiseum
1050 1428 1180 1508 egeris,
1201 1427 1292 1497 dum
1311 1430 1375 1496 istis

197 1531 347 1600 consiliis
365 1529 491 1607 uteris,
512 1548 579 1595 non
601 1539 717 1611 potes,
739 1525 957 1606 nullimode,
979 1547 1055 1595 esse
1071 1528 1274 1598 diuturnus.
1303 1529 1373 1596 Ete-

197 1633 270 1701 nint
295 1633 363 1698 ista
389 1647 447 1698 tua
477 1629 615 1696 mininie
637 1649 739 1695 avara
768 1631 912 1706 coniux,
947 1649 1047 1713 quam
1071 1649 1136 1710 ego
1157 1633 1234 1699 sine
1262 1642 1374 1698 contu·

198 1730 299 1800 niella
326 1730 500 1809 describo,
531 1731 673 1798 trinarium
701 1728 802 1798 debet
826 1731 885 1798 diu
907 1730 1035 1815 populo
1058 1733 1215 1800 Romano
1246 1732 1370 1800 tertiana

187 1833 410 1916 pensionem.
453 1831 563 1899 Habet
585 1829 731 1914 populus
756 1830 949 1917 Romanus,
970 1830 1015 1898 ad
1036 1851 1123 1916 quos
1143 1830 1371 1913 gubernacula

198 1936 248 2001 rei
273 1931 426 2016 publicae
449 1932 597 2000 deferat:
627 1931 684 2016 qui
708 1931 900 2014 ubieunque
927 1943 1095 2001 terrarum
1119 1945 1220 2020 sunt,
1260 1935 1305 2002 ibi
1329 1943 1371 2000 est

111 2091 118 2099 ,
186 2044 301 2103 Ioanne
327 2032 376 2101 nei
404 2033 560 2117 publicae
589 2031 794 2117 praesidium
828 2031 883 2100 vel
908 2036 1021 2117 potius
1050 2037 1122 2115 ipsa
1144 2054 1202 2102 res
1231 2033 1370 2117 publica,

111 2156 113 2163 ’
190 2156 286 2219 -qnae
312 2155 351 2204 se
372 2135 484 2202 adhue
508 2132 747 2202 tantummodo
772 2131 843 2200 nlta
868 2146 939 2212 est,
968 2134 1120 2202 nondum
1144 2136 1369 2218 recuperarit.

198 2236 311 2303 llabet
340 2234 475 2318 quidem
507 2246 600 2302 certe
625 2254 684 2301 ces
715 2234 850 2318 publica
879 2233 1111 2304 adolescentes
1144 2237 1371 2305 nobilissimos
1415 2262 1416 2293 ι

199 2349 338 2418 paratos
366 2335 574 2405 defensores.
615 2334 730 2425 Quam
757 2333 888 2414 volent,
910 2335 1126 2415 illieedant,
1156 2339 1229 2404 otio
1259 2359 1372 2406 eonsu-

199 2437 326 2506 lentes:
363 2450 475 2503 tannen
500 2459 518 2504 a
542 2457 580 2502 re
602 2435 738 2519 publiea
759 2437 1023 2504 revocabuntur.
1064 2437 1110 2505 Et
1131 2459 1262 2505 nomen
1290 2439 1372 2521 pacis

199 2537 301 2604 dulce
325 2548 377 2603 cst
402 2547 435 2601 et
459 2537 531 2618 ipsa
555 2558 610 2606 res
634 2537 810 2610 saltatoris.
832 2537 892 2604 sed
918 2539 1004 2604 inter
1030 2558 1148 2619 paoem
1171 2551 1207 2605 et
1229 2541 1372 2607 servitu·

189 2648 269 2703 teni
293 2635 477 2717 plurirnurn
503 2637 657 2705 interest.
705 2632 778 2705 Pax
801 2649 854 2705 est
878 2637 1057 2720 tranquilla
1078 2638 1235 2717 libertasa
1274 2637 1372 2707 serri-
1416 2682 1417 2691 ι

202 2749 257 2803 tus
286 2747 496 2819 postremum
530 2738 698 2806 malorum
730 2740 902 2826 omnium,
935 2763 1001 2807 non
1036 2738 1137 2806 inodo
1172 2737 1288 2816 bello,
1320 2736 1371 2806 sed

140 2850 310 2914 tttrrrorto
334 2840 434 2905 etiarn
460 2838 704 2921 repellendum.
730 2840 852 2931 ‘Quod
872 2841 901 2908 si
921 2860 959 2908 se
980 2842 1072 2923 ipsos
1093 2839 1141 2906 illi
1163 2841 1278 2906 nostri
1304 2838 1372 2907 libe·
1416 2902 1417 2957 1

188 2951 332 3009 >ratores
354 2961 373 3007 e
400 2952 587 3022 eorrspeotu
612 2953 733 3009 nostro
757 2939 987 3029 abstulerunt,
1015 2953 1052 3007 at
1073 2939 1276 3022 exemplum
1301 2939 1371 3008 lacti
1416 2960 1417 3027 3

188 3041 422 3131 reliquerunt.
465 3041 535 3117 Illi,
557 3040 1111 3125 quodnemol'ecerat‚feeerunt.
1152 3041 1372 3124 Tarquinium
1416 3114 1417 3119 ἵ

199 3144 327 3211 llrutns
358 3141 445 3210 bello
471 3153 523 3208 est
549 3132 770 3224 persecutore
803 3142 860 3224 qui
892 3138 964 3208 turn
990 3161 1052 3207 rex
1074 3141 1159 3220 fuit,
1194 3162 1277 3208 cum
1308 3138 1393 3209 esse

199 3244 329 3310 Rornae
355 3261 472 3322 regem
498 3241 629 3311 licebat.
672 3244 729 3328 Sp.
754 3243 910 3322 Cassius,
931 3243 988 3325 Sp.
1015 3241 1177 3322 Maelius,
1198 3243 1250 3309 M.
1282 3245 1373 3312 Man

200 3341 264 3408 lins
296 3355 437 3427 propter
467 3344 699 3425 suspicionem
729 3346 824 3425 regni
851 3343 1029 3426 appetendi
1063 3355 1144 3411 sunt
1171 3344 1298 3411 necati.
1337 3344 1371 3411 lli

199 3443 301 3523 primi
320 3464 397 3508 curn
419 3442 539 3523 gladiis
553 3467 622 3512 non
640 3443 674 3511 in
694 3464 839 3526 regnum
854 3456 1085 3529 appetentem,
1108 3444 1216 3512 sedin
1233 3466 1373 3525 regnan

202 3552 270 3608 tem
305 3543 468 3624 impeturn
499 3546 668 3612 secernunt.
711 3544 828 3635 Quod
854 3567 932 3613 curn
957 3546 1068 3625 ipsum
1094 3547 1224 3612 lbotcrnr
1249 3551 1371 3627 perae

201 3703 394 3716 *—

270 3801 281 3865 fi
302 3802 359 3849 tta.
379 3804 463 3859 eripiet
478 3809 500 3848 et
516 3803 676 3866 extorquebit]
697 3803 776 3849 Valle.
795 3800 867 3850 Beru.
886 3784 994 3863 Madvig.
1013 3805 1109 3861 eripiet,
1133 3804 1280 3862 extorquebit
1297 3807 1330 3852 0.
1345 3828 1373 3844 .-

201 3888 294 3933 tertium
314 3881 459 3947 pensionem]
487 3887 551 3931 tertii
574 3887 654 3934 mariti
678 3894 794 3941 mortem,
826 3895 884 3944 post
908 3887 1003 3948 priores
1025 3886 1140 3945 coniuges
1162 3886 1192 3932 P.
1215 3887 1334 3934 Clodium
1353 3894 1371 3932 et

201 3968 395 4022 (tentionem,
421 3967 527 4012 occisum
546 3975 672 4030 utrumque
695 3969 728 4015 ob
752 3969 834 4014 turbas
851 3981 876 4014 ιιι
892 3982 920 4014 re
944 3968 1041 4027 pubIIce
1060 3968 1191 4015 excitatae.
1226 3969 1322 4028 rigon
1339 3972 1372 4015 tle-

182 4057 298 4111 ·mropte
315 4055 351 4097 ert
369 4063 384 4094 e
403 4050 554 4095 certitudone
571 4051 650 4104 dotto,
677 4065 750 4109 quem
768 4050 862 4102 meriti,
888 4050 930 4109 qui
947 4066 1002 4096 curn
1028 4050 1145 4097 uxoribus
1162 4050 1298 4107 dirordnm
1316 4053 1372 4100 Ieru-

158 4159 164 4171 ·
203 4138 270 4189 rant,
288 4131 363 4178 tribus
380 4130 535 4189 pensionibus
553 4145 634 4177 annuo
651 4132 782 4178 intervallo
799 4134 896 4178 solvere
913 4132 1041 4180 debebant.

271 4234 283 4294 t
304 4235 360 4281 tlt.
377 4236 417 4293 Sp.
438 4236 540 4290 σιιιίιι,
558 4237 597 4291 Sp.
614 4234 724 4295 llloettus]
744 4236 823 4282 vatic.
841 4235 913 4287 Bura.
926 4238 1008 4286 Guelf.
1020 4239 1099 4301 spots
1112 4238 1218 4296 worn,
1237 4240 1371 4293 mo.
1416 4282 1417 4289 ,
