2850 4759
225 302 283 368 346
691 301 925 373 CICERONIS

224 464 307 538 Iarn
340 491 428 564 quae
455 467 709 563 inpraesentia
733 493 750 537 c
776 494 809 536 re
837 466 980 564 publica
1009 492 1078 537 esse
1101 467 1170 538 sibi
1193 467 1381 551 uideuatur,

223 614 375 712 exponit.
425 614 480 686 Ac
503 615 657 713 primum
686 615 824 713 quidem
851 613 1008 688 Caesaris
1040 626 1122 686 octa
1142 616 1243 714 pecces
1272 628 1306 686 et
1333 617 1386 687 otii

222 790 331 834 causa
354 756 528 834 servanda
554 753 623 834 isse
647 775 766 834 censet.
816 760 927 835 Docet
956 775 1071 836 auum
1104 749 1196 833 nibil
1215 791 1290 833 esse
1318 776 1382 834 tam

221 904 258 980 in
280 912 380 1007 actr's·
396 911 553 1001 Caesaris
578 937 684 1011 quam
708 909 794 1006 leges
821 906 988 983 Caesaris.
1049 911 1098 1014 In
1127 907 1182 981 bis
1210 923 1294 983 acta
1321 913 1383 983 eius

221 1054 457 1158 chirographis
476 1058 521 1142 ab
535 1059 690 1131 Antonio
705 1059 855 1158 prolatis
872 1030 1206 1161 dbsolviserendom
1222 1087 1297 1173 non
1311 1087 1381 1130 esse.

220 1207 292 1280 Hic
310 1217 553 1281 commemorat
571 1206 698 1311 tegern,
723 1233 764 1315 ne
782 1218 972 1313 praetorem
992 1170 1191 1304 prouinciae
1213 1207 1311 1278 ultra
1325 1235 1381 1278 on-

222 1382 304 1427 mcm
328 1383 408 1427 neue
437 1355 632 1427 consulares
654 1353 747 1428 ultra
777 1355 956 1428 biennium
974 1320 1199 1455 obtineantur.
1254 1355 1381 1431 Deinde

220 1503 368 1575 ostendit
384 1503 531 1576 Antonii
556 1502 624 1597 lege
640 1492 682 1574 de
707 1496 806 1572 icitia
826 1503 980 1574 iudicum
1002 1503 1140 1576 decuria
1160 1505 1282 1578 Iulias
1302 1507 1379 1600 leges

220 1652 419 1724 iudiciarias
446 1642 528 1722 'tolli
550 1674 685 1735 ornnes,·
720 1651 800 1720 item
820 1648 968 1722 Antonii
990 1649 1075 1745 lege,
1113 1679 1201 1750 quae
1229 1651 1378 1725 homines

220 1799 379 1892 deviet
406 1798 448 1871 de'
475 1798 653 1870 maiestate
681 1797 882 1879 damnatos,
916 1798 952 1868 si
977 1797 1095 1880 uelint,
1136 1800 1191 1870 ad
1214 1802 1376 1900 populum

216 1937 552 2044 provocareiubeat,‘
572 1944 649 2017 curn
672 1956 797 2053 ceteras
818 1943 904 2039 leges
926 1943 1086 2031 dissolui,
1120 1958 1193 2018 tum
1213 1950 1252 2018 in
1268 1949 1377 2047 primis

219 2093 349 2176 Iuleas,
383 2080 505 2193 quibus
529 2072 697 2167 decretum
718 2092 783 2178 sit,
816 2103 854 2162 ut
878 2092 920 2168 de
943 2095 982 2164 oi
1000 2105 1031 2164 et
1054 2095 1096 2166 de
1121 2098 1302 2186 maiestate
1324 2096 1377 2168 da-

176 2310 189 2330 ,,
219 2244 349 2325 mnatis
368 2269 463 2342 aqrca
485 2254 517 2314 et
542 2242 615 2338 igni
637 2240 866 2312 interdicatur.
916 2239 987 2313 'Sed
1014 2269 1054 2312 ne
1079 2209 1232 2319 Antonii
1249 2245 1378 2343 quidem

219 2391 305 2491 leges
317 2470 320 2483 ¹
324 2403 405 2491 post
432 2391 588 2466 Caesaris
604 2372 746 2461 mortem
766 2376 859 2461 latas
876 2365 1072 2499 euertendas
1091 2388 1238 2463 rudant:
1264 2419 1379 2491 quam-

218 2560 326 2637 quam
350 2538 532 2611 verendum
553 2539 599 2611 sit
606 2592 616 2624 ‚
643 2565 684 2609 ne
700 2539 777 2625 iste,
803 2537 865 2635 qui
887 2539 991 2636 quasi
1009 2564 1055 2610 ex
1081 2538 1239 2613 Caesaris
1262 2544 1382 2612 mortui

220 2686 472 2757 commentariis
497 2686 668 2759 redemerit
693 2684 826 2766 exules,
859 2685 1035 2757 uniuersas
1061 2687 1217 2758 nationes
1247 2701 1281 2758 et
1303 2716 1378 2788 pro·

219 2833 351 2904 cincias
382 2833 519 2905 ce'uitate
550 2845 581 2905 et
614 2835 889 2909 immunitatibus
915 2832 1069 2919 donarit,
1109 2836 1229 2906 omnia
1263 2864 1377 2936 susque

142 3010 146 3017 ’
217 2981 324 3080 deque
338 2979 477 3068 babeat,
495 2983 566 3053 iam
582 3007 799 3081 quaeeunque
813 2979 998 3083 uideantur
1012 2980 1052 3049 oi
1059 2991 1091 3051 et
1105 2983 1213 3053 armis
1223 2983 1376 3055 obtrudat

116 3198 119 3207 ,
215 3157 281 3229 pro
304 3130 444 3225 legibus.
466 3130 693 3228 (ot-10.)
743 3127 833 3200 Iam-
849 3128 896 3214 si,
923 3153 1010 3225 quac
1035 3126 1076 3198 de
1095 3153 1129 3198 re
1148 3128 1290 3226 publica
1306 3157 1373 3200 sen-

214 3278 299 3361 tiat,
341 3276 438 3347 libere
472 3236 617 3362 decern,
655 3276 853 3376 deprecatur
888 3275 978 3346 iram
1014 3274 1175 3362 Antonii,
1213 3302 1315 3374 quom
1344 3281 1375 3349 si

136 3440 142 3447 “
218 3452 289 3496 non
315 3425 427 3523 possit
458 3423 558 3496 lenire
587 3425 760 3523 precibus,
795 3424 897 3522 petit,
931 3436 969 3514 ut
998 3422 1171 3521 Antonius
1202 3425 1270 3495 sibi
1279 3437 1371 3496 ‘tom-

215 3599 324 3671 ,quam
350 3572 420 3643 cmi
441 3546 625 3654 irascatur,
651 3559 827 3643 annorum
854 3574 893 3643 oi
914 3573 1093 3643 abstineat.
1116 3570 1276 3679 (c.·,11.)y
1305 3569 1368 3653 Po-

213 3732 340 3801 ‚stremo
360 3732 537 3819 utromque
557 3719 742 3806 consulem,
767 3717 995 3823 Dolabellam¹
1008 3719 1367 3831 praesentenr‚absen·

212 3880 284 3951 ‚tem
315 3826 510 3941 Antonium
543 3866 760 3971 cohortatur,
801 3879 840 3938 ut
875 3893 992 3939 veram
1022 3877 1189 3941 sectentur
1220 3866 1364 3961 giorum,

216 4043 304 4115 quae
337 4043 382 4113 ea·
411 4028 493 4087 recte
512 4017 624 4117 sactis
652 4017 852 4115 magnisque
885 4016 921 4087 in
950 4039 1020 4083 rem
1049 4011 1225 4112 publicam
1252 4017 1364 4088 meritis

212 4176 390 4245 enascatur.
412 4165 458 4260 (c.
480 4160 524 4230 12
536 4203 585 4218 -
598 4158 669 4259 15.)

643 4408 950 4430 “stud-mu
958 4416 961 4421 ι
