2850 4759
198 276 240 371 rr
459 318 470 331 c
672 265 910 336 ciceronis

200 452 280 501 uem
306 431 420 513 alege
445 431 627 498 redderent
648 440 682 496 et
698 449 783 513 quae
804 438 1024 514 acceperant,
1049 427 1183 496 tradere
1206 425 1373 504 deberent,

200 536 346 618 petisse,-
366 547 403 599 ut
421 534 502 609 sibi,
524 530 617 615 quod
637 552 773 598 eaeres
795 531 971 608 abessent,
994 532 1246 610 ignosceretur:
1270 532 1375 613 itaque

201 657 320 705 omues
344 634 505 701 liberatos
531 634 729 700 discessisse
756 644 789 698 et
809 652 884 699 esse
905 635 1059 712 ignotum
1083 634 1264 699 omnibus:
1297 652 1373 712 quas

201 759 267 818 ego
284 737 414 804 litteras
435 730 660 815 obsignandas
676 731 812 814 publico
828 735 925 813 signo
940 732 1235 816 deportandasque
1251 736 1374 800 curari.

137 844 199 911 ttl
280 841 331 906 Dc
352 839 546 907 laudatione
566 849 679 902 autern
699 835 786 901 ratio
806 835 855 902 sic
879 833 959 900 milri
975 833 1105 900 reddita
1128 849 1190 903 est.
1230 837 1373 902 Primum

198 963 279 1008 curn
302 943 379 1008 aAC.
411 941 514 1009 Verre
540 937 672 1005 litterae
693 935 863 1018 aliquanto
888 948 966 1005 ante
990 935 1174 1003 adrentum
1197 956 1313 1003 areum
1340 936 1373 1001 de

199 1040 396 1108 laudatione
423 1041 611 1115 venissent,
633 1036 714 1104 nihil
740 1059 816 1104 esse
837 1039 1029 1105 decretum:
1051 1038 1189 1118 deusde,
1212 1060 1288 1104 cum
1309 1042 1374 1122 qui»

201 1143 280 1210 dam
303 1163 346 1207 ex
361 1141 450 1209 illius
466 1142 584 1208 amicis
601 1152 859 1209 commonerent
874 1150 1033 1221 oportere
1048 1140 1204 1221 decerni,
1227 1144 1372 1209 maximo

201 1243 351 1310 clamore
374 1262 449 1309 erse
474 1255 510 1308 et
531 1242 686 1308 convicio
708 1226 924 1325 ripudiatos:
955 1254 1175 1324 posteaquam
1201 1265 1300 1310 meus
1326 1245 1375 1310 ad·

200 1356 322 1411 ventus
348 1343 648 1425 appropinquaret,
679 1343 865 1426 imperasse
890 1365 986 1420 eum,
1009 1346 1065 1427 qui
1089 1367 1259 1413 summam
1283 1360 1375 1428 pote·

198 1459 324 1515 statem
340 1445 502 1520 haberet,
524 1458 562 1510 ut
584 1445 821 1511 decernerent:
844 1446 1019 1513 decretum
1036 1447 1083 1512 ita
1101 1468 1190 1525 esse,
1214 1460 1252 1513 ut
1271 1449 1374 1515 multo

200 1547 276 1631 plus
294 1546 348 1613 illi
371 1547 522 1614 laudatio
540 1547 630 1614 -mali
654 1568 754 1629 quam
787 1548 864 1613 boni
894 1551 1013 1628 posset
1037 1549 1173 1615 afferre.
1217 1549 1255 1616 ld
1280 1551 1373 1630 adeo,

124 1656 127 1665 '
199 1650 346 1730 iudices,
368 1662 406 1717 ut
430 1649 512 1717 mihi
536 1650 576 1716 ab
601 1648 667 1715 illis
697 1646 971 1716 demonstratum
997 1661 1067 1730 est,
1098 1652 1148 1717 sie
1171 1673 1232 1719 ros
1258 1672 1302 1718 ex
1329 1674 1374 1720 me

200 1753 412 1833 cognoscite.

141 1867 201 1930 1²12
280 1853 405 1921 txtV.
443 1855 530 1920 Mos.
545 1865 597 1920 est
614 1852 811 1934 Syracusis,
833 1866 889 1932 ut,
911 1857 941 1925 si
964 1875 1030 1936 qua
1050 1853 1091 1921 de
1108 1876 1145 1921 re
1162 1855 1203 1922 ad
1219 1869 1374 1924 ⁴senatum

198 1956 392 2032 referatur,
426 1953 517 2018 dicat
550 1956 871 2038 sententiamsqui,
902 1955 1002 2022 velit:
1039 1959 1241 2026 nominatim
1278 1982 1374 2028 nemo

200 2068 376 2138 rogaurr:
396 2068 429 2121 et
450 2067 582 2133 tantan,
615 2068 652 2120 ut
677 2058 819 2140 quisque
840 2069 951 2124 aetate
976 2055 1166 2125 ethonore
1191 2061 1375 2138 antecedit,

196 2160 247 2226 ita
268 2158 399 2240 primus
422 2155 511 2243 solet
524 2178 592 2245 ¹sua
617 2169 739 2238 sponte
763 2158 894 2237 dicere,
915 2160 1029 2242 itaque
1053 2185 1072 2228 a
1100 2163 1223 2229 ceteris
1245 2163 1377 2228 eicon·

201 2260 352 2328 ceditur:
372 2260 424 2325 sin
447 2257 629 2341 aliquando
655 2272 769 2325 tacent
793 2282 932 2337 onmes,
968 2273 1039 2327 tum
1062 2266 1186 2331 sortito
1209 2277 1377 2343 coguntur

135 2370 140 2383 '
201 2363 327 2430 dicere.
370 2363 457 2427 Cum
476 2359 530 2426 hic
550 2382 625 2428 mos
651 2373 760 2439 esset,
782 2356 932 2427 rel'crtur
950 2362 992 2428 ad
1017 2378 1179 2431 senatum.
1200 2366 1241 2432 de
1263 2366 1375 2432 lauda·

196 2467 293 2532 ·tioue
312 2464 442 2530 Verris.
486 2465 525 2529 ln
546 2486 612 2544 quo
630 2464 800 2544 primum,
822 2475 859 2527 ut
876 2461 1000 2544 aliquid
1022 2465 1113 2531 e'ssct
1126 2488 1260 2543 orosae,
1283 2466 1375 2532 multi

199 2563 432 2646 interpellant:
465 2564 507 2629 de
535 2554 833 2648 statutarum,
862 2562 983 2632 duide
1002 2564 1060 2632 illa
1083 2569 1220 2634 civitate
1242 2581 1375 2652 totaque

197 2666 377 2748 provincia
400 2666 530 2746 optime
554 2666 695 2733 meritus
719 2679 825 2741 esset,
845 2682 922 2733 sese
941 2679 1061 2742 antea,
1083 2690 1162 2735 eum
1186 2670 1374 2748 audissent,

196 2789 231 2833 'er
251 2768 427 2848 negotium
449 2768 664 2843 lacessitum,
700 2790 847 2851 eumque
872 2791 950 2835 eum
979 2769 1113 2850 publice
1136 2782 1199 2853 pro
1224 2773 1374 2854 plurimis

95 2905 97 2909 ·
197 2871 274 2937 ‘elus
298 2882 331 2935 et
353 2870 510 2935 maximis
534 2869 663 2937 meritis
688 2869 829 2936 laudare
859 2882 1036 2952 cuperent,
1064 2895 1081 2933 a
1103 2874 1141 2938 C.
1166 2874 1273 2940 Verre
1300 2898 1375 2957 pro·
1422 2950 1423 2955 ἵ

202 2973 322 3040 lribitor
344 2993 434 3040 esse:
456 2973 610 3054 iniquum,
629 2991 722 3056 esse,
746 2975 879 3042 tametsi
896 2971 1098 3040 Peducaeus
1120 2995 1238 3043 eorum
1264 2976 1377 3045 lauda·
1422 3044 1423 3051 ,

207 3163 433 3176 ——un-

270 3280 355 3342 §ltu
381 3280 599 3342 appropinquaret]
628 3281 689 3341 Reg.
707 3280 776 3327 Leid.
794 3284 822 3328 Ζ.
847 3282 934 3336 „Puta
953 3284 977 3331 in
998 3285 1090 3332 directa
1110 3288 1225 3336 oratione
1246 3303 1297 3336 csse
1312 3293 1375 3345 porr·
1422 3306 1423 3351 χ

150 3429 154 3437 l
201 3379 269 3424 quam
286 3366 501 3422 appropinquabat,
519 3365 536 3410 i.
554 3381 576 3410 e.
598 3379 652 3410 cum
675 3363 768 3410 cotidie
788 3364 906 3421 adventus
926 3383 992 3415 mens
1012 3378 1195 3429 expectaretur.
1215 3373 1273 3418 Ero.
1291 3385 1376 3429 appro-
1421 3368 1424 3427 Ῐ

197 3448 345 3507 pirrquarit.“
358 3450 386 3495 Z.
404 3473 438 3487 -·
458 3452 596 3506 potestatem
618 3444 727 3504 lateret]
753 3451 904 3503 praetorem,
929 3450 956 3493 L.
986 3450 1119 3496 Metellum.
1138 3478 1170 3490 -
1186 3452 1376 3513 possetlposrr't

200 3532 285 3587 Grut.‚
303 3531 328 3577 id
349 3533 415 3592 quod
436 3532 510 3578 etiam
531 3545 608 3588 nuper
628 3543 696 3574 suurn
717 3529 869 3574 defensorem
890 3536 987 3575 nactum
1006 3538 1050 3576 est.
1086 3533 1131 3577 Sed
1148 3538 1230 3590 posset
1245 3534 1376 3593 siguificat,

194 3610 259 3662 ‘illud
281 3616 331 3661 iarn
357 3621 420 3673 tum,
450 3630 505 3662 cum
524 3616 695 3667 decernerent,
722 3611 930 3670 Syracusanorum
956 3616 1029 3662 fuisse
1053 3616 1194 3673 consiliunt,
1223 3624 1250 3662 ut
1268 3615 1375 3662 laudatio

134 3732 140 3739 -
201 3699 260 3756 ista,
274 3700 350 3746 sicubi
367 3700 391 3745 in
411 3699 503 3747 iudicio
521 3699 656 3759 aliquando
678 3699 844 3757 proferretur,
873 3700 943 3747 Verri
961 3706 1061 3747 noceret
1077 3702 1172 3760 potius,
1199 3715 1273 3762 quern
1296 3700 1375 3745 defen-

199 3783 263 3835 sioni
283 3789 352 3831 anet.
702 3792 705 3795 ’
734 3782 738 3785 ’

267 3891 279 3952 q
303 3892 358 3936 tta.
388 3887 474 3953 itaque]
501 3890 562 3950 lieg.
584 3888 651 3935 Leid.
680 3892 747 3949 idque
774 3891 849 3950 Sgall.
873 3893 901 3938 Z.
929 3891 1008 3934 Multa
1031 3889 1100 3935 nnius
1123 3890 1175 3936 Cic.
1200 3886 1376 3936 consuetudinis
1422 3952 1423 3955 Ἰ

201 3976 317 4039 exempla
339 3974 440 4033 collegit
459 3974 569 4034 Madvig.
590 3975 637 4032 Ep.
663 3990 688 4033 p.
706 3974 746 4020 85.
763 3989 787 4020 v.
805 3987 826 4018 c.
851 3975 922 4020 Tunc.
944 3976 970 4029 l,
989 3976 1036 4030 30,
1062 3977 1102 4021 72.
1131 3978 1164 4021 ita
1192 3978 1252 4020 enim
1277 3972 1377 4018 censebat
1422 3998 1423 4001 =

196 4062 303 4117 itaque
332 4048 448 4103 disseruit.
469 4082 503 4095 -
532 4059 583 4104 Sex.
599 4054 733 4119 Peducaeo]
756 4057 794 4102 Sic
817 4059 933 4118 scripturn
953 4059 1003 4106 vidi
1024 4060 1098 4104 etiam
1119 4059 1143 4104 in
1165 4059 1288 4117 inseriptt.
1305 4055 1375 4101 Aliae

201 4150 298 4197 tamen,
322 4149 348 4187 ut
365 4142 443 4188 Codd.
462 4143 545 4197 multi,
571 4143 685 4187 Pedueeo.
722 4141 796 4196 „Pro
819 4149 937 4198 praetore
958 4157 1011 4189 eum
1031 4142 1104 4186 fuisse
1131 4148 1229 4188 constat
1252 4143 1275 4186 in
1295 4137 1375 4183 Sicilia
1422 4138 1423 4143 ’

196 4226 271 4271 cunis
289 4241 312 4271 u.
322 4240 344 4272 e.
357 4227 406 4271 673
425 4233 450 4272 ct
467 4229 532 4282 679,
551 4240 655 4288 quorum
667 4237 786 4270 annorum
799 4224 883 4281 priore
897 4225 1017 4290 Cicerone
1025 4236 1080 4268 usus
1089 4229 1124 4268 cst
1137 4229 1275 4283 quaestore.
1281 4224 1297 4247 “
1305 4221 1331 4266 Z·
1340 4240 1377 4251 ·-

149 4367 152 4370 ἢ
202 4304 260 4371 tum]
279 4309 340 4369 Reg.
358 4312 410 4354 tune
426 4313 453 4357 Z.
