2850 4759
220 292 284 357 'aar
526 260 530 273 '
690 287 925 358 crenrouts

119 434 163 469 ⁸
223 452 360 523 uellus?
394 453 426 522 Si
449 465 500 522 est
520 472 621 521 causa
642 452 722 519 mibi
744 452 876 532 ignota,
898 470 975 517 curn
997 448 1177 517 Hortensio
1200 449 1382 516 communi-

225 571 318 636 cata,
346 557 549 642 respondeat
568 557 789 634 Hortensiusa
820 556 891 632 sin,
912 567 951 622 ut
970 556 1039 632 ais,
1070 554 1162 621 illurn
1186 551 1380 618 comitatum

220 662 380 732 Autronii
401 675 435 729 et
455 659 635 733 Catilinae.
656 682 734 727 curn
756 659 789 726 in
811 681 950 742 campo,
973 658 1206 727 consularibus
1227 659 1380 743 comitiis,

224 789 311 852 quae
338 789 357 836 a
383 786 437 834 rne
464 762 574 835 habita
595 775 690 840 sunt,
727 763 863 831 caedem
884 764 997 831 facere
1018 763 1217 830 voluerunt:
1262 766 1380 830 Autro
1409 810 1410 813 κ

223 874 319 941 nium
342 883 412 937 tum
433 870 467 936 in
489 890 609 952 campo
631 867 795 946 vidimus3
815 905 853 920 -
881 866 940 936 sed
961 866 1039 951 quid
1062 867 1130 933 dixi
1152 867 1279 935 vidisse
1297 867 1379 933 nos?

224 999 289 1059 ego
319 973 405 1043 vidi:
441 995 503 1042 vos
531 973 618 1039 enim
647 983 739 1051 tum,
769 970 914 1056 iudices,
948 970 1028 1038 nibil
1057 969 1260 1039 laborabatis
1281 990 1380 1052 neque

224 1078 503 1164 suspicabamini,
536 1097 600 1158 ego
627 1087 735 1142 tectus
762 1075 929 1158 praesidio
960 1077 1057 1144 lirino
1087 1077 1277 1143 amicorum
1301 1076 1380 1141 Cati-

165 1185 204 1248 st
224 1181 311 1250 linae
343 1192 473 1250 tumet
503 1179 659 1251 Autronii
686 1181 801 1260 copias
835 1191 869 1246 et
902 1191 1061 1246 conatum
1095 1179 1255 1261 repressi.
1299 1179 1380 1245 Num

225 1288 297 1372 quis
319 1298 371 1354 est
389 1286 509 1367 igitur,
531 1285 586 1368 qui
608 1295 678 1350 tum
700 1282 790 1350 dicat
809 1283 841 1350 in
858 1303 1012 1366 campum
1028 1280 1217 1364 adspirasse
1232 1280 1380 1349 Sullam?

223 1389 327 1474 Atqui
347 1389 375 1457 si
397 1401 466 1455 turn
488 1410 524 1457 se
546 1410 623 1455 eum
646 1385 787 1456 Catilina
808 1385 969 1453 societate
992 1384 1128 1453 sceleris
1149 1387 1379 1463 coniunxerat,

225 1515 287 1561 cur
307 1494 347 1560 ab
369 1513 409 1559 eo
431 1489 651 1558 discedebat?
681 1510 839 1556 curcum
861 1490 1028 1556 Autronio
1049 1500 1114 1556 nou
1138 1490 1239 1555 erat?
1275 1512 1335 1555 cur
1353 1491 1380 1555 in

224 1598 297 1682 pari
319 1617 421 1664 cansa
442 1618 509 1661 non
530 1595 622 1677 paria
643 1596 739 1675 signa
759 1596 973 1676 reperiuntur
995 1593 1172 1660 criminis?
1214 1594 1281 1660 Sed
1306 1617 1379 1678 quo·

224 1701 313 1768 niam
350 1697 525 1766 Cornelius
560 1698 630 1780 ipse
658 1699 849 1765 etiamnunc
878 1697 919 1764 de
951 1696 1128 1764 indicando
1158 1696 1310 1777 dubitat,
1350 1710 1380 1763 ut

226 1803 360 1879 dicitis,
377 1803 539 1870 informat
558 1799 668 1868 adbuc
687 1801 923 1869 adumbratum
945 1800 1104 1867 indicium
1123 1799 1198 1878 filii,
1219 1801 1302 1884 quid
1319 1814 1380 1868 tan·
1409 1800 1410 1859 Ῑ

170 1900 174 1913 ’
226 1921 293 1976 tem
322 1907 363 1976 de
389 1905 446 1973 illa
472 1917 573 1975 noete
593 1904 689 1983 dicit,
722 1926 799 1971 cum
821 1905 907 1971 inter
927 1902 1085 1972 falcarios
1106 1904 1147 1970 ad
1170 1906 1219 1972 Μ.
1243 1905 1379 1972 Laecam

223 2023 325 2079 nocte
352 2032 409 2089 ea,
451 2030 535 2093 quae
569 2010 752 2075 consecuta
778 2018 830 2076 est
855 2019 1027 2091 posterum
1056 2007 1143 2073 diem
1170 2008 1289 2075 Nonas
1317 2009 1379 2075 No-

224 2114 380 2183 vembres
420 2135 474 2182 ine
508 2111 668 2188 consule,
709 2111 870 2179 Catilinae
909 2111 1157 2179 denuntiatione
1198 2112 1379 2179 convenit?

225 2240 310 2303 quae
335 2242 406 2287 nox
433 2219 583 2285 omnium
620 2229 810 2297 temporum
846 2216 1087 2283 coniurationis
1122 2217 1289 2283 acerrima
1325 2216 1380 2282 fuit

224 2321 571 2404 atqueacerbissima.
613 2320 701 2387 Turn
718 2318 878 2388 Catilinae
899 2321 968 2387 dies
990 2319 1153 2400 exeundi,
1177 2333 1248 2387 tum
1266 2321 1379 2388 ceteris

224 2426 381 2494 manendi
403 2424 577 2503 condicio,
613 2428 682 2491 turn
705 2407 885 2506 descriptio
916 2435 1021 2493 totam
1048 2446 1108 2506 per
1135 2427 1255 2491 urbem
1277 2425 1379 2491 caedis
1408 2420 1409 2459 ³

224 2540 326 2611 atque
345 2528 578 2595 incendiorum
599 2528 782 2597 constituta
804 2539 873 2609 est3
902 2534 982 2594 tunc
1003 2538 1080 2595 tuus
1101 2542 1215 2610 pater,
1239 2527 1378 2603 Corneli,

167 2646 170 2651 ·
224 2629 260 2698 id
289 2630 380 2715 quod
409 2629 542 2699 tandem
570 2630 749 2715 aliquando
778 2632 974 2709 confitetur,
1007 2630 1099 2699 illam
1120 2632 1183 2700 sibi
1204 2634 1379 2699 officiosam

224 2735 432 2818 provinciam
454 2734 673 2819 depoposcit,
706 2747 746 2803 ut
774 2758 851 2803 cunr
878 2737 986 2820 prima
1005 2735 1081 2803 luce
1102 2737 1279 2804 consulem
1300 2735 1380 2805 salu·

226 2851 333 2908 tatum
358 2840 505 2919 veniret,
534 2840 751 2908 intromissus
776 2861 853 2908 meo
880 2862 974 2908 more
1000 2851 1034 2908 et
1053 2842 1126 2907 iure
1146 2840 1314 2908 amicitiae
1333 2859 1379 2906 rne
1408 2914 1409 2917 Ἴ

225 2941 261 3011 in
281 2964 358 3011 meo
379 2941 503 3011 lectulo
526 2943 719 3010 trucidaret.

155 3050 206 3112 '53
307 3047 403 3120 XlX.
444 3047 519 3115 Hoc
536 3059 719 3131 ternpore,
749 3069 826 3115 curn
848 3046 981 3114 arderet
1001 3048 1164 3114 acerrime
1186 3045 1377 3121 coniuratio,
1408 3110 1409 3149 ,

225 3173 306 3235 cum
336 3150 474 3218 Catilina
502 3151 720 3234 egrederetur
748 3150 788 3218 ad
817 3155 1020 3234 exercitum,
1054 3151 1216 3219 Lentulus
1244 3153 1278 3218 in
1305 3153 1378 3217 urbe
1408 3154 1409 3211 i

227 3253 489 3338 relinqueretur,
525 3256 661 3323 Cassius
682 3255 863 3332 incendiis,
900 3253 1066 3335 Cethegus
1088 3254 1182 3321 caedi
1203 3275 1377 3336 praepone·

227 3369 340 3428 retur.
362 3359 525 3426 Autronio
553 3371 590 3425 ut
603 3372 784 3442 occuparet
798 3358 966 3424 Etruriam
983 3360 1288 3440 praescriberetur,
1309 3381 1376 3423 cunr

230 3462 341 3526 omnia
373 3461 623 3541 ordinarentur,
664 3463 937 3539 instituerentur,
979 3476 1197 3543 parat·'eutur;
1238 3462 1293 3528 ubi
1319 3461 1377 3526 tuit

229 3563 338 3640 Sulla,
360 3564 518 3631 Cornelii>
539 3588 620 3633 nurn
640 3566 797 3634 Romae?
818 3566 926 3632 lrnrno
948 3562 1047 3646 longe
1068 3565 1171 3645 afuit3
1190 3588 1273 3632 num
1293 3566 1325 3633 iu
1342 3564 1376 3629 iis

234 3692 456 3708 ————

295 3771 306 3834 5
327 3772 368 3821 52.
398 3775 542 3831 reperiuntur
565 3773 678 3832 criminis]
702 3775 806 3818 criminis
829 3775 972 3831 reperiuntur·
994 3773 1065 3820 Bern.
1089 3773 1181 3821 Gener.
1200 3798 1233 3813 -
1253 3771 1336 3833 dicitis]
1357 3776 1376 3815 et
1407 3756 1408 3763 ἵ

228 3866 253 3905 tu
277 3864 302 3905 et
323 3858 448 3906 Comelirrr
465 3865 543 3919 pater.
561 3860 619 3904 dicia
635 3859 756 3906 Torrentii
775 3859 889 3920 suspicio.
902 3884 934 3895 -
945 3873 1017 3904 nonar
1034 3858 1169 3921 Noomin]
1188 3860 1219 3905 P.
1237 3860 1375 3921 qroducunt

228 3945 300 3991 etiam
327 3933 489 4005 corruptelae
508 3944 608 3989 Oxonn.
633 3967 667 3980 -·
696 3959 808 3990 nonarum
835 3944 997 3990 Novembrium
1024 3944 1116 4003 Volgo.
1168 3945 1218 3991 Sed
1245 3949 1272 3991 ut
1296 3949 1374 3990 rectu·

228 4035 264 4076 esi
279 4035 391 4089 postridie
407 4033 523 4077 liniendas
540 4038 601 4087 cet,
618 4031 651 4077 ric
667 4030 740 4076 etiarn
752 4034 859 4086 posterus
872 4030 921 4073 dier
935 4027 1050 4072 Kalendas
1067 4032 1113 4071 cet.
1148 4025 1293 4073 Dubitanter
1306 4024 1374 4070 Nous

229 4117 357 4179 proposuit
376 4117 426 4163 ianr
446 4116 575 4163 Ernestiur.
595 4140 629 4153 -·
651 4112 713 4179 tunc]
735 4119 781 4159 tum
802 4114 884 4160 Lamb.

296 4226 307 4289 5
328 4226 369 4272 53.
390 4225 569 4288 instituerentur]
588 4228 754 4271 ‘imbuerentur
770 4223 875 4276 Geren,
893 4227 919 4268 ut
937 4221 1019 4275 Lsmb.
1033 4245 1063 4258 ·-
1086 4222 1196 4267 Comeli?
1215 4222 1276 4266 Nam
1290 4211 1371 4273 tome]

232 4312 346 4356 Cornelss
371 4312 458 4356 Romae
480 4310 510 4356 P.
531 4336 566 4348 -
579 4308 730 4368 'regiorribusJ
761 4307 889 4365 legionibus
912 4307 1005 4354 Manut.
1029 4312 1077 4355 tac.
1101 4308 1174 4355 'l'urn
1197 4334 1234 4346 -
1263 4295 1371 4364 Metabi]

231 4395 374 4455 conserebalr
399 4392 480 4451 „alins
500 4393 640 4453 irtt'rredat.“
656 4393 685 4440 P.
