2850 4759
232 274 291 340 iit
508 309 514 322 ·
659 287 662 292 “
702 273 938 346 CICERONIS

231 433 346 517 vigilia
365 445 504 511 macta,
535 454 613 503 oum
640 436 707 504 iam
734 447 874 524 pontem
895 436 1062 508 Mulvium
1089 462 1213 522 magno
1236 442 1380 510 comitatu

231 538 332 620 legati
352 537 573 619 Allobrogum
601 539 734 621 ingredi
754 542 941 625 inciperent
956 565 1093 626 ¹unaque
1114 545 1326 624 Volturcius,
1352 547 1381 612 fit
1407 577 1408 630 t

230 641 344 708 ineos
364 640 530 724 impetum
551 641 741 711 educuntur-
761 658 796 713 et
815 646 856 714 ab
878 645 942 714 illis
957 645 1061 727 gladii
1074 658 1108 734 et
1121 669 1141 713 a
1154 650 1296 717 nostris.
1330 652 1380 717 Res
1407 635 1408 724 l

233 756 306 814 erat
325 747 538 829 praetoribus
559 759 640 815 nota
661 748 761 830 solis,
791 750 1011 831 ignorabatur
1023 772 1051 830 ,a
1071 753 1205 818 ceteris.

309 851 372 918 Ill.
413 849 501 918 Tum
522 852 714 919 interventu
735 854 904 936 Pomptini
926 853 1149 938 atqueFlaooi
1163 877 1297 938 pugna,
1317 876 1381 944 quae

232 953 526 1034 erat-commissa,
553 953 703 1024 sedatur.
744 956 913 1037 Litterae,
947 977 1166 1041 quaecunque
1188 970 1288 1025 erant
1307 959 1336 1024 in
1351 978 1381 1024 eo

167 1108 171 1115 .
232 1057 394 1124 comitatu
415 1058 554 1142 integris
574 1058 681 1137 signis
702 1061 916 1141 praetoribus
939 1059 1116 1128 traduntur
1125 1084 1141 1137 3·
1162 1060 1228 1142 ipsi
1250 1082 1382 1143 compre-

231 1159 328 1230 hensi
354 1159 397 1228 ad
424 1181 496 1246 me,
532 1182 610 1232 cum
636 1162 702 1228 iam
731 1159 972 1242 dilucesceret,
1010 1162 1240 1231 deducuntur.
1292 1169 1382 1246 Atque

230 1263 355 1332 horum
376 1267 527 1351 omnium
548 1263 714 1336 scelerum
728 1261 1015 1350 improbissimum
1030 1266 1300 1335 machinatorem
1314 1268 1383 1334 Cim·

229 1370 331 1436 hrum
347 1368 525 1438 Gabinium
546 1368 660 1442 statim
674 1366 800 1462 adme
820 1367 901 1438 nihil
922 1368 1003 1446 dum
1024 1369 1254 1452 suspicantem
1272 1370 1382 1450 vocavi.

229 1468 360 1540 Deinde
379 1473 461 1540 item
482 1472 665 1560 arcessitur
678 1472 715 1540 L.
733 1472 881 1540 Statilius
903 1485 936 1541 et
949 1484 1027 1556 post
1040 1493 1116 1539 eum
1135 1473 1200 1554 [0.]
1218 1472 1382 1554 Cethegus.

233 1574 444 1665 Tardissime
463 1587 575 1642 autem
596 1574 758 1643 Lentulus
781 1578 887 1655 reon,
918 1576 1020 1644 credo
1042 1576 1131 1668 qiiod
1150 1577 1185 1643 in
1202 1576 1326 1656 litteris
1344 1576 1382 1641 his

232 1677 350 1747 dandis
377 1689 511 1760 praeter
545 1679 823 1748 consuetudinem
862 1681 1019 1762 proxima
1050 1691 1150 1756 noete
1188 1681 1381 1761 vigilaverat.

191 1774 211 1837 7
233 1783 318 1850 Cum
345 1802 427 1849 vero
454 1783 596 1850 summis
623 1794 657 1850 et
683 1780 884 1859 clarissimis
903 1782 1001 1851 huius
1029 1783 1175 1852 civitatis
1204 1786 1308 1862 viris,
1330 1782 1383 1866 qui

232 1884 345 1955 audita
365 1905 401 1951 re
422 1885 615 1967 frequentes
637 1883 679 1952 ad
699 1906 754 1952 me
775 1899 1139 1965 maneaoonveoerant,
1161 1885 1292 1957 litteras
1313 1907 1382 1954 arne

231 1990 326 2072 prius
347 1990 470 2073 aperiri
490 2010 590 2072 quam
613 1987 655 2055 ad
675 2001 829 2059 senatum
851 1987 970 2056 referri
991 1989 1245 2075 plaeerot‚„ne‚
1273 1993 1300 2060 si
1319 1987 1384 2057 nihil

233 2105 324 2164 esset
341 2096 540 2183 inventum,
568 2105 694 2160 temere
720 2114 739 2160 a
761 2104 946 2178 metantus
969 2092 1134 2162 tumultus
1155 2094 1299 2172 iniectus
1319 2094 1383 2160 ciri-

234 2198 294 2266 tati
318 2197 511 2277 videretur,
550 2198 670 2278 negavi
703 2217 757 2263 me
785 2217 859 2280 esse
888 2198 1077 2274 facturum,
1116 2198 1222 2264 utile
1251 2196 1383 2280 periculo

178 2315 181 2322 '
233 2299 366 2385 poblite
387 2315 456 2370 non
484 2300 526 2368 ad
547 2300 724 2372 eonsilium
744 2291 916 2383 publicum
937 2321 1008 2365 rem
1030 2300 1195 2380 integram
1218 2301 1382 2367 deferrem.

232 2405 385 2483 Etenim,
413 2404 584 2495 Quirites,
610 2404 638 2472 si
660 2425 726 2491 ea„
746 2425 832 2487 quae
853 2415 949 2469 erant
969 2402 1011 2470 ad
1031 2396 1086 2469 me
1107 2401 1237 2482 delata,
1267 2416 1383 2486 reperta

233 2533 305 2578 nou
330 2520 461 2587 essent,
488 2519 597 2576 tamen
621 2527 775 2586 egofnon
796 2507 981 2573 arbitrabar
1002 2504 1035 2572 in
1058 2507 1157 2574 tantis
1180 2506 1383 2590 reipublicae

232 2611 392 2695 perieulis
408 2631 483 2680 esse
497 2609 577 2690 mihi
590 2609 729 2680 nimiam
744 2609 947 2691 diligentiam
959 2610 1278 2694 pertimescendam.
1298 2612 1384 2677 Sena-

235 2791 257 2831 et
273 2786 353 2831 Flacci
370 2786 401 2832 R.
418 2781 478 2843 (non
495 2775 536 2844 Tss)
552 2783 586 2823 -'-
604 2799 654 2830 cum
678 2786 748 2831 dilue.
772 2784 802 2830 P.
819 2809 853 2821 -
870 2785 929 2828 rrilril
947 2788 993 2828 tum
1010 2781 1084 2830 TRP.
1100 2809 1135 2821 -
1151 2788 1276 2830 arcersiiur
1289 2767 1346 2845 (sle)
1360 2781 1384 2825 T.

235 2872 354 2916 arcessitus
371 2873 404 2914 est
420 2869 493 2914 R.-
507 2870 536 2915 L.
555 2848 668 2933 diatilius]
687 2868 739 2914 ΤΡ,
756 2871 786 2913 P.
806 2870 909 2914 Statilius
926 2870 956 2914 R.
975 2868 1074 2914 Em.—
1089 2883 1138 2913 cum
1148 2869 1267 2927 :Oetlregus
1283 2868 1383 2914 ΤΗΙ).-

234 2957 260 3001 iu
277 2957 359 3001 litteris
375 2954 424 3014 liis]
438 2954 491 3000 ΤΗ.
509 2956 592 3002 taurii
609 2951 665 3000 Ern'.
683 2955 708 2998 in
725 2955 809 2998 litteris
825 2953 935 3013 Madvig.
953 2978 986 2991 -·
1002 2950 1158 3016 vigilaverat]
1181 2953 1211 2999 T.
1234 2945 1338 3014 vigilaret
1358 2950 1383 2994 ll.

234 3040 292 3087 Ero.
309 3025 442 3099 vigilaverit
458 3040 488 3085 1).
675 3041 678 3046 ·

301 3125 319 3187 ᾖ.
331 3127 355 3172 7.
376 3126 431 3171 Cum
447 3126 540 3168 summis
558 3124 588 3169 R.
605 3123 714 3183 Madvig.
732 3121 793 3183 (non
810 3117 851 3182 Τ.)
870 3146 901 3158 -
913 3126 943 3178 *et
959 3113 1030 3183 ctam]
1048 3120 1101 3168 aa.
1118 3124 1222 3184 aarum.
1239 3123 1295 3171 Em.
1306 3147 1333 3159 ·-
1348 3119 1381 3162 tit·

233 3213 295 3255 tsras
312 3222 327 3253 a
342 3221 378 3252 mr
395 3207 484 3263 aperiri
498 3207 566 3262 prius
583 3205 613 3251 P.
638 3207 727 3251 litterm
748 3208 839 3264 aperiri
851 3209 920 3265 prius
937 3206 967 3252 R.
985 3204 1047 3267 (noa
1062 3205 1108 3268 Τ.)
1126 3232 1159 3243 -
1169 3203 1278 3270 sesami]
1294 3205 1337 3250 TP.
1350 3217 1382 3246 rc·

233 3348 298 3396 ratio
308 3361 337 3400 ,c.
355 3345 396 3393 to.
414 3347 524 3405 utrimque
535 3347 621 3391 clamor
631 3352 724 3392 exortus
737 3352 770 3391 est
775 3365 785 3403 3
805 3346 871 3391 Galli
881 3348 926 3391 cito
938 3350 1031 3406 cognito
1045 3350 1142 3392 consilio
1153 3351 1180 3393 si
1185 3363 1217 3394 ae
1235 3364 1257 3393 m
1265 3364 1316 3394 ora
1322 3357 1381 3404 prae
1407 3363 1408 3374 ¹

233 3433 321 3480 toribus
337 3445 360 3476 se
377 3432 477 3475 madunt.
516 3430 644 3475 Volturcius
656 3433 737 3489 primo
756 3433 886 3476 cohortatus
902 3446 969 3486 suos,
992 3411 1114 3490 gladiose
1131 3448 1146 3477 a
1162 3436 1302 3479 multitudiue
1316 3428 1381 3487 diffu-

233 3521 270 3566 dit
285 3523 331 3564 cet.
350 3515 476 3563 Coninruti
493 3523 656 3563 memorantur
673 3530 689 3561 a
707 3515 811 3563 salustio
829 3529 851 3561 c.
872 3516 910 3562 17.
945 3517 973 3563 In
991 3517 1028 3563 his
1046 3531 1075 3576 av
1092 3520 1190 3575 equestri
1207 3520 1287 3563 ordine
1302 3518 1327 3560 P.
1339 3514 1379 3557 aa·

232 3604 307 3649 binius
333 3600 431 3658 Capit05
459 3602 523 3662 qnod
546 3601 653 3647 familiae
676 3613 763 3646 nomen
786 3601 859 3659 longe
877 3602 1025 3664 probabilius
1043 3608 1093 3656 est,
1110 3615 1183 3662 quarn
1204 3602 1298 3647 Cimber.
1326 3599 1380 3643 roto

144 3689 153 3695 '
232 3687 354 3733 rhetorem
371 3686 502 3733 memoriae
519 3686 580 3733 vitio
598 3693 697 3732 errasse.
742 3685 766 3729 C.
784 3685 874 3729 Annius
895 3686 982 3731 Cimber
1000 3663 1105 3733 famosus
1122 3686 1168 3731 fuit
1185 3686 1220 3731 M.
1239 3681 1380 3731 Antoniitd·
1407 3737 1408 3740 Ἴ

231 3769 352 3829 minister,
376 3773 405 3816 L.
425 3771 509 3816 Tillius
529 3771 632 3823 Cimber,
649 3750 721 3814 notus
738 3768 849 3815 Caesaris
867 3769 1014 3815 interfector.
1031 3788 1065 3805 *-
1081 3770 1111 3812 L.
1132 3768 1236 3813 Statilius
1253 3768 1306 3813 item
1320 3774 1380 3823 eques
1407 3763 1408 3838 l

231 3857 279 3902 no.
298 3856 376 3902 -·0.
398 3856 515 3901 Cornelius
535 3856 656 3911 Cethegus,
683 3858 741 3912 post
759 3853 885 3898 Lentulum
905 3847 1015 3911 princeps
1033 3852 1056 3896 in
1074 3851 1117 3897 illa
1136 3852 1310 3907 coniuratione.
1337 3845 1378 3890 ΝΕ·
1407 3855 1408 3932 l

230 3945 283 3986 tura
295 3939 387 3999 feror,
417 3944 545 3992 uehemens,
574 3953 641 3983 manu
662 3942 785 3994 promptus
809 3942 865 3981 erat.
885 3936 935 3983 Sal.
954 3951 975 3981 c.
993 3930 1033 3981 43.
1054 3961 1083 3970 -
1100 3938 1135 3981 P.
1157 3936 1275 3981 Cornelius
1291 3931 1378 3979 malus
1407 3959 1408 4018 1

229 4026 288 4071 Sura
306 4027 390 4073 consul
407 4041 431 4071 a.
450 4040 473 4071 u.
492 4040 512 4070 c.
533 4023 589 4068 683.
623 4015 697 4089 Ἀνὴρ
721 4024 808 4089 γένρυς
832 4023 877 4085 μὲν
899 4013 1017 4080 addolor,
1040 4014 1168 4084 βεβιωκὼς
1189 4020 1216 4068 δὲ
1235 4011 1328 4083 φαύλως
1342 4011 1377 4061 arii

229 4111 262 4162 δι’
278 4104 408 4177 ἀσέλγειαν
424 4109 598 4173 ἐξεληλαμένος
613 4102 655 4171 τῆς
671 4103 763 4175 βουλῆς
780 4099 915 4173 πρὸτέρον·
933 4098 991 4155 τότε
1005 4104 1032 4153 δὲ
1052 4101 1197 4171 στρατηγῶν
1215 4098 1246 4151 τὸ
1267 4095 1375 4161 laterior,
1407 4149 1408 4196 ἢ

226 4190 261 4254 ὥς
285 4198 349 4251 ldae
380 4194 435 4243 ἐστὶ
463 4198 517 4248 τοῖς
547 4192 571 4247 ἐξ
602 4185 716 4259 ὑπαρχῆς
748 4183 930 4254 ἇνακτωμένοις
955 4183 985 4238 τὸ
1010 4180 1169 4253 βουλὲυτικὸν
1197 4181 1301 4260 afflatuue.
1325 4183 1376 4227 l‘lll·

228 4279 280 4327 cic.
304 4279 344 4323 17.
362 4301 396 4312 -
418 4277 574 4333 Excogitandi
598 4281 621 4319 et
641 4270 750 4334 loquendi
772 4276 904 4317 tarditatem
925 4275 1015 4330 tegebat
1029 4272 1125 4331 formae
1148 4275 1263 4330 (tigrellus,
1290 4265 1376 4324 corporis

228 4367 303 4410 motus
319 4361 399 4420 plenus
416 4363 438 4403 et
454 4361 511 4403 artis
528 4363 550 4403 et
567 4361 704 4412 venustatis,
723 4360 786 4402 vocis
803 4362 825 4402 et
840 4360 941 4402 suauitas
958 4362 980 4401 et
995 4358 1137 4415 magnitudo.
1166 4349 1218 4403 Cic.
1237 4357 1300 4401 Brut
1316 4351 1348 4396 dli.
1407 4379 1408 4382 =
