<?xml version="1.0" encoding="UTF-8"?>
<!DOCTYPE html PUBLIC "-//W3C//DTD XHTML 1.0 Transitional//EN"
    "http://www.w3.org/TR/xhtml1/DTD/xhtml1-transitional.dtd">
<html xmlns="http://www.w3.org/1999/xhtml" xml:lang="en" lang="en">
 <head>
  <title>
</title>
<meta http-equiv="Content-Type" content="text/html;charset=utf-8" />
  <meta name='ocr-system' content='tesseract 3.04.00' />
  <meta name='ocr-capabilities' content='ocr_page ocr_carea ocr_par ocr_line ocrx_word'/>
</head>
<body>
  <div class='ocr_page' id='page_1' title='image "./mtulliiciceroni00orelgoog_0114.png"; bbox 0 0 2850 4759; ppageno 0'>
   <div class='ocr_carea' id='block_1_1' title="bbox 213 270 920 365">
    <p class='ocr_par' dir='ltr' id='par_1_1' title="bbox 213 270 920 365">
     <span class='ocr_line' id='line_1_1' title="bbox 213 270 920 365; baseline 0.004 -23"><span class='ocrx_word' id='word_1_1' title='bbox 213 279 252 342; x_wconf 82' lang='lat' dir='ltr'>u</span> <span class='ocrx_word' id='word_1_2' title='bbox 535 360 538 365; x_wconf 29' lang='lat'>,</span> <span class='ocrx_word' id='word_1_3' title='bbox 683 270 920 347; x_wconf 85' lang='lat' dir='ltr'>c1can0nrs</span> 
     </span>
    </p>
   </div>
   <div class='ocr_carea' id='block_1_2' title="bbox 104 434 1420 4043">
    <p class='ocr_par' dir='ltr' id='par_1_2' title="bbox 193 434 1373 523">
     <span class='ocr_line' id='line_1_2' title="bbox 193 434 1373 523; baseline 0 -21"><span class='ocrx_word' id='word_1_4' title='bbox 193 434 315 523; x_wconf 80' lang='lat' dir='ltr'>dum,</span> <span class='ocrx_word' id='word_1_5' title='bbox 348 434 632 503; x_wconf 79' lang='lat' dir='ltr'>ut&#39;excusatione</span> <span class='ocrx_word' id='word_1_6' title='bbox 657 455 813 503; x_wconf 89' lang='lat' dir='ltr'>summae</span> <span class='ocrx_word' id='word_1_7' title='bbox 840 434 1019 513; x_wconf 78' lang='lat' dir='ltr'><strong>stultitiae,</strong></span> <span class='ocrx_word' id='word_1_8' title='bbox 1051 454 1208 504; x_wconf 87' lang='lat' dir='ltr'>summae</span> <span class='ocrx_word' id='word_1_9' title='bbox 1227 435 1373 518; x_wconf 87' lang='lat' dir='ltr'>improbi-</span> 
     </span>
    </p>

    <p class='ocr_par' dir='ltr' id='par_1_3' title="bbox 138 528 1373 922">
     <span class='ocr_line' id='line_1_3' title="bbox 138 528 1372 621; baseline -0.002 -17"><span class='ocrx_word' id='word_1_10' title='bbox 138 562 143 569; x_wconf 54' lang='lat'>*</span> <span class='ocrx_word' id='word_1_11' title='bbox 214 538 292 604; x_wconf 90' lang='lat' dir='ltr'>tatis</span> <span class='ocrx_word' id='word_1_12' title='bbox 318 537 434 604; x_wconf 90' lang='lat' dir='ltr'>odium</span> <span class='ocrx_word' id='word_1_13' title='bbox 456 528 686 618; x_wconf 70' lang='lat' dir='ltr'>deprecetur?</span> <span class='ocrx_word' id='word_1_14' title='bbox 708 530 851 621; x_wconf 84' lang='lat' dir='ltr'>Utrum,</span> <span class='ocrx_word' id='word_1_15' title='bbox 873 549 1148 618; x_wconf 72' lang='lat' dir='ltr'>recuperatores,</span> <span class='ocrx_word' id='word_1_16' title='bbox 1169 536 1222 604; x_wconf 88' lang='lat' dir='ltr'>his</span> <span class='ocrx_word' id='word_1_17' title='bbox 1245 538 1372 603; x_wconf 81' lang='lat' dir='ltr'>testibus</span> 
     </span>
     <span class='ocr_line' id='line_1_4' title="bbox 211 631 1373 722; baseline -0.003 -17"><span class='ocrx_word' id='word_1_18' title='bbox 211 660 280 706; x_wconf 83' lang='lat' dir='ltr'>non</span> <span class='ocrx_word' id='word_1_19' title='bbox 297 637 506 722; x_wconf 80' lang='lat' dir='ltr'>credidistis,</span> <span class='ocrx_word' id='word_1_20' title='bbox 528 658 625 716; x_wconf 88' lang='lat' dir='ltr'>cum,</span> <span class='ocrx_word' id='word_1_21' title='bbox 638 631 728 719; x_wconf 68' lang='lat' dir='ltr'>&#39;qnid</span> <span class='ocrx_word' id='word_1_22' title='bbox 747 638 908 719; x_wconf 84' lang='lat' dir='ltr'>liqueret,</span> <span class='ocrx_word' id='word_1_23' title='bbox 930 660 999 705; x_wconf 88' lang='lat' dir='ltr'>nou</span> <span class='ocrx_word' id='word_1_24' title='bbox 1021 636 1215 705; x_wconf 71' lang='lat' dir='ltr'>habuistis?</span> <span class='ocrx_word' id='word_1_25' title='bbox 1242 640 1293 703; x_wconf 85' lang='lat' dir='ltr'>At</span> <span class='ocrx_word' id='word_1_26' title='bbox 1307 659 1373 703; x_wconf 87' lang='lat' dir='ltr'>cou-</span> 
     </span>
     <span class='ocr_line' id='line_1_5' title="bbox 212 736 1371 831; baseline -0.003 -25"><span class='ocrx_word' id='word_1_27' title='bbox 212 741 484 807; x_wconf 84' lang='lat' dir='ltr'>troversianon</span> <span class='ocrx_word' id='word_1_28' title='bbox 521 749 610 814; x_wconf 90' lang='lat' dir='ltr'>erat,</span> <span class='ocrx_word' id='word_1_29' title='bbox 644 741 723 819; x_wconf 88' lang='lat' dir='ltr'>quin</span> <span class='ocrx_word' id='word_1_30' title='bbox 755 758 875 831; x_wconf 85' lang='lat' dir='ltr'>verum</span> <span class='ocrx_word' id='word_1_31' title='bbox 905 738 1065 806; x_wconf 81' lang='lat' dir='ltr'>dicerent.</span> <span class='ocrx_word' id='word_1_32' title='bbox 1119 736 1174 805; x_wconf 83' lang='lat' dir='ltr'>A&#39;n</span> <span class='ocrx_word' id='word_1_33' title='bbox 1203 741 1237 805; x_wconf 93' lang='lat' dir='ltr'>in</span> <span class='ocrx_word' id='word_1_34' title='bbox 1267 751 1371 805; x_wconf 82' lang='lat' dir='ltr'>coacta</span> 
     </span>
     <span class='ocr_line' id='line_1_6' title="bbox 210 828 1370 922; baseline -0.003 -14"><span class='ocrx_word' id='word_1_35' title='bbox 210 840 446 916; x_wconf 87' lang='lat' dir='ltr'>multitudine,</span> <span class='ocrx_word' id='word_1_36' title='bbox 478 840 512 906; x_wconf 91' lang='lat' dir='ltr'>in</span> <span class='ocrx_word' id='word_1_37' title='bbox 541 838 662 920; x_wconf 83' lang='lat' dir='ltr'>armis,</span> <span class='ocrx_word' id='word_1_38' title='bbox 694 840 728 903; x_wconf 92' lang='lat' dir='ltr'>in</span> <span class='ocrx_word' id='word_1_39' title='bbox 758 838 851 915; x_wconf 88' lang='lat' dir='ltr'>telis,</span> <span class='ocrx_word' id='word_1_40' title='bbox 886 842 919 905; x_wconf 90' lang='lat' dir='ltr'>in</span> <span class='ocrx_word' id='word_1_41' title='bbox 946 836 1234 922; x_wconf 79' lang='lat' dir='ltr'>praesenti&#39;metu</span> <span class='ocrx_word' id='word_1_42' title='bbox 1266 828 1370 906; x_wconf 78' lang='lat' dir='ltr'>mortis</span> 
     </span>
    </p>

    <p class='ocr_par' dir='ltr' id='par_1_4' title="bbox 186 934 1371 1423">
     <span class='ocr_line' id='line_1_7' title="bbox 186 934 1370 1025; baseline -0.002 -16"><span class='ocrx_word' id='word_1_43' title='bbox 186 934 458 1025; x_wconf 56' lang='lat' dir='ltr'>&#39;perspicuoque</span> <span class='ocrx_word' id='word_1_44' title='bbox 490 937 642 1021; x_wconf 87' lang='lat' dir='ltr'>periculo</span> <span class='ocrx_word' id='word_1_45' title='bbox 674 939 785 1006; x_wconf 87' lang='lat' dir='ltr'>caedis</span> <span class='ocrx_word' id='word_1_46' title='bbox 813 938 951 1008; x_wconf 89' lang='lat' dir='ltr'>dubium</span> <span class='ocrx_word' id='word_1_47' title='bbox 981 942 1307 1009; x_wconf 76' lang='lat' dir='ltr'>vobis-luitinesse</span> <span class='ocrx_word' id='word_1_48' title='bbox 1333 945 1370 1007; x_wconf 85' lang='lat' dir='ltr'>ris</span> 
     </span>
     <span class='ocr_line' id='line_1_8' title="bbox 209 1039 1370 1124; baseline -0.002 -15"><span class='ocrx_word' id='word_1_49' title='bbox 209 1042 322 1124; x_wconf 90' lang='lat' dir='ltr'>aliqua</span> <span class='ocrx_word' id='word_1_50' title='bbox 348 1041 520 1107; x_wconf 88' lang='lat' dir='ltr'>videretur</span> <span class='ocrx_word' id='word_1_51' title='bbox 546 1039 680 1105; x_wconf 68' lang='lat' dir='ltr'>necne?</span> <span class='ocrx_word' id='word_1_52' title='bbox 711 1041 832 1121; x_wconf 89' lang='lat' dir='ltr'>quibus</span> <span class='ocrx_word' id='word_1_53' title='bbox 853 1041 957 1120; x_wconf 80' lang='lat' dir='ltr'>igitur</span> <span class='ocrx_word' id='word_1_54' title='bbox 983 1044 1016 1108; x_wconf 90' lang='lat' dir='ltr'>in</span> <span class='ocrx_word' id='word_1_55' title='bbox 1041 1042 1140 1108; x_wconf 89' lang='lat' dir='ltr'>rebus</span> <span class='ocrx_word' id='word_1_56' title='bbox 1166 1044 1218 1110; x_wconf 91' lang='lat' dir='ltr'>vis</span> <span class='ocrx_word' id='word_1_57' title='bbox 1243 1042 1370 1121; x_wconf 82' lang='lat' dir='ltr'>intelligi</span> 
     </span>
     <span class='ocr_line' id='line_1_9' title="bbox 208 1139 1369 1232; baseline -0.003 -21"><span class='ocrx_word' id='word_1_58' title='bbox 208 1154 336 1232; x_wconf 81' lang='lat' dir='ltr'>potest,</span> <span class='ocrx_word' id='word_1_59' title='bbox 366 1144 396 1210; x_wconf 85' lang='lat' dir='ltr'>si</span> <span class='ocrx_word' id='word_1_60' title='bbox 427 1143 462 1208; x_wconf 94' lang='lat' dir='ltr'>in</span> <span class='ocrx_word' id='word_1_61' title='bbox 493 1139 545 1207; x_wconf 87' lang='lat' dir='ltr'>his</span> <span class='ocrx_word' id='word_1_62' title='bbox 576 1162 644 1207; x_wconf 91' lang='lat' dir='ltr'>non</span> <span class='ocrx_word' id='word_1_63' title='bbox 671 1140 905 1220; x_wconf 67' lang='lat' dir='ltr'>intelligetur?</span> <span class='ocrx_word' id='word_1_64' title='bbox 938 1145 993 1209; x_wconf 86' lang='lat' dir='ltr'>An</span> <span class='ocrx_word' id='word_1_65' title='bbox 1028 1163 1109 1209; x_wconf 88' lang='lat' dir='ltr'>vero</span> <span class='ocrx_word' id='word_1_66' title='bbox 1146 1142 1204 1208; x_wconf 91' lang='lat' dir='ltr'>illa</span> <span class='ocrx_word' id='word_1_67' title='bbox 1230 1141 1369 1208; x_wconf 80' lang='lat' dir='ltr'>defensio</span> 
     </span>
     <span class='ocr_line' id='line_1_10' title="bbox 208 1241 1371 1326; baseline -0.003 -15"><span class='ocrx_word' id='word_1_68' title='bbox 208 1245 304 1311; x_wconf 77' lang='lat' dir='ltr'>vobis</span> <span class='ocrx_word' id='word_1_69' title='bbox 330 1242 507 1326; x_wconf 86' lang='lat' dir='ltr'>praeclara</span> <span class='ocrx_word' id='word_1_70' title='bbox 536 1241 609 1308; x_wconf 82' lang='lat' dir='ltr'>visa</span> <span class='ocrx_word' id='word_1_71' title='bbox 635 1241 715 1307; x_wconf 77' lang='lat' dir='ltr'>est&#39;!</span> <span class='ocrx_word' id='word_1_72' title='bbox 756 1241 857 1319; x_wconf 85' lang='lat' dir='ltr'>„Non</span> <span class='ocrx_word' id='word_1_73' title='bbox 894 1241 1017 1317; x_wconf 88' lang='lat' dir='ltr'>deieci,</span> <span class='ocrx_word' id='word_1_74' title='bbox 1049 1243 1110 1310; x_wconf 87' lang='lat' dir='ltr'>sed</span> <span class='ocrx_word' id='word_1_75' title='bbox 1144 1245 1284 1322; x_wconf 88' lang='lat' dir='ltr'>obstiti;</span> <span class='ocrx_word' id='word_1_76' title='bbox 1316 1265 1371 1309; x_wconf 89' lang='lat' dir='ltr'>non</span> 
     </span>
     <span class='ocr_line' id='line_1_11' title="bbox 207 1341 1371 1423; baseline -0.003 -13"><span class='ocrx_word' id='word_1_77' title='bbox 207 1345 297 1411; x_wconf 91' lang='lat' dir='ltr'>enim</span> <span class='ocrx_word' id='word_1_78' title='bbox 327 1354 359 1416; x_wconf 89' lang='lat' dir='ltr'>te</span> <span class='ocrx_word' id='word_1_79' title='bbox 383 1365 459 1410; x_wconf 89' lang='lat' dir='ltr'>sum</span> <span class='ocrx_word' id='word_1_80' title='bbox 484 1361 606 1423; x_wconf 87' lang='lat' dir='ltr'>passus</span> <span class='ocrx_word' id='word_1_81' title='bbox 627 1342 660 1407; x_wconf 88' lang='lat' dir='ltr'>in</span> <span class='ocrx_word' id='word_1_82' title='bbox 683 1341 828 1408; x_wconf 81' lang='lat' dir='ltr'>fundum</span> <span class='ocrx_word' id='word_1_83' title='bbox 853 1342 1001 1422; x_wconf 77' lang='lat' dir='ltr'>ingredi:</span> <span class='ocrx_word' id='word_1_84' title='bbox 1022 1343 1082 1408; x_wconf 86' lang='lat' dir='ltr'>sed</span> <span class='ocrx_word' id='word_1_85' title='bbox 1103 1357 1257 1411; x_wconf 86' lang='lat' dir='ltr'>armatos</span> <span class='ocrx_word' id='word_1_86' title='bbox 1277 1343 1371 1410; x_wconf 83' lang='lat' dir='ltr'>honri·</span> 
     </span>
    </p>

    <p class='ocr_par' dir='ltr' id='par_1_5' title="bbox 124 1432 1383 1723">
     <span class='ocr_line' id='line_1_12' title="bbox 124 1432 1383 1528; baseline 0.001 -17"><span class='ocrx_word' id='word_1_87' title='bbox 124 1432 128 1437; x_wconf 55' lang='grc'><em>’</em></span> <span class='ocrx_word' id='word_1_88' title='bbox 206 1465 267 1512; x_wconf 89' lang='lat' dir='ltr'>nes</span> <span class='ocrx_word' id='word_1_89' title='bbox 296 1445 458 1528; x_wconf 88' lang='lat' dir='ltr'>opposui,</span> <span class='ocrx_word' id='word_1_90' title='bbox 502 1453 541 1507; x_wconf 92' lang='lat' dir='ltr'>ut</span> <span class='ocrx_word' id='word_1_91' title='bbox 563 1440 788 1521; x_wconf 83' lang='lat' dir='ltr'>intelligeres,</span> <span class='ocrx_word' id='word_1_92' title='bbox 809 1444 837 1509; x_wconf 89' lang='lat' dir='ltr'>si</span> <span class='ocrx_word' id='word_1_93' title='bbox 862 1446 895 1509; x_wconf 92' lang='lat' dir='ltr'>in</span> <span class='ocrx_word' id='word_1_94' title='bbox 918 1443 1025 1511; x_wconf 88' lang='lat' dir='ltr'>fundo</span> <span class='ocrx_word' id='word_1_95' title='bbox 1052 1444 1172 1525; x_wconf 89' lang='lat' dir='ltr'>pedem</span> <span class='ocrx_word' id='word_1_96' title='bbox 1193 1446 1383 1526; x_wconf 80' lang='lat' dir='ltr'>posuisses,¹</span> 
     </span>
     <span class='ocr_line' id='line_1_13' title="bbox 188 1541 1371 1632; baseline 0 -24"><span class='ocrx_word' id='word_1_97' title='bbox 188 1545 321 1614; x_wconf 75' lang='lat' dir='ltr'>,statim</span> <span class='ocrx_word' id='word_1_98' title='bbox 348 1545 405 1610; x_wconf 89' lang='lat' dir='ltr'>tibi</span> <span class='ocrx_word' id='word_1_99' title='bbox 431 1563 505 1610; x_wconf 86' lang='lat' dir='ltr'>esse</span> <span class='ocrx_word' id='word_1_100' title='bbox 529 1541 778 1624; x_wconf 86' lang='lat' dir='ltr'>per·eundurn.“</span> <span class='ocrx_word' id='word_1_101' title='bbox 815 1543 906 1632; x_wconf 78' lang='lat' dir='ltr'>Quid</span> <span class='ocrx_word' id='word_1_102' title='bbox 931 1545 1007 1611; x_wconf 68' lang='lat' dir='ltr'>ais?</span> <span class='ocrx_word' id='word_1_103' title='bbox 1040 1545 1069 1612; x_wconf 90' lang='lat' dir='ltr'>is</span> <span class='ocrx_word' id='word_1_104' title='bbox 1098 1546 1154 1626; x_wconf 90' lang='lat' dir='ltr'>qui</span> <span class='ocrx_word' id='word_1_105' title='bbox 1178 1548 1371 1626; x_wconf 79' lang='lat' dir='ltr'>armispcr·</span> 
     </span>
     <span class='ocr_line' id='line_1_14' title="bbox 205 1638 1370 1723; baseline -0.005 -10"><span class='ocrx_word' id='word_1_106' title='bbox 205 1647 363 1722; x_wconf 87' lang='lat' dir='ltr'>territus,</span> <span class='ocrx_word' id='word_1_107' title='bbox 398 1638 556 1722; x_wconf 77' lang='lat' dir='ltr'>fugatus,</span> <span class='ocrx_word' id='word_1_108' title='bbox 591 1642 708 1723; x_wconf 85' lang='lat' dir='ltr'>pulsus</span> <span class='ocrx_word' id='word_1_109' title='bbox 732 1657 799 1721; x_wconf 83' lang='lat' dir='ltr'>est,</span> <span class='ocrx_word' id='word_1_110' title='bbox 830 1666 899 1710; x_wconf 90' lang='lat' dir='ltr'>non</span> <span class='ocrx_word' id='word_1_111' title='bbox 931 1644 1065 1710; x_wconf 88' lang='lat' dir='ltr'>videtur</span> <span class='ocrx_word' id='word_1_112' title='bbox 1093 1660 1169 1711; x_wconf 86' lang='lat' dir='ltr'>csse</span> <span class='ocrx_word' id='word_1_113' title='bbox 1197 1644 1370 1710; x_wconf 79' lang='lat' dir='ltr'>deiectus?</span> 
     </span>
    </p>

    <p class='ocr_par' dir='ltr' id='par_1_6' title="bbox 146 1742 1371 1931">
     <span class='ocr_line' id='line_1_15' title="bbox 146 1742 1369 1830; baseline -0.003 -16"><span class='ocrx_word' id='word_1_114' title='bbox 146 1743 379 1830; x_wconf 64' lang='lat' dir='ltr'>seruatorem</span> <span class='ocrx_word' id='word_1_115' title='bbox 404 1745 446 1813; x_wconf 91' lang='lat' dir='ltr'>de</span> <span class='ocrx_word' id='word_1_116' title='bbox 474 1745 577 1809; x_wconf 91' lang='lat' dir='ltr'>verbo</span> <span class='ocrx_word' id='word_1_117' title='bbox 611 1742 817 1808; x_wconf 87' lang='lat' dir='ltr'>videbi-mus:</span> <span class='ocrx_word' id='word_1_118' title='bbox 852 1765 944 1810; x_wconf 89' lang='lat' dir='ltr'>nunc</span> <span class='ocrx_word' id='word_1_119' title='bbox 965 1765 1037 1810; x_wconf 88' lang='lat' dir='ltr'>rem</span> <span class='ocrx_word' id='word_1_120' title='bbox 1061 1746 1169 1826; x_wconf 81' lang='lat' dir='ltr'>ipsam</span> <span class='ocrx_word' id='word_1_121' title='bbox 1192 1760 1369 1827; x_wconf 84' lang='lat' dir='ltr'>ponamus,</span> 
     </span>
     <span class='ocr_line' id='line_1_16' title="bbox 205 1843 1371 1931; baseline -0.003 -17"><span class='ocrx_word' id='word_1_122' title='bbox 205 1869 308 1931; x_wconf 87' lang='lat' dir='ltr'>quarn</span> <span class='ocrx_word' id='word_1_123' title='bbox 331 1846 379 1919; x_wconf 89' lang='lat' dir='ltr'>illi</span> <span class='ocrx_word' id='word_1_124' title='bbox 406 1868 475 1912; x_wconf 93' lang='lat' dir='ltr'>non</span> <span class='ocrx_word' id='word_1_125' title='bbox 499 1854 643 1924; x_wconf 78' lang='lat' dir='ltr'>negant3</span> <span class='ocrx_word' id='word_1_126' title='bbox 678 1854 711 1910; x_wconf 91' lang='lat' dir='ltr'>ct</span> <span class='ocrx_word' id='word_1_127' title='bbox 740 1843 811 1911; x_wconf 89' lang='lat' dir='ltr'>eins</span> <span class='ocrx_word' id='word_1_128' title='bbox 842 1845 892 1911; x_wconf 88' lang='lat' dir='ltr'>rei</span> <span class='ocrx_word' id='word_1_129' title='bbox 924 1847 978 1914; x_wconf 90' lang='lat' dir='ltr'>ius</span> <span class='ocrx_word' id='word_1_130' title='bbox 1009 1846 1248 1928; x_wconf 85' lang='lat' dir='ltr'>actionemque</span> <span class='ocrx_word' id='word_1_131' title='bbox 1281 1865 1371 1924; x_wconf 79' lang='lat' dir='ltr'>quae</span> 
     </span>
    </p>

    <p class='ocr_par' dir='ltr' id='par_1_7' title="bbox 104 1943 334 2018">
     <span class='ocr_line' id='line_1_17' title="bbox 104 1943 334 2018; baseline -0.013 -1"><span class='ocrx_word' id='word_1_132' title='bbox 104 1943 107 1948; x_wconf 69' lang='grc'><strong>’</strong></span> <span class='ocrx_word' id='word_1_133' title='bbox 204 1969 334 2018; x_wconf 86' lang='lat' dir='ltr'>ramus.</span> 
     </span>
    </p>

    <p class='ocr_par' dir='ltr' id='par_1_8' title="bbox 202 2047 1372 2733">
     <span class='ocr_line' id='line_1_18' title="bbox 282 2047 1372 2134; baseline -0.001 -19"><span class='ocrx_word' id='word_1_134' title='bbox 282 2049 347 2116; x_wconf 90' lang='lat' dir='ltr'>Est</span> <span class='ocrx_word' id='word_1_135' title='bbox 374 2048 459 2115; x_wconf 87' lang='lat' dir='ltr'>haec</span> <span class='ocrx_word' id='word_1_136' title='bbox 483 2067 537 2115; x_wconf 89' lang='lat' dir='ltr'>res</span> <span class='ocrx_word' id='word_1_137' title='bbox 565 2047 696 2134; x_wconf 82' lang='lat' dir='ltr'>posita,</span> <span class='ocrx_word' id='word_1_138' title='bbox 730 2068 815 2130; x_wconf 88' lang='lat' dir='ltr'>quae</span> <span class='ocrx_word' id='word_1_139' title='bbox 839 2050 880 2116; x_wconf 88' lang='lat' dir='ltr'>ab</span> <span class='ocrx_word' id='word_1_140' title='bbox 904 2047 1100 2115; x_wconf 85' lang='lat' dir='ltr'>adversario</span> <span class='ocrx_word' id='word_1_141' title='bbox 1127 2071 1195 2115; x_wconf 92' lang='lat' dir='ltr'>non</span> <span class='ocrx_word' id='word_1_142' title='bbox 1223 2060 1372 2128; x_wconf 82' lang='lat' dir='ltr'>negatur.</span> 
     </span>
     <span class='ocr_line' id='line_1_19' title="bbox 205 2144 1371 2231; baseline -0.004 -14"><span class='ocrx_word' id='word_1_143' title='bbox 205 2149 402 2225; x_wconf 83' lang='lat' dir='ltr'>Caecinam,</span> <span class='ocrx_word' id='word_1_144' title='bbox 422 2144 510 2215; x_wconf 58' lang='lat' dir='ltr'>&#39;curn</span> <span class='ocrx_word' id='word_1_145' title='bbox 540 2147 583 2215; x_wconf 88' lang='lat' dir='ltr'>ad</span> <span class='ocrx_word' id='word_1_146' title='bbox 614 2151 836 2216; x_wconf 89' lang='lat' dir='ltr'>constitutam</span> <span class='ocrx_word' id='word_1_147' title='bbox 866 2150 954 2216; x_wconf 87' lang='lat' dir='ltr'>diem</span> <span class='ocrx_word' id='word_1_148' title='bbox 986 2144 1371 2231; x_wconf 60' lang='lat' dir='ltr'>tenrpnsque‘venisset,</span> 
     </span>
     <span class='ocr_line' id='line_1_20' title="bbox 203 2245 1371 2331; baseline -0.002 -16"><span class='ocrx_word' id='word_1_149' title='bbox 203 2252 320 2319; x_wconf 83' lang='lat' dir='ltr'>nivis</span> <span class='ocrx_word' id='word_1_150' title='bbox 346 2271 386 2317; x_wconf 91' lang='lat' dir='ltr'>ac</span> <span class='ocrx_word' id='word_1_151' title='bbox 418 2249 576 2317; x_wconf 89' lang='lat' dir='ltr'>deductio</span> <span class='ocrx_word' id='word_1_152' title='bbox 609 2251 761 2316; x_wconf 87' lang='lat' dir='ltr'>moribus</span> <span class='ocrx_word' id='word_1_153' title='bbox 791 2251 904 2327; x_wconf 87' lang='lat' dir='ltr'>fieret,</span> <span class='ocrx_word' id='word_1_154' title='bbox 939 2248 1076 2330; x_wconf 89' lang='lat' dir='ltr'>pulsum</span> <span class='ocrx_word' id='word_1_155' title='bbox 1102 2245 1371 2331; x_wconf 81' lang='lat' dir='ltr'>prohibitumque</span> 
     </span>
     <span class='ocr_line' id='line_1_21' title="bbox 204 2348 1368 2431; baseline -0.004 -12"><span class='ocrx_word' id='word_1_156' title='bbox 204 2371 280 2419; x_wconf 88' lang='lat' dir='ltr'>esse</span> <span class='ocrx_word' id='word_1_157' title='bbox 302 2353 349 2429; x_wconf 89' lang='lat' dir='ltr'>vi,</span> <span class='ocrx_word' id='word_1_158' title='bbox 382 2352 512 2418; x_wconf 88' lang='lat' dir='ltr'>coactis</span> <span class='ocrx_word' id='word_1_159' title='bbox 542 2350 734 2419; x_wconf 87' lang='lat' dir='ltr'>hominibus</span> <span class='ocrx_word' id='word_1_160' title='bbox 762 2363 796 2417; x_wconf 91' lang='lat' dir='ltr'>et</span> <span class='ocrx_word' id='word_1_161' title='bbox 820 2354 969 2417; x_wconf 85' lang='lat' dir='ltr'>armatis.</span> <span class='ocrx_word' id='word_1_162' title='bbox 1015 2352 1101 2416; x_wconf 87' lang='lat' dir='ltr'>Cum</span> <span class='ocrx_word' id='word_1_163' title='bbox 1128 2348 1195 2416; x_wconf 89' lang='lat' dir='ltr'>hoc</span> <span class='ocrx_word' id='word_1_164' title='bbox 1224 2360 1368 2431; x_wconf 77' lang='lat' dir='ltr'>constet,</span> 
     </span>
     <span class='ocr_line' id='line_1_22' title="bbox 204 2438 1368 2532; baseline -0.003 -14"><span class='ocrx_word' id='word_1_165' title='bbox 204 2473 267 2532; x_wconf 77' lang='lat' dir='ltr'>ego</span> <span class='ocrx_word' id='word_1_166' title='bbox 297 2438 401 2519; x_wconf 82' lang='lat' dir='ltr'>horno</span> <span class='ocrx_word' id='word_1_167' title='bbox 430 2454 607 2532; x_wconf 87' lang='lat' dir='ltr'>imperitus</span> <span class='ocrx_word' id='word_1_168' title='bbox 635 2452 738 2529; x_wconf 84' lang='lat' dir='ltr'>iuris,</span> <span class='ocrx_word' id='word_1_169' title='bbox 759 2451 897 2528; x_wconf 80' lang='lat' dir='ltr'>ignarus</span> <span class='ocrx_word' id='word_1_170' title='bbox 931 2451 1147 2530; x_wconf 83' lang='lat' dir='ltr'>negotiorum</span> <span class='ocrx_word' id='word_1_171' title='bbox 1179 2471 1219 2517; x_wconf 90' lang='lat' dir='ltr'>ac</span> <span class='ocrx_word' id='word_1_172' title='bbox 1245 2449 1368 2523; x_wconf 87' lang='lat' dir='ltr'>litium,</span> 
     </span>
     <span class='ocr_line' id='line_1_23' title="bbox 202 2550 1368 2635; baseline -0.004 -17"><span class='ocrx_word' id='word_1_173' title='bbox 202 2553 292 2618; x_wconf 91' lang='lat' dir='ltr'>hanc</span> <span class='ocrx_word' id='word_1_174' title='bbox 318 2564 400 2631; x_wconf 88' lang='lat' dir='ltr'>puto</span> <span class='ocrx_word' id='word_1_175' title='bbox 427 2572 482 2616; x_wconf 89' lang='lat' dir='ltr'>me</span> <span class='ocrx_word' id='word_1_176' title='bbox 504 2550 628 2616; x_wconf 89' lang='lat' dir='ltr'>habere</span> <span class='ocrx_word' id='word_1_177' title='bbox 656 2552 843 2635; x_wconf 80' lang='lat' dir='ltr'>actionem,</span> <span class='ocrx_word' id='word_1_178' title='bbox 874 2563 912 2617; x_wconf 92' lang='lat' dir='ltr'>ut</span> <span class='ocrx_word' id='word_1_179' title='bbox 933 2572 995 2633; x_wconf 85' lang='lat' dir='ltr'>per</span> <span class='ocrx_word' id='word_1_180' title='bbox 1017 2550 1234 2617; x_wconf 87' lang='lat' dir='ltr'>interdictum</span> <span class='ocrx_word' id='word_1_181' title='bbox 1262 2571 1368 2624; x_wconf 82' lang='lat' dir='ltr'>meum</span> 
     </span>
     <span class='ocr_line' id='line_1_24' title="bbox 202 2642 1369 2733; baseline -0.001 -18"><span class='ocrx_word' id='word_1_182' title='bbox 202 2652 256 2715; x_wconf 87' lang='lat' dir='ltr'>ius</span> <span class='ocrx_word' id='word_1_183' title='bbox 287 2663 413 2725; x_wconf 79' lang='lat' dir='ltr'>teneam</span> <span class='ocrx_word' id='word_1_184' title='bbox 447 2662 548 2733; x_wconf 90' lang='lat' dir='ltr'>atque</span> <span class='ocrx_word' id='word_1_185' title='bbox 584 2651 740 2716; x_wconf 85' lang='lat' dir='ltr'>iniuriam</span> <span class='ocrx_word' id='word_1_186' title='bbox 773 2662 863 2716; x_wconf 90' lang='lat' dir='ltr'>tuam</span> <span class='ocrx_word' id='word_1_187' title='bbox 902 2646 1097 2733; x_wconf 85' lang='lat' dir='ltr'>persequar.</span> <span class='ocrx_word' id='word_1_188' title='bbox 1149 2652 1216 2716; x_wconf 83' lang='lat' dir='ltr'>Fac</span> <span class='ocrx_word' id='word_1_189' title='bbox 1244 2642 1284 2715; x_wconf 88' lang='lat' dir='ltr'>in</span> <span class='ocrx_word' id='word_1_190' title='bbox 1309 2650 1369 2715; x_wconf 90' lang='lat' dir='ltr'>hoc</span> 
     </span>
    </p>

    <p class='ocr_par' dir='ltr' id='par_1_9' title="bbox 166 2750 1369 2832">
     <span class='ocr_line' id='line_1_25' title="bbox 166 2750 1369 2832; baseline -0.001 -17"><span class='ocrx_word' id='word_1_191' title='bbox 166 2778 170 2786; x_wconf 91' lang='lat'><strong>·</strong></span> <span class='ocrx_word' id='word_1_192' title='bbox 203 2770 317 2816; x_wconf 83' lang='lat' dir='ltr'>errare</span> <span class='ocrx_word' id='word_1_193' title='bbox 334 2772 404 2826; x_wconf 89' lang='lat' dir='ltr'>me,</span> <span class='ocrx_word' id='word_1_194' title='bbox 425 2771 487 2816; x_wconf 90' lang='lat' dir='ltr'>nec</span> <span class='ocrx_word' id='word_1_195' title='bbox 503 2750 573 2817; x_wconf 91' lang='lat' dir='ltr'>ullo</span> <span class='ocrx_word' id='word_1_196' title='bbox 593 2750 695 2817; x_wconf 89' lang='lat' dir='ltr'>modo</span> <span class='ocrx_word' id='word_1_197' title='bbox 714 2771 816 2832; x_wconf 88' lang='lat' dir='ltr'>posse</span> <span class='ocrx_word' id='word_1_198' title='bbox 833 2773 893 2832; x_wconf 89' lang='lat' dir='ltr'>per</span> <span class='ocrx_word' id='word_1_199' title='bbox 910 2750 976 2817; x_wconf 92' lang='lat' dir='ltr'>hoc</span> <span class='ocrx_word' id='word_1_200' title='bbox 994 2751 1215 2817; x_wconf 88' lang='lat' dir='ltr'>interdictum</span> <span class='ocrx_word' id='word_1_201' title='bbox 1232 2752 1369 2818; x_wconf 82' lang='lat' dir='ltr'>id-asse·</span> 
     </span>
    </p>

    <p class='ocr_par' dir='ltr' id='par_1_10' title="bbox 142 2846 1420 3336">
     <span class='ocr_line' id='line_1_26' title="bbox 142 2846 1368 2942; baseline -0.005 -19"><span class='ocrx_word' id='word_1_202' title='bbox 142 2861 180 2923; x_wconf 79' lang='grc'>33</span> <span class='ocrx_word' id='word_1_203' title='bbox 202 2852 279 2935; x_wconf 88' lang='lat' dir='ltr'>qni,</span> <span class='ocrx_word' id='word_1_204' title='bbox 302 2846 392 2934; x_wconf 82' lang='lat' dir='ltr'>quod</span> <span class='ocrx_word' id='word_1_205' title='bbox 418 2849 537 2928; x_wconf 86' lang='lat' dir='ltr'>velim,</span> <span class='ocrx_word' id='word_1_206' title='bbox 562 2863 593 2916; x_wconf 91' lang='lat' dir='ltr'>te</span> <span class='ocrx_word' id='word_1_207' title='bbox 617 2855 666 2917; x_wconf 90' lang='lat' dir='ltr'>uti</span> <span class='ocrx_word' id='word_1_208' title='bbox 691 2853 725 2917; x_wconf 90' lang='lat' dir='ltr'>in</span> <span class='ocrx_word' id='word_1_209' title='bbox 749 2850 872 2918; x_wconf 86' lang='lat' dir='ltr'>haere</span> <span class='ocrx_word' id='word_1_210' title='bbox 894 2854 1057 2932; x_wconf 76' lang='lat' dir='ltr'>magistro</span> <span class='ocrx_word' id='word_1_211' title='bbox 1079 2852 1174 2919; x_wconf 84' lang='lat' dir='ltr'>volo.</span> <span class='ocrx_word' id='word_1_212' title='bbox 1216 2853 1368 2942; x_wconf 79' lang='lat' dir='ltr'>Quaero,</span> 
     </span>
     <span class='ocr_line' id='line_1_27' title="bbox 200 2950 1368 3039; baseline -0.003 -20"><span class='ocrx_word' id='word_1_213' title='bbox 200 2953 288 3021; x_wconf 86' lang='lat' dir='ltr'>sitne</span> <span class='ocrx_word' id='word_1_214' title='bbox 318 2951 426 3039; x_wconf 85' lang='lat' dir='ltr'>aliqua</span> <span class='ocrx_word' id='word_1_215' title='bbox 452 2952 551 3018; x_wconf 90' lang='lat' dir='ltr'>huius</span> <span class='ocrx_word' id='word_1_216' title='bbox 578 2953 627 3018; x_wconf 90' lang='lat' dir='ltr'>rei</span> <span class='ocrx_word' id='word_1_217' title='bbox 651 2953 758 3029; x_wconf 84' lang='lat' dir='ltr'>actio,</span> <span class='ocrx_word' id='word_1_218' title='bbox 788 2974 830 3020; x_wconf 89' lang='lat' dir='ltr'>an</span> <span class='ocrx_word' id='word_1_219' title='bbox 852 2953 972 3019; x_wconf 63' lang='lat' dir='ltr'>nulla?</span> <span class='ocrx_word' id='word_1_220' title='bbox 1005 2950 1196 3021; x_wconf 64' lang='lat' dir='ltr'>Con&#39;vocari</span> <span class='ocrx_word' id='word_1_221' title='bbox 1220 2954 1368 3020; x_wconf 81' lang='lat' dir='ltr'>homines</span> 
     </span>
     <span class='ocr_line' id='line_1_28' title="bbox 199 3053 1368 3137; baseline -0.005 -16"><span class='ocrx_word' id='word_1_222' title='bbox 199 3065 341 3137; x_wconf 88' lang='lat' dir='ltr'>propter</span> <span class='ocrx_word' id='word_1_223' title='bbox 365 3053 604 3134; x_wconf 79' lang='lat' dir='ltr'>&#39;possessionis</span> <span class='ocrx_word' id='word_1_224' title='bbox 640 3053 912 3120; x_wconf 82' lang='lat' dir='ltr'>controversiam</span> <span class='ocrx_word' id='word_1_225' title='bbox 945 3077 1014 3120; x_wconf 92' lang='lat' dir='ltr'>non</span> <span class='ocrx_word' id='word_1_226' title='bbox 1052 3064 1208 3133; x_wconf 76' lang='lat' dir='ltr'>oportet3</span> <span class='ocrx_word' id='word_1_227' title='bbox 1248 3053 1368 3119; x_wconf 81' lang='lat' dir='ltr'>armari</span> 
     </span>
     <span class='ocr_line' id='line_1_29' title="bbox 199 3153 1420 3235; baseline -0.002 -14"><span class='ocrx_word' id='word_1_228' title='bbox 199 3155 452 3223; x_wconf 85' lang='lat' dir='ltr'>multitudinem</span> <span class='ocrx_word' id='word_1_229' title='bbox 476 3154 558 3220; x_wconf 90' lang='lat' dir='ltr'>iuris</span> <span class='ocrx_word' id='word_1_230' title='bbox 589 3154 756 3221; x_wconf 88' lang='lat' dir='ltr'>retinendi</span> <span class='ocrx_word' id='word_1_231' title='bbox 784 3175 886 3222; x_wconf 89' lang='lat' dir='ltr'>causa</span> <span class='ocrx_word' id='word_1_232' title='bbox 912 3177 981 3220; x_wconf 92' lang='lat' dir='ltr'>non</span> <span class='ocrx_word' id='word_1_233' title='bbox 1009 3156 1187 3235; x_wconf 67' lang='lat' dir='ltr'>convenita</span> <span class='ocrx_word' id='word_1_234' title='bbox 1218 3175 1282 3219; x_wconf 89' lang='lat' dir='ltr'>nec</span> <span class='ocrx_word' id='word_1_235' title='bbox 1306 3153 1368 3218; x_wconf 87' lang='lat' dir='ltr'>iuri</span> <span class='ocrx_word' id='word_1_236' title='bbox 1419 3184 1420 3229; x_wconf 39' lang='grc' dir='ltr'>ξ</span> 
     </span>
     <span class='ocr_line' id='line_1_30' title="bbox 185 3254 1420 3336; baseline 0 -17"><span class='ocrx_word' id='word_1_237' title='bbox 185 3255 380 3336; x_wconf 77' lang='lat' dir='ltr'>&#39;quidquam</span> <span class='ocrx_word' id='word_1_238' title='bbox 413 3269 480 3320; x_wconf 92' lang='lat' dir='ltr'>tam</span> <span class='ocrx_word' id='word_1_239' title='bbox 513 3255 687 3327; x_wconf 87' lang='lat' dir='ltr'>inimicum</span> <span class='ocrx_word' id='word_1_240' title='bbox 720 3276 821 3335; x_wconf 85' lang='lat' dir='ltr'>quarn</span> <span class='ocrx_word' id='word_1_241' title='bbox 845 3256 896 3323; x_wconf 85' lang='lat' dir='ltr'>vis</span> <span class='ocrx_word' id='word_1_242' title='bbox 921 3274 985 3319; x_wconf 91' lang='lat' dir='ltr'>nec</span> <span class='ocrx_word' id='word_1_243' title='bbox 1009 3255 1167 3334; x_wconf 89' lang='lat' dir='ltr'>aequitati</span> <span class='ocrx_word' id='word_1_244' title='bbox 1193 3254 1369 3336; x_wconf 78' lang='lat' dir='ltr'>quidquam</span> <span class='ocrx_word' id='word_1_245' title='bbox 1419 3284 1420 3329; x_wconf 64' lang='lat' dir='ltr'>i</span> 
     </span>
    </p>

    <p class='ocr_par' dir='ltr' id='par_1_11' title="bbox 198 3334 1420 3435">
     <span class='ocr_line' id='line_1_31' title="bbox 198 3334 1420 3435; baseline 0.001 -16"><span class='ocrx_word' id='word_1_246' title='bbox 198 3366 268 3420; x_wconf 91' lang='lat' dir='ltr'>tam</span> <span class='ocrx_word' id='word_1_247' title='bbox 291 3356 453 3421; x_wconf 85' lang='lat' dir='ltr'>infestum</span> <span class='ocrx_word' id='word_1_248' title='bbox 479 3366 532 3419; x_wconf 90' lang='lat' dir='ltr'>est</span> <span class='ocrx_word' id='word_1_249' title='bbox 558 3377 657 3435; x_wconf 86' lang='lat' dir='ltr'>quarn</span> <span class='ocrx_word' id='word_1_250' title='bbox 682 3355 863 3420; x_wconf 90' lang='lat' dir='ltr'>convocati</span> <span class='ocrx_word' id='word_1_251' title='bbox 890 3346 1045 3419; x_wconf 88' lang='lat' dir='ltr'>homines</span> <span class='ocrx_word' id='word_1_252' title='bbox 1072 3365 1106 3418; x_wconf 91' lang='lat' dir='ltr'>et</span> <span class='ocrx_word' id='word_1_253' title='bbox 1130 3357 1265 3420; x_wconf 86' lang='lat' dir='ltr'>armati.</span> <span class='ocrx_word' id='word_1_254' title='bbox 1419 3334 1420 3427; x_wconf 83' lang='lat' dir='ltr'>l</span> 
     </span>
    </p>

    <p class='ocr_par' dir='ltr' id='par_1_12' title="bbox 203 3434 1420 3543">
     <span class='ocr_line' id='line_1_32' title="bbox 203 3452 1369 3543; baseline -0.002 -23"><span class='ocrx_word' id='word_1_255' title='bbox 203 3480 205 3485; x_wconf 62' lang='grc'>’</span> <span class='ocrx_word' id='word_1_256' title='bbox 276 3454 357 3520; x_wconf 89' lang='grc' dir='ltr'><strong>ΧΙΙ.</strong></span> <span class='ocrx_word' id='word_1_257' title='bbox 401 3452 504 3543; x_wconf 79' lang='lat' dir='ltr'>Quod</span> <span class='ocrx_word' id='word_1_258' title='bbox 538 3474 616 3519; x_wconf 89' lang='lat' dir='ltr'>cum</span> <span class='ocrx_word' id='word_1_259' title='bbox 647 3455 693 3519; x_wconf 85' lang='lat' dir='ltr'>ita</span> <span class='ocrx_word' id='word_1_260' title='bbox 729 3455 792 3528; x_wconf 88' lang='lat' dir='ltr'>sit,</span> <span class='ocrx_word' id='word_1_261' title='bbox 827 3468 948 3533; x_wconf 86' lang='lat' dir='ltr'>resque</span> <span class='ocrx_word' id='word_1_262' title='bbox 978 3454 1145 3521; x_wconf 87' lang='lat' dir='ltr'>eiusmodi</span> <span class='ocrx_word' id='word_1_263' title='bbox 1175 3455 1239 3531; x_wconf 90' lang='lat' dir='ltr'>sit,</span> <span class='ocrx_word' id='word_1_264' title='bbox 1270 3464 1306 3518; x_wconf 88' lang='lat' dir='ltr'>ut</span> <span class='ocrx_word' id='word_1_265' title='bbox 1337 3452 1369 3517; x_wconf 86' lang='lat' dir='ltr'>iu</span> 
     </span>
    </p>

    <p class='ocr_par' dir='ltr' id='par_1_13' title="bbox 198 3548 1420 3636">
     <span class='ocr_line' id='line_1_33' title="bbox 198 3551 1369 3636; baseline -0.002 -18"><span class='ocrx_word' id='word_1_266' title='bbox 198 3555 355 3636; x_wconf 85' lang='lat' dir='ltr'>primis-a</span> <span class='ocrx_word' id='word_1_267' title='bbox 377 3554 629 3631; x_wconf 82' lang='lat' dir='ltr'>magistratibus</span> <span class='ocrx_word' id='word_1_268' title='bbox 650 3551 949 3619; x_wconf 84' lang='lat' dir='ltr'>animadvertenda</span> <span class='ocrx_word' id='word_1_269' title='bbox 965 3575 1039 3621; x_wconf 85' lang='lat' dir='ltr'>esse</span> <span class='ocrx_word' id='word_1_270' title='bbox 1053 3555 1228 3633; x_wconf 87' lang='lat' dir='ltr'>videatur,</span> <span class='ocrx_word' id='word_1_271' title='bbox 1250 3555 1369 3620; x_wconf 81' lang='lat' dir='ltr'>iteruin</span> 
     </span>
    </p>

    <p class='ocr_par' dir='ltr' id='par_1_14' title="bbox 198 3630 1420 3840">
     <span class='ocr_line' id='line_1_34' title="bbox 198 3651 1369 3741; baseline 0 -23"><span class='ocrx_word' id='word_1_272' title='bbox 198 3674 342 3741; x_wconf 82' lang='lat' dir='ltr'>quaero,</span> <span class='ocrx_word' id='word_1_273' title='bbox 376 3655 464 3719; x_wconf 88' lang='lat' dir='ltr'>sitne</span> <span class='ocrx_word' id='word_1_274' title='bbox 483 3654 554 3718; x_wconf 85' lang='lat' dir='ltr'>eiua</span> <span class='ocrx_word' id='word_1_275' title='bbox 575 3653 624 3716; x_wconf 89' lang='lat' dir='ltr'>rei</span> <span class='ocrx_word' id='word_1_276' title='bbox 650 3651 761 3732; x_wconf 89' lang='lat' dir='ltr'>aliqua</span> <span class='ocrx_word' id='word_1_277' title='bbox 780 3653 961 3736; x_wconf 86' lang='lat' dir='ltr'>actio,.an</span> <span class='ocrx_word' id='word_1_278' title='bbox 983 3654 1102 3721; x_wconf 63' lang='lat' dir='ltr'>nulla?</span> <span class='ocrx_word' id='word_1_279' title='bbox 1136 3654 1274 3722; x_wconf 87' lang='lat' dir='ltr'>Nullam</span> <span class='ocrx_word' id='word_1_280' title='bbox 1296 3674 1369 3719; x_wconf 89' lang='lat' dir='ltr'>csse</span> 
     </span>
     <span class='ocr_line' id='line_1_35' title="bbox 198 3752 1368 3840; baseline -0.002 -22"><span class='ocrx_word' id='word_1_281' title='bbox 198 3752 319 3819; x_wconf 59' lang='lat' dir='ltr'>dices?</span> <span class='ocrx_word' id='word_1_282' title='bbox 353 3752 481 3821; x_wconf 88' lang='lat' dir='ltr'>Audire</span> <span class='ocrx_word' id='word_1_283' title='bbox 510 3753 621 3832; x_wconf 86' lang='lat' dir='ltr'>cupio.</span> <span class='ocrx_word' id='word_1_284' title='bbox 664 3752 732 3840; x_wconf 76' lang='lat' dir='ltr'>Qui</span> <span class='ocrx_word' id='word_1_285' title='bbox 767 3753 798 3816; x_wconf 90' lang='lat' dir='ltr'>in</span> <span class='ocrx_word' id='word_1_286' title='bbox 830 3774 913 3832; x_wconf 87' lang='lat' dir='ltr'>pace</span> <span class='ocrx_word' id='word_1_287' title='bbox 943 3766 976 3819; x_wconf 91' lang='lat' dir='ltr'>et</span> <span class='ocrx_word' id='word_1_288' title='bbox 1000 3756 1091 3832; x_wconf 87' lang='lat' dir='ltr'>otio,</span> <span class='ocrx_word' id='word_1_289' title='bbox 1123 3776 1201 3821; x_wconf 90' lang='lat' dir='ltr'>cum</span> <span class='ocrx_word' id='word_1_290' title='bbox 1234 3776 1368 3820; x_wconf 90' lang='lat' dir='ltr'>manum</span> 
     </span>
    </p>

    <p class='ocr_par' dir='ltr' id='par_1_15' title="bbox 196 3840 1420 3946">
     <span class='ocr_line' id='line_1_36' title="bbox 196 3840 1420 3946; baseline -0.003 -26"><span class='ocrx_word' id='word_1_291' title='bbox 196 3855 332 3928; x_wconf 79' lang='lat' dir='ltr'>fecerit,</span> <span class='ocrx_word' id='word_1_292' title='bbox 370 3857 485 3946; x_wconf 87' lang='lat' dir='ltr'>copias</span> <span class='ocrx_word' id='word_1_293' title='bbox 519 3854 673 3933; x_wconf 86' lang='lat' dir='ltr'>pararit,</span> <span class='ocrx_word' id='word_1_294' title='bbox 710 3851 959 3918; x_wconf 81' lang='lat' dir='ltr'>uniltitudinern</span> <span class='ocrx_word' id='word_1_295' title='bbox 994 3853 1370 3934; x_wconf 58' lang='lat' dir='ltr'>nortmannosque,</span> <span class='ocrx_word' id='word_1_296' title='bbox 1419 3840 1420 3935; x_wconf 76' lang='lat' dir='ltr'>l</span> 
     </span>
    </p>

    <p class='ocr_par' dir='ltr' id='par_1_16' title="bbox 197 3952 1420 4043">
     <span class='ocr_line' id='line_1_37' title="bbox 197 3952 1420 4043; baseline 0 -24"><span class='ocrx_word' id='word_1_297' title='bbox 197 3956 355 4028; x_wconf 87' lang='lat' dir='ltr'>armarit,</span> <span class='ocrx_word' id='word_1_298' title='bbox 381 3955 598 4030; x_wconf 82' lang='lat' dir='ltr'>instruxerit,</span> <span class='ocrx_word' id='word_1_299' title='bbox 629 3952 783 4020; x_wconf 86' lang='lat' dir='ltr'>homines</span> <span class='ocrx_word' id='word_1_300' title='bbox 806 3954 969 4030; x_wconf 88' lang='lat' dir='ltr'>inermos,</span> <span class='ocrx_word' id='word_1_301' title='bbox 1002 3956 1056 4033; x_wconf 90' lang='lat' dir='ltr'>qui</span> <span class='ocrx_word' id='word_1_302' title='bbox 1081 3955 1122 4019; x_wconf 81' lang='lat' dir='ltr'>atl</span> <span class='ocrx_word' id='word_1_303' title='bbox 1145 3958 1367 4022; x_wconf 86' lang='lat' dir='ltr'>constitutum</span> <span class='ocrx_word' id='word_1_304' title='bbox 1419 4022 1420 4043; x_wconf 12' lang='grc' dir='ltr'>ἶ</span> 
     </span>
    </p>
   </div>
   <div class='ocr_carea' id='block_1_3' title="bbox 200 4094 426 4110">
    <p class='ocr_par' dir='ltr' id='par_1_17' title="bbox 200 4094 426 4110">
     <span class='ocr_line' id='line_1_38' title="bbox 200 4094 426 4110; baseline -0.004 -1"><span class='ocrx_word' id='word_1_305' title='bbox 200 4094 426 4110; x_wconf 65' lang='lat' dir='ltr'>——n——n—u--d</span> 
     </span>
    </p>
   </div>
   <div class='ocr_carea' id='block_1_4' title="bbox 195 4176 1367 4317">
    <p class='ocr_par' dir='ltr' id='par_1_18' title="bbox 195 4176 1367 4317">
     <span class='ocr_line' id='line_1_39' title="bbox 195 4176 1367 4253; baseline -0.008 -27"><span class='ocrx_word' id='word_1_306' title='bbox 195 4181 326 4226; x_wconf 81' lang='lat' dir='ltr'>attuleram</span> <span class='ocrx_word' id='word_1_307' title='bbox 344 4179 417 4224; x_wconf 83' lang='lat' dir='ltr'>Catii.</span> <span class='ocrx_word' id='word_1_308' title='bbox 433 4180 462 4234; x_wconf 77' lang='lat'>2,</span> <span class='ocrx_word' id='word_1_309' title='bbox 480 4178 491 4238; x_wconf 63' lang='lat' dir='ltr'>t</span> <span class='ocrx_word' id='word_1_310' title='bbox 511 4180 563 4234; x_wconf 62' lang='lat'>13„</span> <span class='ocrx_word' id='word_1_311' title='bbox 582 4195 643 4226; x_wconf 88' lang='lat' dir='ltr'>nunc</span> <span class='ocrx_word' id='word_1_312' title='bbox 661 4187 786 4226; x_wconf 82' lang='lat' dir='ltr'>correctus</span> <span class='ocrx_word' id='word_1_313' title='bbox 804 4176 859 4231; x_wconf 85' lang='lat' dir='ltr'>est.)</span> <span class='ocrx_word' id='word_1_314' title='bbox 871 4203 905 4214; x_wconf 91' lang='lat'>-</span> <span class='ocrx_word' id='word_1_315' title='bbox 920 4177 1070 4238; x_wconf 82' lang='lat' dir='ltr'>perterritus]</span> <span class='ocrx_word' id='word_1_316' title='bbox 1089 4179 1145 4226; x_wconf 90' lang='lat' dir='ltr'>Hoc</span> <span class='ocrx_word' id='word_1_317' title='bbox 1163 4179 1234 4234; x_wconf 89' lang='lat' dir='ltr'>loco,</span> <span class='ocrx_word' id='word_1_318' title='bbox 1251 4176 1290 4222; x_wconf 86' lang='lat' dir='ltr'>ubi</span> <span class='ocrx_word' id='word_1_319' title='bbox 1305 4180 1367 4253; x_wconf 76' lang='lat' dir='ltr'>meru</span> 
     </span>
     <span class='ocr_line' id='line_1_40' title="bbox 195 4257 992 4317; baseline 0 -13"><span class='ocrx_word' id='word_1_320' title='bbox 195 4273 244 4305; x_wconf 88' lang='lat' dir='ltr'>non</span> <span class='ocrx_word' id='word_1_321' title='bbox 261 4258 385 4309; x_wconf 81' lang='lat' dir='ltr'>adiicitur,</span> <span class='ocrx_word' id='word_1_322' title='bbox 404 4264 529 4316; x_wconf 80' lang='lat' dir='ltr'>praestare</span> <span class='ocrx_word' id='word_1_323' title='bbox 547 4261 640 4305; x_wconf 86' lang='lat' dir='ltr'>videtur</span> <span class='ocrx_word' id='word_1_324' title='bbox 653 4263 809 4315; x_wconf 66' lang='lat' dir='ltr'>proterretur,</span> <span class='ocrx_word' id='word_1_325' title='bbox 836 4265 861 4304; x_wconf 85' lang='lat' dir='ltr'>ut</span> <span class='ocrx_word' id='word_1_326' title='bbox 878 4257 943 4317; x_wconf 69' lang='lat' dir='ltr'>tsi.</span> <span class='ocrx_word' id='word_1_327' title='bbox 990 4286 992 4291; x_wconf 86' lang='lat'><em>.</em></span> 
     </span>
    </p>
   </div>
   <div class='ocr_carea' id='block_1_5' title="bbox 0 0 1430 4759">
    <p class='ocr_par' dir='ltr' id='par_1_19' title="bbox 0 0 1430 4759">
     <span class='ocr_line' id='line_1_41' title="bbox 0 0 1430 4759; baseline 0 2"><span class='ocrx_word' id='word_1_328' title='bbox 0 0 1430 4759; x_wconf 95' lang='lat' dir='ltr'> </span> 
     </span>
    </p>
   </div>
  </div>
 </body>
</html>
