2850 4759
147 270 373 340 ACCUSAT.
399 272 448 339 IN
478 272 516 339 C.
542 273 734 345 VERREM
755 276 837 345 LlB.
858 278 916 367 lv,
945 300 977 346 c.
999 282 1038 347 60
1054 295 1087 349 et
1101 284 1153 347 61.
1205 286 1243 352 71

53 440 156 516 sunt,
192 452 328 498 merere
356 430 461 509 velle,
494 444 532 498 ιιι
554 434 595 501 ab
618 434 658 503 iis
679 456 875 506 marmorea
896 437 1010 508 Venus
1032 439 1088 508 illa
1111 443 1243 514 aulem·

52 533 140 599 tur-⁶?
176 531 260 615 quid
289 534 513 614 Tarentinos,
545 549 583 603 ut
611 537 788 618 Europam
809 540 843 605 in
867 553 965 609 tauro
988 544 1173 610 amittant?
1204 559 1243 614 ut

50 637 239 715 Satyrum,
262 636 319 717 qui
341 635 528 718 apudillos
549 639 584 703 in
599 637 684 705 aede
699 640 823 708 Vestae
838 642 918 710 esra
946 656 985 709 ιιι
999 645 1139 720 cetera?
1161 648 1242 728 quid

51 736 306 817 Thespieuses,
330 750 368 803 ιιι
383 738 556 820 Cupidinis
572 742 727 821 signum,
743 754 883 824 propter
899 744 989 826 quod
1005 768 1110 812 unum
1129 748 1241 815 risuu-

53 851 111 904 ιιιι·
134 837 334 920 thespiae?
356 840 434 922 quid
452 840 610 917 Cnidios,
632 855 671 908 ut
688 844 853 910 Venerem
869 848 1129 920 marmoream?
1151 850 1241 930 quid,

55 953 94 1006 ut
120 941 265 1021 pictam,
301 943 422 1009 eoosa
457 943 538 1025 quid
567 941 757 1024 Ephesios,
791 959 829 1011 ut
856 946 1125 1015 Alexandrum?
1160 950 1240 1033 quid

57 1043 267 1121 Cyzicenos,
299 1054 338 1109 ιιι
367 1046 527 1121 Aiacem,
560 1058 619 1111 aut
646 1045 836 1113 Medeam?
877 1049 957 1129 quid
985 1050 1161 1127 Rhodios,
1202 1065 1241 1122 ut

49 1144 235 1225 Ialysum?
273 1145 354 1226 quid
377 1145 624 1228 Athenienses,
644 1161 686 1214 ut
718 1170 762 1215 ex
790 1171 964 1219 marmore
991 1150 1152 1220 iacchum
1180 1164 1240 1221 aut

50 1246 214 1313 Paralum
244 1249 375 1329 pictum
401 1261 463 1314 aut
491 1269 535 1316 ex
563 1271 641 1316 aere
667 1252 826 1332 Myronis
854 1252 1045 1320 buculam?
1079 1254 1236 1335 Longum

52 1362 100 1416 est
122 1363 161 1415 et
181 1372 253 1415 non
273 1351 506 1416 necessarium
529 1373 818 1429 commemorare,
853 1376 940 1436 quae
965 1355 1053 1437 apud
1083 1378 1237 1439 quosque

52 1451 194 1518 visenda
215 1464 296 1519 sunt
318 1465 390 1519 tota
411 1454 496 1519 Asia
517 1465 551 1518 et
572 1453 734 1520 Graecia:
767 1476 886 1522 verum
908 1455 992 1522 illud
1014 1469 1086 1535 est,
1117 1481 1238 1540 quam·

50 1555 169 1620 obrem
199 1552 284 1620 haec
311 1575 598 1634 commemorem,
631 1555 722 1638 quod
744 1558 943 1623 existimare
963 1579 1026 1626 vos
1047 1556 1114 1626 hoe
1135 1558 1235 1640 velo,

52 1657 176 1721 mirum
198 1656 369 1737 quendam
392 1654 546 1724 dolorem
569 1658 722 1738 accipere
744 1678 824 1736 eos,
860 1679 904 1726 ex
927 1681 1074 1742 qnorum
1095 1661 1235 1730 urbibus

46 1754 133 1823 haec
158 1758 370 1824 auferantur.
1037 1827 1040 1830 ,

124 1860 220 1925 LXl.
263 1861 392 1941 Atque,
426 1871 465 1926 ιιι
492 1871 626 1931 ceteros
657 1862 874 1948 omittamus,
907 1862 949 1930 de
975 1865 1057 1946 ipsis
1086 1864 1305 1946 Syracu-136·

50 1963 142 2029 sanis
165 1964 376 2040 cognoscite.
426 1962 480 2027 Ad
503 1983 588 2046 qnos
610 1984 673 2043 ego
697 1985 775 2029 erim
798 1967 986 2042 venissem,
1017 1969 1066 2032 sie
1085 1967 1235 2048 'primum

50 2061 309 2139 existimabam,
341 2075 380 2130 ut
405 2064 536 2130 Romae
564 2087 608 2130 ex
635 2067 733 2133 istius
756 2067 873 2133 amieis
897 2088 1117 2149 acceperam,
1152 2070 1235 2134 ciri·

53 2177 156 2232 larem
180 2166 430 2247 Syracusanam
453 2180 596 2249 propter
616 2166 763 2232 Heraclii
786 2167 1009 2240 hereditatem
1031 2192 1100 2234 non
1122 2172 1234 2238 minus

54 2288 131 2333 esse
152 2269 205 2333 isti
225 2269 392 2345 amicam,
414 2291 516 2352 quam
539 2270 781 2352 Mamertinam
804 2280 946 2349 propter
966 2271 1172 2350 praedarum
1193 2293 1234 2337 ac

52 2372 221 2436 furtorum
246 2371 397 2436 ornnium
421 2371 640 2437 societatem:
670 2368 773 2436 simul
796 2381 829 2434 et
850 2371 1013 2449 verebar,
1048 2391 1091 2436 ne
1114 2372 1234 2438 mulie·

49 2493 125 2538 rum
153 2471 318 2538 nobil-ium
345 2485 380 2538 et
408 2474 642 2539 formosarum
671 2472 801 2551 gratia,
832 2493 976 2554 quarum
1004 2473 1231 2542 iste-arbitrio

49 2595 109 2655 per
132 2575 315 2641 triennium
337 2586 533 2656 praeturam
556 2585 730 2654 gesserat,
759 2574 1000 2656 virorumque,
1030 2576 1231 2657 quibuscum

47 2676 124 2742 illae
143 2689 272 2758 nuptae
293 2689 409 2756 erant,
438 2677 543 2743 nimia
572 2676 676 2743 istum
706 2698 777 2748 non
804 2676 909 2743 modo
936 2676 1139 2760 lenitudine,
1171 2678 1232 2745 sed

48 2779 149 2845 etiam
178 2778 382 2846 liberalitate
410 2798 645 2861 oppugnares,
679 2779 708 2844 si
736 2776 815 2860 quid
837 2800 879 2842 ex
901 2777 1022 2845 litteris
1044 2780 1232 2860 Syracusa-

48 2903 169 2948 norum
194 2884 442 2963 conquirerem.
483 2881 602 2963 ltaque
618 2881 800 2960 Syracusis
817 2901 896 2945 curn
917 2881 1048 2947 civibus
1064 2880 1226 2946 Romsnis
1234 2892 1293 2957 137
1324 2871 1329 2884 ’
1383 2901 1385 2908 ⁹

50 3186 125 3217 omum
139 3178 161 3218 et
176 3176 201 3218 ia
217 3179 267 3219 toto
283 3175 338 3220 orbe
355 3168 485 3228 umorum,
516 3176 603 3227 Venus,
629 3186 697 3231 quum
718 3174 876 3226 striderent,
901 3175 969 3217 multi
987 3173 1157 3229 navigaverunt
1176 3171 1229 3215 Ciri-

50 3255 110 3300 dam.
126 3280 160 3292 -
176 3256 278 3315 pictum]
296 3258 377 3314 „civis
397 3258 434 3304 sui
455 3258 564 3317 Apellis,
581 3251 628 3320 τὴν
643 3249 837 3319 Ἀναδυομένην.
857 3253 902 3301 cfr.
921 3256 984 3301 Plin.
995 3255 1042 3311 35,
1062 3254 1101 3299 10.
1136 3253 1230 3299 lbidem

50 3340 79 3384 de
96 3340 234 3387 Alexandri
260 3337 306 3389 τοῦ
333 3334 526 3407 κιραυνοφόρου
550 3341 575 3385 in
601 3342 695 3399 templo
721 3340 819 3385 Dianae
847 3338 971 3397 Ephesiae
996 3337 1136 3412 imagineff
1150 3342 1178 3385 Z.
1198 3363 1229 3374 -

49 3423 140 3467 Aiacem
148 3429 188 3468 uui
194 3422 310 3486 Medeam]
317 3425 344 3469 Z.
353 3424 506 3471 Timomachi
515 3422 616 3483 pictoris
625 3423 697 3472 fuisse
709 3428 788 3482 putul,
800 3422 841 3482 qui
854 3421 946 3467 vixerit
956 3422 1022 3467 circa
1036 3436 1059 3465 a.
1068 3436 1090 3465 u.
1098 3435 1119 3465 c.
1127 3420 1186 3465 655.
1194 3425 1230 3456 -'·

49 3502 159 3568 Ialysum]
184 3507 306 3562 „heroem
326 3508 464 3567 indigetem.
491 3506 606 3552 Plinii.
622 3506 652 3551 N.
670 3506 717 3561 35,
739 3506 785 3558 10,
804 3505 846 3549 36.
863 3507 1007 3561 Protogenis
1026 3506 1154 3548 tabularum
1173 3505 1228 3560 pul-

49 3601 110 3632 mum
129 3591 194 3635 habet
214 3592 323 3650 Ialysuss
336 3571 339 3577 Ι
352 3593 392 3650 qru'
408 3596 444 3637 est
468 3592 556 3635 Romae
575 3590 665 3633 dicatus
682 3591 706 3632 ιἰι
726 3590 811 3644 templo
828 3588 908 3632 Pacis.
943 3588 1055 3632 Eiusdem
1074 3593 1110 3631 est
1127 3586 1228 3631 Athenis

49 3673 162 3727 Pus-ulus,
181 3674 266 3729 heros,
285 3677 324 3733 qui
342 3676 476 3720 traditura
498 3674 615 3717 nonnullis
631 3674 714 3729 longus
731 3686 799 3715 naues
819 3673 942 3724 inuenisse,
970 3672 1027 3715 urrde
1042 3670 1070 3713 ab
1085 3684 1111 3713 eo
1133 3657 1228 3731 ἀὶιιαῆ

49 3749 162 3819 πάραλος
178 3759 383 3804 Atheniensium.“
413 3759 441 3805 Ζ.
1248 3771 1271 3800 κ
1365 3765 1369 3772 ’

118 3862 128 3923 b
151 3866 206 3910 las.
233 3866 368 3922 Heraclio,
385 3865 461 3911 nobili
478 3866 646 3922 Syracusano,
665 3862 786 3907 hereditas
805 3861 878 3906 facile
895 3864 928 3907 ad
946 3862 994 3906 HS.
1012 3860 1108 3905 triciens
1126 3866 1228 3905 venerat

52 3952 193 4012 testamento
211 3943 346 4009 ¹propinqui
368 3948 405 3995 sui
423 3947 549 4001 Heraclii;
575 3960 648 4005 quam
666 3946 755 3991 Verres
772 3945 856 4003 iniquo
875 3944 965 3989 iudicio
984 3957 1037 3988 cum
1054 3942 1164 3987 maximo
1183 3955 1227 3987 suo

52 4026 121 4073 lucro
138 4028 322 4074 adiudicandam
339 4029 435 4075 curavit
452 4027 601 4087 palaestritis
619 4027 784 4086 Syracusanis.
803 4027 858 4072 Act.
872 4028 901 4080 2,
922 4027 960 4072 14.
976 4052 1008 4063 -
1024 4024 1140 4082 uirorum]
1154 4025 1227 4070 Cleo·

52 4109 127 4155 menis
143 4117 166 4157 et
181 4111 345 4158 Aeschrionis.
364 4127 391 4158 v,
405 4112 462 4156 ibid.
768 4092 771 4100 7

120 4214 131 4274 b
153 4218 206 4263 137,
233 4214 393 4280 exquirebam]
412 4218 474 4277 leeg.
493 4217 562 4265 Leid.
580 4219 680 4265 Ascens.
707 4216 781 4262 1531.
799 4221 827 4265 Z.
845 4218 862 4263 i.
880 4232 902 4263 e.
921 4215 1102 4274 perscrutabar,
1132 4211 1226 4256 exami-

52 4298 149 4344 nabam.
166 4300 320 4346 erroribedum
334 4301 427 4347 Manui.
445 4302 503 4348 Ern.
524 4325 557 4341 ι-
580 4303 607 4347 [ι.
632 4300 790 4358 Carpinatius
810 4300 835 4345 in
852 4300 972 4357 scriptura
990 4296 1096 4350 Siciliae¹
1107 4306 1154 4351 pro
1175 4307 1224 4337 ma·
