2850 4759
204 247 272 315 ,m
351 198 589 311 cressonis
610 237 781 310 enarro
806 237 1060 309 rnruuoeucu
1083 240 1145 319 n,
1166 260 1199 306 c.
1219 240 1277 303 n.

212 400 361 471 sortibus
381 398 559 480 didicisse,
588 418 689 481 quam
709 397 755 464 sit
775 417 813 463 re
832 395 1034 479 pulchrum,
1056 396 1222 463 beneficio
1243 408 1382 476 gratum.

165 584 171 590 .
214 500 306 567 fama
329 498 517 579 gloriosum
541 509 725 579 tyrannum
748 496 929 565 occidere?
958 500 1032 575 An,
1053 519 1132 563 cum
1161 496 1260 563 illurn
1289 496 1384 565 homi·

153 584 277 672 ‘lttlrues
304 622 371 668 non
395 598 551 677 tulerint,
574 610 606 664 te
630 598 764 665 serent?
788 598 968 665 -Certatim
991 599 1152 681 posthac,
1174 598 1261 664 milri
1285 600 1383 676 crede,

215 701 258 771 ed
274 701 443 783 hocopus
460 710 619 767 curretur
633 718 742 781 neque
758 700 949 769 occasionis
967 700 1108 767 tarditas
1123 701 1381 781 exspectabitur.

291 802 453 883 Respice,
475 820 620 883 quaeso,
642 798 822 881 aliquando
848 821 919 867 rem
946 800 1137 883 publicam,
1172 801 1225 866 Μ.
1247 802 1381 876 Antoul3

214 903 335 987 quibus
361 914 458 971 ortus
482 902 550 987 sis,
571 923 640 968 non
664 902 866 983 quibuscum
888 902 1001 979 vivus,
1022 900 1227 978 consideras
1248 922 1381 994 mecon,

214 1017 254 1072 ut
278 1001 398 1083 voles,
435 1024 514 1071 cum
540 1022 576 1068 re
609 998 744 1083 publica
767 999 840 1066 redi
869 1001 902 1067 in
935 1003 1091 1083 gratiam.
1132 1001 1200 1068 Sed
1234 1003 1279 1070 de
1308 1005 1408 1092 tetul

215 1105 359 1172 videris:
392 1125 458 1184 eqo
483 1102 525 1170 de
545 1123 600 1169 me
624 1104 699 1184 ipso
721 1101 917 1184 profitebor.
961 1101 1201 1170 Defendimus
1225 1101 1383 1184 publicum

215 1202 432 1289 adolescens,
454 1225 523 1271 non
541 1203 697 1271 deseram
719 1222 846 1282 senens
867 1202 1237 1286 contempsiOatilinae
1253 1203 1384 1284 gladios,
1407 1201 1408 1289 j

215 1328 283 1373 non
308 1302 549 1388 per-tiurresoam
575 1314 662 1371 tuos.
716 1303 810 1393 Quin
837 1304 938 1371 etiam
965 1325 1093 1387 corpus
1123 1300 1273 1371 libenter
1302 1304 1408 1389 obtul

217 1406 333 1483 ierim,
362 1406 389 1472 si
416 1407 662 1488 repraesentari
687 1418 800 1471 morte
824 1424 898 1472 mea
925 1404 1063 1472 libertas
1089 1404 1242 1472 civitatis
1267 1417 1408 1487 potestu'

154 1518 259 1581 119ut
277 1505 456 1589 aliquando
478 1504 576 1573 dolor
595 1504 711 1588 populi
734 1507 880 1573 Romani
906 1507 1032 1587 pariat,
1059 1506 1151 1587 quod
1172 1506 1306 1574 iamdiu
1324 1528 1384 1590 par·
1407 1590 1408 1593 Ἴ

217 1606 316 1697 turit!
362 1606 498 1674 Etenim
530 1607 558 1691 si
584 1605 706 1674 abhinc
733 1626 841 1675 annos
872 1626 980 1689 prope
1008 1606 1130 1686 viginti
1161 1605 1234 1675 hoc
1264 1609 1336 1691 ipso
1358 1609 1382 1673 iu

218 1706 345 1788 templo
375 1707 498 1787 negavi
534 1726 637 1789 posse
672 1719 820 1774 mortem
852 1708 1071 1777 immaturam
1100 1727 1178 1776 esse
1212 1708 1380 1785 consulari,

217 1818 345 1888 quanto
376 1808 491 1875 verius
516 1822 609 1877 nunc
631 1808 763 1888 negabo
788 1808 876 1875 seni!
919 1807 1005 1875 Mihi
1029 1827 1131 1886 vero,
1166 1809 1293 1878 Patres
1318 1831 1380 1878 euu-

216 1907 352 1989 scripti,
387 1907 454 1999 iam
488 1908 591 1975 etiarn
620 1907 770 1989 optanda
799 1929 894 1976 mors
922 1920 975 1975 est
1003 1909 1187 1991 perfuncto
1214 1913 1317 1980 rebus
1338 1912 1379 1987 iis,

197 2003 300 2092 :quus
327 2005 469 2090 adeptus
499 2028 576 2075 sunu
605 2028 757 2091 quasque
788 2010 891 2088 gessi.
943 2009 1020 2075 Duo
1048 2008 1152 2077 modo
1186 2011 1278 2079 haec
1303 2023 1379 2095 opto:

216 2131 348 2193 unum,
366 2120 405 2175 ut
432 2108 582 2175 moriens
607 2108 771 2191 populum
798 2111 989 2176 Romanurn
1015 2108 1162 2176 liberum
1192 2109 1378 2196 relinquam

216 2211 284 2277 hoc
298 2209 380 2276 mibi
400 2210 509 2276 maius
524 2209 565 2274 ab
577 2208 639 2277 diis
650 2209 900 2279 immortalibus
912 2209 984 2276 dari
998 2209 1080 2276 nihil
1091 2223 1227 2292 potest:
1245 2213 1379 2286 alterum,

217 2323 256 2376 ut
279 2311 326 2375 ita
350 2310 471 2391 cuique
500 2309 655 2396 eueniat,
684 2321 724 2376 ut
750 2309 792 2393 de
816 2331 855 2377 re
881 2309 1017 2393 publiea
1040 2304 1379 2393 quisquemereatur.

216 2436 410 2449 *ιφ-

285 2494 297 2555 q
317 2465 419 2541 nesae
435 2507 469 2540 na
488 2494 550 2555 pso]
568 2496 646 2544 caua.
665 2496 720 2544 uer.
737 2495 847 2558 neuun.
865 2497 892 2542 aa
909 2510 944 2541 ma
962 2498 1011 2555 qo
1028 2495 1109 2543 usuc.
1127 2497 1161 2546 0.
1191 2474 1195 2483 '
