2850 4759
127 225 352 317 recusus.
374 242 424 311 ru
447 243 488 313 c.
509 237 700 311 mensu
720 240 804 311 un.
826 239 894 323 ιν,
916 237 1106 314 ceretu.
1174 233 1216 308 u

37 420 259 494 pugnatorem
283 408 324 475 P.
347 403 517 488 Scipionis
551 402 837 487 defensoremque
866 403 1033 486 prolitcri.
1084 402 1274 494 Quam-81

35 514 147 579 obrem
168 510 198 577 si
225 508 372 590 suscipis
399 507 609 586 domesticae
631 506 743 574 laudis
771 506 1018 586 patrocinium,
1053 525 1109 572 me
1142 528 1214 575 uon

35 612 141 680 solum
176 609 279 677 silere
310 608 353 674 de
381 609 505 677 vestris
538 610 770 678 monumentis
802 608 986 691 oportebit,
1021 608 1082 675 sed
1110 609 1213 677 etiam

35 709 171 791 laetari,
192 714 229 781 P.
252 711 406 778 Alriearii
427 710 595 782 eiusmodi
618 711 794 777 fortunam
815 731 891 778 esse
912 710 1057 788 nrortui,
1080 722 1119 776 ut
1140 710 1213 778 eius

35 815 144 888 hortos
168 815 207 882 ab
232 816 308 889 cis,
326 814 382 897 qui
401 833 446 880 ert
465 811 737 881 eadern·fanrilia
756 824 856 891 sunt,
883 811 1086 879 defendatur
1103 829 1214 895 neque

38 918 142 986 ullum
165 917 392 984 adventicium
417 916 582 984 auxilium
612 916 818 1000 requiratur.
872 914 930 982 Sin
947 915 1046 981 istius
1065 914 1215 981 amicitia

41 1032 68 1085 tc
88 1018 245 1101 impedit,
264 1018 294 1086 ai
321 1016 405 1096 hoe,
427 1018 518 1101 quod
542 1039 606 1099 ego
627 1020 686 1087 abs
713 1030 746 1086 te
766 1016 925 1100 postulo,
947 1015 1122 1084 minusad
1144 1017 1215 1085 olli·

39 1124 122 1195 curm
140 1133 257 1189 tumn
292 1122 464 1203 portinere
492 1122 719 1208 arbitrabere,
756 1118 938 1189 succedam
970 1141 1034 1201 ego
1064 1118 1213 1187 vicarius

39 1236 93 1290 tuo
111 1224 264 1302 muueri3
293 1223 476 1306 suscipiam
502 1235 633 1306 partes,
656 1245 740 1307 quau
768 1221 894 1290 alienas
915 1240 990 1290 esse
1012 1221 1213 1289 arbitrabar.

41 1324 283 1393 runcinum
300 1325 476 1407 praeclara
495 1324 653 1394 nobilitas
672 1324 805 1393 desinat
824 1326 934 1408 queri,
956 1323 1122 1407 populum
1142 1325 1214 1391 Ro·

39 1450 170 1498 manum
203 1427 399 1496 homiuibus
433 1429 528 1495 noris
559 1427 735 1496 industriis
766 1427 910 1495 libenter
935 1426 1083 1495 honores
1119 1447 1215 1492 man·

39 1530 114 1598 dare
136 1550 344 1612 semperque
371 1529 565 1599 mandasse.
606 1531 684 1597 Non
712 1542 765 1597 est
790 1529 999 1613 querendum
1021 1531 1054 1595 in
1081 1528 1146 1594 lrac
1164 1528 1214 1593 ci·

40 1625 169 1719 vitate,
185 1654 273 1715 quae
298 1644 439 1714 propter
462 1633 625 1699 virtutem
651 1634 808 1700 erunibus
832 1632 1024 1699 notionibus
1048 1632 1213 1713 imperat,

40 1740 193 1804 virtutem
214 1734 399 1818 plurimum
421 1755 535 1818 posse.
578 1735 628 1801 Sit
643 1735 734 1817 apud
752 1735 836 1803 alios
852 1737 967 1814 imago
987 1735 1023 1801 P.
1040 1732 1214 1808 Africanis

40 1851 199 1908 ornentur
226 1837 281 1904 alii
307 1841 434 1905 mortui
461 1840 588 1905 virtute
615 1858 656 1904 ac
679 1840 835 1904 nomine:
874 1835 948 1904 talis
969 1834 1025 1902 illc
1050 1835 1102 1902 vir
1129 1834 1213 1910 fuit,

38 1942 79 2008 its
103 1942 145 2007 de
174 1941 303 2023 populo
327 1942 488 2010 Romano
511 1940 653 2008 meritus
681 1952 751 2019 est,
787 1952 826 2006 ut
858 1961 927 2006 non
958 1941 1015 2005 uni
1044 1935 1214 2013 familiae,

39 2044 93 2109 sed
122 2046 302 2112 universae
330 2045 457 2109 civitati
486 2042 748 2110 commendatus
776 2062 852 2109 esse
880 2040 1014 2107 debeat.
1064 2040 1128 2107 Est
1156 2038 1216 2106 sli-

38 2167 100 2227 qua
121 2167 196 2212 mea
214 2167 293 2228 pars
314 2143 436 2217 virilis,
460 2145 550 2224 quod
572 2148 644 2211 eius
666 2147 810 2211 civitatts
831 2165 928 2221 sunt,
950 2165 1051 2226 quam
1069 2141 1124 2209 ille
1144 2143 1215 2208 cla-

37 2268 130 2324 ram,
165 2247 310 2331 amplam
332 2245 571 2329 illustremque
598 2246 764 2324 reddidit,
790 2247 973 2329 praecipue
995 2244 1086 2327 quod
1109 2246 1143 2311 in
1161 2244 1216 2311 liis'

40 2352 139 2422 rebus
160 2374 221 2432 pro
247 2372 322 2416 mea
348 2363 445 2432 parte
465 2371 604 2427 versor,
636 2369 781 2431 quarum
806 2347 862 2415 ille
885 2349 1045 2430 princeps
1070 2345 1136 2412 luit
1160 2363 1217 2411 ae·

40 2457 163 2536 quitato
185 2453 353 2521 industria
378 2453 620 2534 temperantia,
651 2448 855 2520 defensione
873 2452 1097 2530 miserorum,
1135 2441 1214 2515 odio

38 2559 287 2640 improborum:
322 2576 409 2638 quae
430 2556 589 2635 cogitatio
610 2549 803 2623 studiorum
829 2566 862 2622 et
885 2554 1010 2620 artium
1030 2572 1216 2636 propemo-

40 2659 114 2730 duur
137 2679 204 2727 stou
234 2659 345 2727 suiuus
368 2671 420 2725 est
436 2659 635 2743 coniuncta,
667 2667 771 2735 quarn
789 2656 872 2735 ista,
897 2676 964 2738 qua
984 2675 1047 2723 vos
1066 2651 1219 2722 delecta·

40 2764 134 2848 mirri,
166 2764 305 2846 gesseris
327 2774 361 2827 et
381 2762 541 2828 nominis·
656 2813 659 2822 ,

112 2865 316 2932 XXXVlll.
357 2865 488 2946 llcpoto
502 2865 617 2939 abste,
635 2860 774 2939 Verres,
802 2871 1063 2929 monumentum
1077 2857 1219 2926 Miri
1235 2870 1277 2936 82

103 3095 474 3165 tsl.tmpeau]1teg.t.eio.
493 3116 540 3163 pro
558 3100 669 3157 impediet
683 3101 711 3146 Z.
758 3099 863 3158 Impedit
879 3116 905 3147 re
922 3115 995 3157 vera,
1021 3114 1100 3147 nunc:
1127 3099 1147 3147 ei
1166 3099 1218 3146 lor·
1243 3141 1245 3144 ,

42 3190 102 3232 tusce
116 3185 272 3234 utumtere.
307 3188 335 3240 lp
353 3194 492 3248 tempotum
509 3184 648 3235 variatione
665 3198 715 3230 non
733 3183 893 3231 offendo·
911 3185 1012 3230 studem
1030 3185 1094 3245 iste]
1114 3184 1143 3231 In
1161 3193 1217 3231 cor·

43 3268 137 3324 ruptclis
162 3269 244 3316 Oodd.
268 3267 343 3314 mem
368 3269 432 3328 Reg
453 3268 509 3330 (qui
531 3266 605 3332 babet
628 3267 683 3314 LN
701 3267 730 3316 sle
751 3282 805 3316 cum
828 3268 884 3329 liu.)
906 3276 932 3316 et
950 3270 1031 3327 held,
1056 3270 1116 3317 nih’d
1131 3267 1218 3316 neda!

42 3345 115 3392 adbuc
137 3356 262 3409 repertum
289 3355 324 3395 est
347 3363 402 3407 pro
420 3349 487 3407 volg.
511 3362 553 3396 noe
576 3353 620 3397 teu
650 3350 813 3412 (begonem.
832 3352 886 3413 29.)
909 3369 984 3415 quem
1001 3355 1069 3415 quod
1085 3329 1219 3413 proposuit

43 3427 147 3490 Madvig
165 3432 231 3478 Dise.
249 3431 321 3477 Vere.
340 3431 374 3476 ΙΙ.
393 3447 418 3490 p.
432 3433 473 3477 20.
493 3431 630 3480 ContraZ.
649 3436 748 3491 deiude5
765 3435 888 3498 quodetsi
902 3438 980 3484 minus
992 3437 1219 3498 plecetmibiquo·

42 3525 102 3570 que,
127 3515 234 3562 conferri
256 3521 338 3560 temen
365 3514 443 3575 possit
466 3515 510 3561 Gr
535 3517 634 3578 insitu,
673 3536 741 3584 προς
766 3538 866 3579 ταυτα,
897 3521 1144 3581 indignabundorums
1174 3520 1219 3566 cfr.

43 3594 114 3639 ctiam
120 3597 185 3643 Act.
204 3598 235 3652 3,
256 3599 303 3654 16,
321 3599 363 3644 41.
402 3599 495 3646 Codicis
512 3602 597 3646 litem
613 3603 647 3645 tui
663 3605 848 3661 contemplere
837 3619 862 3650 us
880 3605 968 3650 selenis·
984 3607 1091 3651 nomine:
1114 3606 1221 3650 deinde

41 3678 98 3722 uude
122 3685 142 3724 te
169 3683 246 3726 dicere
271 3684 414 3739 diligentem.
431 3707 466 3724 ·-
482 3688 594 3728 ornentur·
616 3686 660 3729 olii
681 3689 769 3731 mortui
790 3690 874 3733 virtute
895 3703 924 3733 oc
947 3677 1049 3750 nomine]
1074 3687 1222 3749 Exemplari

44 3760 126 3807 bamb.
142 3763 258 3812 Beroensi
276 3765 393 3819 Cuiaciue
409 3766 554 3825 adscripelta
588 3760 679 3826 „leue
701 3772 750 3817 del.
771 3774 856 3817 virtute
871 3787 908 3820 ac.
926 3773 957 3818 R.
975 3774 1078 3819 oirtw
1106 3773 1152 3818 Sed
1169 3778 1221 3818 esta

42 3844 184 3900 „vindicent
201 3847 260 3905 sibi,
290 3849 396 3896 fortasse
412 3850 548 3918 immerito,
572 3852 616 3897 alii
634 3852 763 3913 Scipiones
780 3854 844 3901 illius
862 3853 953 3901 monui
970 3869 1058 3902 nomen
1076 3869 1107 3901 ac
1124 3855 1221 3902 virtutis

16 3945 18 3948 ·
43 3929 211 3977 memoriam.“
220 3933 286 3976 -iu
303 3934 339 3977 tis
356 3928 433 3995 rebus]
454 3934 515 3993 lteg.
533 3934 601 3980 Leid.
614 3935 672 3981 Ero.
696 3937 758 3983 Cum
770 3938 819 3984 boc
831 3937 1005 3998 interpolatori
1017 3939 1090 3985 nimie
1102 3939 1221 3985 inlinitum

43 4007 177 4069 rideretur,
193 4014 315 4061 substituit
330 4016 419 4061 ortibus
439 4016 466 4062 Z.
503 4017 593 4064 Verum
609 4021 724 4066 consulto
742 4017 874 4067 modestius
891 4023 987 4069 locutus
1004 4028 1054 4068 estc
1072 4023 1128 4068 binc
1145 4023 1220 4069 mam
1250 4059 1251 4066 ,

44 4107 142 4219 :ersom
162 4101 239 4157 quod,
256 4100 314 4161 quin
326 4100 350 4147 lr.
362 4102 380 4147 l.
396 4101 548 4160 aptissimum
565 4102 597 4148 eit
614 4116 662 4161 pro
679 4105 786 4151 incumbo
804 4108 829 4150 iu
846 4112 908 4162 eet,
926 4106 1032 4153 dubitul
1049 4106 1141 4167 nequit.
1158 4107 1220 4165 (etet

63 4178 124 4220 amit
138 4179 252 4244 sigebert.)

16 4357 17 4360 Ἴ
120 4283 185 4346 l82·
201 4290 261 4341 Cum
283 4292 341 4340 liro.
368 4293 484 4342 haesisset
507 4293 531 4341 in
554 4310 594 4345 vr.
620 4307 714 4344 suerum
737 4310 814 4343 mum
835 4278 972 4356 gestorum,
996 4293 1120 4358 Zumptius
1137 4273 1218 4348 attulit
