2850 4759
397 290 458 357 ab
484 290 672 359 eninm.
697 296 744 358 n.
766 297 822 377 aa,
848 262 899 363 ba.
944 312 948 327 ·
1179 298 1239 365 ua

35 453 158 518 Rom.
182 447 247 516 Ed.
276 447 334 514 ait.
360 450 390 515 t.
419 472 454 531 p.
473 453 543 517 tas.
572 450 687 518 {ocrim
719 450 810 518 buno
837 451 880 518 de
909 453 1055 519 comitiis
1085 453 1236 533 'ti-ibatis.

36 575 118 619 tion
147 551 344 617 centuriatis
363 551 604 632 interpretatus
626 566 690 620 est.
734 552 835 642 Quod
857 574 937 620 vero
960 557 1082 621 attinet
1100 556 1141 621 ad
1163 558 1235 623 Cic.

34 656 83 720 do
107 652 326 740 togorma&
347 655 375 720 2.
397 674 454 718 nac
471 676 543 719 nou
560 665 731 720 extremo
746 654 864 721 tribus
881 656 1154 739 sufflaqiorum,
1173 656 1239 725 sed
1336 652 1339 663 ’

31 755 166 845 primi
189 752 245 820 illi
265 755 379 821 uestri
402 774 616 839 concursus,
638 776 753 840 troque
774 756 944 840 siupulae
965 778 1065 825 uoces
1082 780 1235 843 praeco⁴

35 879 157 942 rrum,
178 855 242 923 sed
259 876 334 921 una
356 876 441 922 uoce
458 858 651 925 uniuersus
669 856 828 947 populus
847 857 1035 924 Romanus
1055 861 1237 931 cousulens

37 955 272 1025 declaravit:
304 959 432 1039 optime
454 957 537 1025 haec
563 957 824 1040 explicaverunt
849 960 915 1025 iam
942 961 1179 1040 Lauredanus,
1201 964 1237 1029 id

37 1071 118 1133 est,
146 1059 321 1138 Sigonius,
343 1059 545 1135 Turnebus,
569 1060 757 1137 Parianus,
787 1082 872 1140 quos
898 1060 985 1125 vide.
1028 1061 1094 1129 Alii
1119 1076 1235 1131 autem

38 1160 136 1234 loci,
160 1181 246 1242 quos
266 1183 330 1243 pro
347 1162 418 1228 suis
441 1162 654 1242 opinionibus
675 1161 796 1225 afferro
815 1161 983 1245 solstitii,
1006 1166 1062 1243 qui
1082 1166 1234 1232 tribubus

38 1263 238 1331 inanimam
268 1264 336 1331 vim
369 1265 402 1329 in
433 1263 581 1331 comitiis
613 1250 811 1328 centuriatis
843 1265 994 1337 tribuunt
1024 1286 1088 1329 noo
1121 1276 1235 1332 tamen

39 1363 149 1432 aliter
176 1386 249 1431 rein
280 1364 482 1450 expediunt,
514 1364 578 1429 nisi
605 1376 643 1429 ut
673 1363 838 1431 adversus
871 1366 984 1431 onmia
1015 1367 1234 1448 antiquorum

42 1467 246 1536 testimonia
267 1466 372 1532 incito
390 1468 456 1545 70„
479 1465 581 1531 modo
605 1467 695 1550 322„
719 1465 822 1532 modo
843 1468 915 1531 350.
937 1469 1108 1534 centurias
1125 1469 1234 1535 fuisse

42 1567 271 1644 contendant,
288 1590 366 1634 cum
382 1587 518 1648 semper
532 1566 660 1633 fuerint
672 1569 740 1635 193.
758 1567 948 1644 dumtaxat,
964 1568 1079 1634 autad
1095 1571 1234 1636 comitia

44 1673 178 1736 tributa
196 1666 390 1752 pertinent,
425 1681 462 1735 ut
486 1690 548 1750 pro
575 1666 711 1735 Plancio
736 1690 766 1737 c.
787 1673 858 1747 20.;
878 1681 946 1734 ,ειη
971 1669 1012 1736 ad
1034 1671 1234 1751 petitionem

44 1771 248 1841 consulatus
264 1773 367 1853 (quae
386 1772 502 1853 utique
515 1771 680 1844 tributim,
697 1793 766 1836 non
782 1772 998 1837 centuriatim
1015 1772 1148 1850 fiebat),
1163 1794 1235 1839 uon

42 1873 85 1938 ail
103 1874 243 1938 comitia
259 1873 455 1939 referuntur
468 1870 571 1937 veluti
586 1872 630 1961 Q.
643 1873 716 1937 Cio.
730 1871 772 1937 de
788 1874 861 1939 Pet.
875 1894 973 1940 cons.
992 1876 1023 1940 8.
1050 1875 1115 1961 qui
1136 1873 1238 1964 apud

43 1973 242 2042 tribules
261 1993 345 2039 suos
362 1971 568 2063 plrrrimum
583 1974 710 2055 pratia
723 1988 894 2059 possunt,
916 1977 969 2040 tui
990 1975 1170 2041 studiosos
1189 1977 1237 2057 ira

43 2077 268 2142 corrouriis
290 2073 451 2140 liuhadis.
486 2075 524 2139 ln
539 2076 579 2140 iis
597 2095 697 2146 vero,
720 2095 806 2154 quae
821 2075 922 2142 babet
936 2073 1233 2146 Pseudoasconius

46 2179 88 2244 ad
103 2178 202 2243 Vcrr.
217 2182 296 2246 Act.
314 2178 349 2258 l,
371 2182 401 2246 b.
416 2176 709 2263 proeroqutioue
728 2174 845 2242 tribus
858 2186 960 2254 sunt,
982 2196 1077 2260 quoe
1085 2178 1234 2265 primae

44 2278 405 2361 suffiupiumferunt
421 2288 507 2342 onte
517 2278 759 2343 iurauocotas
770 2289 855 2361 cet,
877 2277 1130 2344 Grammaticus
1144 2279 1234 2345 tertii

48 2379 101 2445 vel
124 2381 237 2462 quarti
254 2391 333 2461 post
355 2378 437 2445 Cbr.
455 2377 562 2444 seculi
580 2379 762 2446 manifesto
784 2379 954 2445 centurias
974 2380 1231 2459 praerogativas

47 2501 127 2548 cum
159 2474 313 2549 tribubus
338 2480 504 2553 corifudit.

124 2583 252 2649 Totam
278 2595 393 2648 autem
422 2602 495 2648 rem
533 2582 584 2649 sic
616 2580 873 2647 describendam
905 2602 982 2647 esse
1013 2582 1230 2647 arbitramur.

42 2680 222 2766 Tempore
246 2684 344 2753 nobis
370 2685 487 2762 ignoto
512 2683 661 2749 fortasse
686 2694 763 2763 post
786 2703 817 2746 a.
839 2704 874 2746 u.
895 2702 924 2748 c.
943 2684 1014 2749 533.
1035 2683 1256 2762 (Goettling.

48 2784 145 2856 Borl.
167 2782 298 2852 Jahrb.
316 2787 402 2849 1833.
424 2808 459 2865 p.
479 2784 586 2861 711.)‚
608 2805 653 2848 ex
676 2805 744 2866 quo
768 2774 926 2849 XXXV.
948 2798 1148 2852 manserunt
1173 2787 1233 2850 tri-

49 2886 129 2965 bus,
159 2903 251 2953 certe
276 2899 353 2955 ante
378 2908 407 2955 a.
435 2909 469 2951 u.
493 2907 525 2952 c.
551 2887 638 2970 540„
669 2885 712 2951 ad
736 2905 837 2966 quem
861 2886 1010 2951 refertur
1032 2885 1114 2951 Livii
1140 2887 1233 2952 testi-

51 2989 200 3055 monium
215 2991 272 3066 24,
293 2991 342 3072 7.,
365 3009 508 3070 prorsus
530 2999 660 3054 mutata
683 2998 736 3052 est
756 2988 892 3068 antiqua
914 2986 1134 3059 comitiorum
1154 3008 1233 3052 cen·
1280 3072 1284 3077 ι

51 3089 253 3156 turiatorum
277 3092 382 3164 ratio,
403 3091 548 3155 servatis
573 3101 685 3154 tamen
712 3086 832 3155 saltem
855 3090 991 3154 nomino
1015 3100 1113 3154 tenus
1137 3089 1234 3169 quin·

53 3213 114 3271 que
132 3190 295 3259 classibus
317 3205 351 3261 et
365 3213 507 3257 numero
529 3185 763 3259 centuriarum
780 3194 868 3268 193„
891 3211 989 3272 quem
1013 3190 1233 3257 constituisse

53 3295 224 3359 ferebatur
243 3294 381 3361 Servius
402 3291 536 3359 Tullius
555 3295 643 3369 (Cic.
666 3293 706 3358 de
725 3296 809 3375 ch.
827 3296 864 3379 2,
886 3296 934 3357 22.
958 3292 1098 3373 Dionys.
1121 3289 1232 3357 Halic.

52 3397 86 3470 tt,
108 3399 146 3459 17
166 3408 199 3461 et
219 3398 276 3471 10,
300 3397 380 3474 tt).
422 3394 513 3478 Iam,
536 3406 574 3460 ut
593 3396 678 3460 scite
703 3392 951 3461 demonstravit
972 3395 1101 3470 Boius,
1124 3393 1233 3474 prima
1263 3435 1266 3441 -

54 3494 168 3564 classis
194 3497 338 3563 babebat
366 3499 418 3561 70.
443 3497 634 3574 centurias,
654 3497 689 3562 in
713 3496 858 3576 singuiis
883 3496 1035 3561 tribubus
1061 3496 1176 3579 binas,
1198 3493 1234 3572 *)

54 3619 152 3665 unam
178 3600 368 3675 iuniorum,
403 3601 578 3665 seniorum
602 3597 766 3683 alteram,
797 3599 889 3664 etin
915 3596 967 3662 his
989 3599 1040 3660 70.
1070 3596 1232 3663 centuriis
1303 3684 1307 3685 γ

56 3699 218 3768 adiunctis
243 3699 422 3766 duodecim
452 3700 614 3769 centuriis
632 3700 811 3786 equitum,
842 3721 906 3766 sex
929 3701 1101 3779 suffragiis
1123 3701 1173 3776 ³)
1199 3710 1234 3763 et

55 3821 119 3868 nna
141 3803 293 3883 cornuria
306 3801 445 3869 ¹fabrum
470 3803 704 3881 tignariorum,
726 3803 846 3882 (quarn
866 3800 950 3891 dicis
966 3822 1080 3877 causa,
1104 3812 1141 3865 ut
1159 3800 1232 3863 sine

57 3901 121 3969 ullo
148 3905 366 3973 comitiorum
397 3906 550 3987 ipsorum
579 3900 804 3981 detrimento,
841 3903 943 3970 etiam
979 3903 1113 3970 infimae
1142 3897 1243 3980 plebi

103 4123 128 4184 ⁶)
145 4125 198 4173 Ην.
219 4127 246 4184 1,
265 4127 306 4173 49.

982 4192 992 4213 0

87 4231 130 4293 *ἢ
148 4232 245 4279 Festtnz
276 4232 321 4278 Sor
338 4233 454 4291 suffragia
471 4233 620 4288 appellantur
638 4233 662 4275 ia
680 4234 780 4290 equitum
798 4232 920 4280 coritanis,
947 4241 1005 4285 quaa
1021 4225 1073 4269 sunt
1090 4223 1193 4268 adiectos
1210 4226 1231 4266 ei

147 4329 241 4363 armo
259 4319 427 4370 centuriarum,
451 4329 507 4375 quos
525 4318 622 4362 Priscus
643 4316 783 4376 Tarquinius
800 4328 844 4360 rea
861 4313 986 4357 corutum.
