2850 4759
143 260 147 267 “
190 380 192 386 k
238 290 297 351 aas
697 286 928 356 cicauoms

179 453 217 514 10
298 453 377 518 ·'1V.
418 449 509 542 Quid
531 462 641 516 autem
664 448 755 516 allud
777 452 926 530 egimus,
954 450 1108 528 Tubero,
1137 453 1200 518 nisi
1220 463 1273 530 ut,
1298 453 1370 536 quod

237 551 292 620 hio
311 566 440 635 potest,
463 578 522 621 nos
546 555 748 636 possemus?
786 556 939 645 Quorum
962 556 1063 635 igitur
1084 557 1280 637 impunitas,
1308 560 1370 622 Cae·

237 674 310 745 aar,
334 671 409 725 tuae
431 658 625 726 clementiae
648 657 720 725 laus
742 673 808 744 est,
839 681 957 725 eorum
972 659 1130 740 'ipsorum
1153 658 1195 724 ad
1217 658 1369 725 crudelita-

240 772 306 827 tem
329 773 360 826 te
381 774 478 827 acuet
499 762 829 843 orariolAtque‘in
852 762 913 828 hac
935 784 1037 829 causa
1057 761 1208 828 nonnihil
1230 761 1368 845 equidem,

240 863 394 951 Tubero,
426 866 524 930 otiam
553 878 662 942 tuam,
695 866 755 933 sed
782 865 889 932 multo
920 865 1160 952 magisrpatris
1184 867 1232 931 tui
1252 865 1370 948 prudeu-

204 974 207 981 ’
239 968 317 1034 tiam
341 967 510 1046 desidero,
532 969 619 1051 quod
633 968 744 1035 ‘homo
765 991 842 1035 cum
864 971 1015 1049 iugenio,
1038 970 1227 1036 tumeliam
1245 968 1370 1036 doctriua

238 1070 406 1137 excellens
432 1093 537 1151 genus
566 1074 630 1137 hoo
652 1094 772 1139 causae
794 1074 883 1155 quod
906 1085 1011 1157 esset,
1042 1096 1109 1139 non
1137 1073 1272 1139 viderit:
1302 1095 1369 1155 uani,

237 1179 265 1244 si
287 1177 441 1255 vidisset,
464 1178 580 1259 quovis
602 1178 756 1258 profecto
777 1198 874 1257 quam
898 1177 962 1242 isto
984 1174 1084 1242 modo
1104 1197 1125 1241 a
1146 1189 1178 1241 te
1193 1177 1248 1256 agi
1263 1176 1370 1242 maluis-

237 1292 300 1349 set.
340 1282 466 1360 Arguis
487 1280 666 1356 fatentem,
687 1300 753 1346 nou
775 1293 825 1346 est
846 1282 943 1346 satis:
966 1301 1104 1346 accusas
1128 1302 1225 1357 eum,
1250 1282 1302 1362 qui
1313 1302 1370 1345 oau-

237 1407 309 1452 sam
330 1386 429 1450 habet
450 1397 524 1460 aut,
549 1397 586 1449 ut
607 1406 669 1464 ego
693 1383 785 1468 diuo,
809 1382 981 1448 moliorem
1002 1405 1101 1465 quarn
1125 1396 1176 1449 tu:
1204 1396 1279 1460 aut,
1298 1397 1328 1449 ut
1345 1396 1369 1447 tu

152 1490 215 1559 '11
237 1491 312 1563 vis,
352 1511 480 1570 parem.
541 1489 633 1553 Haeo
666 1486 887 1554 admirabilia:
934 1488 993 1552 sed
1026 1486 1170 1568 prodigii
1197 1486 1369 1560 sinrilerst,

237 1592 327 1676 quod
349 1592 469 1658 diram.
516 1592 591 1656 Nou
611 1589 709 1656 habet
731 1611 803 1654 eam
827 1590 891 1654 vim
914 1591 978 1666 ista
999 1592 1189 1670 accusatio,
1222 1605 1261 1656 ut
1281 1591 1317 1680 Q.
1333 1591 1370 1655 Li·

237 1698 349 1776 garius
372 1693 631 1779 condemnetur,
660 1694 718 1761 sed
740 1705 779 1758 ut
799 1706 948 1764 necetur.
988 1694 1061 1759 Hoc
1082 1695 1150 1773 egit
1171 1694 1255 1760 civis
1275 1695 1370 1760 Roma·

237 1821 299 1865 nus
322 1811 397 1864 aute
419 1812 450 1864 te
471 1814 600 1863 nomo.
635 1795 776 1862 Externi
798 1797 852 1861 isti
875 1818 986 1863 mores
1009 1796 1176 1880 usquead
1198 1799 1369 1878 sauguinem

214 1904 365 1974 ,incitari
388 1901 477 1987 odio,
499 1914 555 1966 aut
576 1899 698 1966 levium
712 1901 919 1966 Graecorum
942 1913 999 1966 aut
1019 1901 1216 1967 immanium
1238 1902 1370 1968 barbaro·

235 2030 324 2073 rum.
364 2006 451 2073 Nam
475 2006 551 2088 quid
574 2007 642 2085 agis
657 2003 775 2071 aliud?
796 2006 923 2070 Romae
937 2026 979 2069 ue
993 2004 1065 2070 sill)
1085 2017 1122 2069 ut
1138 2004 1241 2071 domo
1258 2002 1369 2070 careat?

235 2131 277 2176 ne
299 2131 374 2177 oum
398 2111 530 2192 optimis
551 2109 729 2187 fratribus,
762 2129 804 2173 uo
831 2129 907 2173 cum
936 2104 1001 2174 hoo
1023 2108 1062 2174 T.
1084 2109 1259 2181 Broccho,
1289 2127 1370 2172 avun-

237 2212 327 2297 oulo,
351 2235 391 2279 ne
413 2236 489 2278 uum
512 2214 581 2279 eius
598 2212 685 2288 lilio,
706 2212 908 2278 consobrino
924 2232 1004 2289 suo,
1026 2231 1067 2276 ue
1081 2211 1258 2278 nobiseum
1274 2207 1369 2275 vivat?

236 2340 277 2384 ne
305 2318 348 2384 sit
376 2317 408 2382 iu
436 2314 569 2398 patrial)
606 2315 692 2383 Num
722 2313 804 2378 estl
832 2339 911 2380 uum
942 2327 1055 2396 potest
1075 2316 1181 2394 magis
1203 2336 1315 2381 carere
1332 2311 1369 2376 bis

237 2424 407 2493 omuibus,
436 2443 534 2502 quam
558 2418 677 2484 raretl>
712 2418 808 2483 Italia
828 2416 1043 2499 prohibetur,
1073 2417 1219 2484 exsulat.
1240 2419 1329 2485 ‘Nou
1347 2428 1372 2480 tu

177 2525 215 2587 12
237 2548 316 2605 ergo
337 2523 426 2590 huuc
448 2525 561 2606 patria
575 2525 726 2604 privare,
748 2543 812 2603 qua
834 2532 941 2604 caret,
964 2521 1023 2587 sed
1045 2523 1111 2588 vita
1134 2524 1198 2589 vis.
1222 2525 1285 2587 ·At
1303 2517 1372 2587 istud

236 2651 278 2695 ue
300 2625 387 2709 apud
409 2648 485 2717 eum
508 2624 640 2707 quidem
662 2623 881 2701 dictatorem,
910 2627 965 2707 qui
988 2632 1124 2704 omues,
1158 2650 1244 2709 quos
1267 2626 1372 2697 oderat,

242 2753 458 2762 ..ι-*-

279 2800 284 2809 ’
303 2815 314 2877 1
333 2788 375 2862 10.λ
390 2819 427 2861 lu'c
440 2820 538 2873 possunt
553 2815 576 2861 b.
588 2840 621 2851 -
634 2800 690 2872 eigo
711 2786 795 2859 &esar
811 2830 835 2874 g.
848 2841 879 2851 -
891 2817 952 2859 acuit
969 2816 1022 2876 egb.
1041 2816 1101 2878 (nou
1117 2813 1146 2877 l.)
1158 2842 1192 2853 —
1204 2822 1251 2862 tam
1263 2821 1307 2875 lug.
1320 2816 1372 2860 b.-

236 2904 316 2962 quovis
334 2915 450 2960 superscr.
465 2904 516 2963 ‘alio
533 2902 549 2946 l.
567 2915 660 2973 —3ego
678 2901 753 2944 dicam
771 2916 791 2945 e.
809 2925 843 2937 -
860 2905 884 2944 al
901 2902 935 2944 uir
952 2900 975 2945 b.

281 3001 371 3076 1.11
386 3014 443 3057 laec
460 3011 621 3063 admirabilia,
650 3007 704 3069 red]
729 3009 817 3055 Colou.
840 3010 895 3053 llaec
912 3023 957 3054 nou
974 3010 1043 3054 modo
1060 3010 1193 3064 mirabilia,
1221 3011 1262 3056 aad
1278 3010 1372 3070 egbrat

235 3108 281 3143 iton
298 3098 366 3142 morlo
384 3097 501 3141 mirabilia
518 3100 583 3149 saul,
613 3095 651 3140 sal
670 3096 709 3142 br.
730 3120 759 3134 ι-
780 3094 888 3150 prodigii
909 3094 1010 3144 similia,
1038 3108 1094 3151 qaae
1117 3095 1149 3139 lb.
1172 3108 1210 3150 pr.
1234 3096 1315 3140 similia
1330 3094 1371 3136 ruat.

183 3173 185 3177 ’
235 3194 292 3238 qaae
308 3195 331 3238 g.
349 3203 381 3215 -·
400 3181 443 3225 iata
460 3180 574 3222 accusatio
591 3191 640 3222 mm
657 3179 703 3225 uim
720 3193 744 3236 g.
762 3179 808 3221 vim
826 3179 870 3221 isla
895 3179 971 3221 oratio
995 3178 1039 3222 isla
1062 3181 1178 3224 accuratio
1200 3181 1216 3224 1.
1235 3206 1266 3219 -
1283 3176 1371 3224 arcualio

165 3272 166 3275 ’
236 3269 274 3308 tua
297 3278 318 3309 e.
342 3287 374 3299 -
398 3264 436 3308 serl
459 3267 548 3306 arcetur
572 3261 593 3306 b.
619 3286 649 3297 -
673 3263 763 3306 externi
786 3262 826 3304 isli
846 3259 930 3321 mores]
952 3261 1004 3321 egb.
1022 3265 1113 3306 calami
1130 3265 1170 3307 isti
1186 3278 1263 3312 moras
1279 3272 1370 3322 superstt·

236 3354 292 3408 post
310 3350 349 3392 tut
365 3361 389 3393 r.
407 3351 459 3391 saul
476 3348 491 3392 1.
509 3348 598 3391 externi
615 3347 654 3390 isti
671 3351 724 3391 ruat
739 3360 814 3392 morer
836 3359 859 3391 v.
884 3371 915 3380 -
940 3360 1007 3404 usqae
1026 3360 1144 3405 superscr.
1162 3349 1236 3405 quil.
1254 3343 1371 3391 -iucr'tari

236 3429 301 3495 odio]
325 3431 432 3491 Madvig.
455 3431 478 3475 iu
502 3431 545 3475 Ed.
570 3433 663 3489 incitari
685 3433 760 3474 soleat
780 3431 834 3474 orlio
857 3445 895 3489 eg.
917 3432 1011 3475 incitari
1033 3433 1092 3476 solet
1108 3433 1163 3476 odio
1180 3433 1196 3477 1.
1215 3434 1307 3477 incitari
1319 3430 1372 3474 solu!

236 3518 312 3562 odiam
331 3516 353 3561 b.
371 3528 452 3560 atores.
501 3515 572 3572 Usque
589 3517 619 3559 ml
635 3529 654 3559 s.
672 3516 766 3559 incitari
782 3517 841 3558 solet
857 3515 935 3559 octium
952 3519 993 3558 aut
1008 3530 1032 3561 v.
1049 3539 1084 3551 -
1100 3518 1152 3572 ogis
1170 3514 1251 3579 aliud]
1270 3518 1312 3576 egl.
1326 3510 1372 3557 attnl

236 3603 288 3658 agis
305 3600 344 3647 br.
361 3627 388 3636 -
401 3597 498 3658 Romae]
518 3599 580 3658 eglb.
598 3604 623 3647 al
638 3600 725 3643 Romae
744 3614 766 3645 v.
781 3624 815 3634 -
830 3598 952 3660 auunculo]
965 3599 1054 3646 Colou.
1067 3599 1090 3645 b.
1107 3603 1219 3644 auunculo
1237 3600 1370 3658 11101111.-

236 3698 285 3732 om.
303 3701 342 3733 vv.
365 3699 392 3729 aa
415 3685 529 3730 nobiscum
553 3687 615 3727 uiuat
637 3684 659 3728 b.
679 3710 709 3721 -·
728 3668 780 3728 aum
798 3690 831 3729 ert
848 3698 964 3744 superscr.
982 3686 1015 3729 ila
1032 3684 1049 3730 1.
1067 3709 1099 3722 -
1116 3698 1164 3729 om.
1182 3685 1319 3733 111111-
1331 3691 1371 3736 agl

236 3773 304 3849 domo
318 3772 398 3826 patria
416 3785 439 3830 g.
457 3793 490 3802 -
504 3772 598 3826 patrio,
616 3783 659 3826 qua
677 3783 793 3827 superscr.
808 3764 904 3827 priuata
921 3783 943 3813 o.

303 3878 314 3940 1
335 3880 373 3925 12.
397 3881 432 3924 Ac
456 3851 544 3923 istob.
568 3899 600 3914 -ι-
622 3879 733 3922 multabat
753 3884 827 3923 morte
850 3879 873 3923 b.
896 3903 930 3914 -
951 3879 1000 3934 ipsa
1021 3877 1113 3921 uidebat
1128 3892 1151 3936 g.
1167 3899 1204 3932 .···
1224 3879 1308 3936 primas
1321 3873 1372 3916 elim

236 3972 358 4024 aup‘erscrr
369 3965 481 4021 praemiis
499 3964 513 4009 1.
533 3988 566 3998 -
587 3953 728 4010 omeliam
751 3978 774 4021 g.
798 3988 831 3999 ·-
853 3964 882 4007 ab
905 3965 949 4006 boc
966 3959 1054 4021 eodem]
1073 3947 1120 4020 ogl.
1137 3962 1166 4006 ab
1184 3963 1228 4007 boc
1244 3953 1371 4005 elambat

236 4048 312 4092 eodem
325 4062 348 4094 v.
363 4073 392 4083 -
406 4062 469 4106 quam
482 4051 504 4091 ta
516 4044 640 4107 ururc]egb.
656 4060 723 4104 quem
741 4050 764 4090 lu
781 4060 815 4090 me
833 4047 931 4090 crudelis
948 4059 1066 4104 superscr.
1083 4059 1143 4090 naar
1154 4050 1178 4090 lu
1191 4047 1207 4092 l.
1226 4059 1272 4092 om.
1290 4047 1310 4087 a
1320 4055 1338 4087 r.
1348 4058 1371 4072 -

274 4218 314 4281 ’1
334 4221 372 4266 11.
393 4221 419 4265 Τ.
438 4218 522 4269 Furius
540 4221 671 4272 Brocchus,
700 4221 775 4267 homo
793 4220 901 4280 alioquin
919 4220 1023 4280 ignotus.

303 4313 315 4373 1
336 4314 374 4357 12.
388 4310 511 4373 praemiis]
531 4312 653 4357 Plutarch.
673 4312 740 4357 Sulla
759 4313 799 4356 31.
825 4315 971 4379 προέγραψε
994 4312 1020 4361 lt
1042 4309 1076 4377 τῷ
1095 4314 1140 4378 μὲν
1158 4304 1318 4375 ὑποδεξαμένῳ
1338 4302 1371 4350 zai

238 4389 388 4446 διασώσαντι
403 4392 446 4445 riu·
465 4398 686 4464 auoyrypruma'ror
705 4395 797 4460 ζημιῖιν
814 4392 858 4459 τῆς
881 4399 1075 4467 φιλανθρωπίας
1091 4392 1179 4466 ὁρίζων
1197 4390 1314 4455 θάνατον,
1334 4379 1370 4435 θῖῑ
