2850 4759
219 276 261 342 lib
536 329 540 336 .
692 271 931 344 CICERONIS

112 475 115 480 «
220 431 398 515 fereapud
419 450 538 500 omnes
553 429 707 499 Siculos:
732 452 796 513 ego
815 430 904 498 idem
925 430 1111 510 confirmo,
1133 452 1280 502 numne
1295 455 1395 502 anrrm

217 533 357 617 ‚quidem
389 554 475 602 esse.
516 533 607 622 Quid
637 533 703 632 lroc
733 534 813 600 est?
844 533 934 616 quod
963 531 1029 602 hcc
1061 546 1274 610 monstrum,
1310 536 1393 617 quod

220 636 412 717 prodigium
440 636 475 702 in
499 636 709 716 provinciam
738 634 921 704 misimus?
961 634 1082 700 Nonne
1104 634 1201 701 vobis
1225 634 1261 700 id
1289 637 1393 714 egisse

213 735 375 813 uidetur,
397 746 436 802 ut
455 758 525 802 uon
549 737 648 803 unius
669 734 861 813 libidinem,
884 757 952 801 non
974 756 1057 803 suos
1084 734 1223 811 oculos,
1244 734 1306 800 sed
1331 755 1393 799 om-

213 838 313 912 nium
348 836 646 920 cupidissimorum
677 837 842 913 insanias,
886 858 964 903 cum
1001 837 1146 904 Romam
1184 835 1391 909 revertisset,

214 937 402 1019 expleret?
444 938 512 1026 Qui
537 937 641 1004 simul
667 948 768 1018 atque
792 938 825 1002 iu
844 935 1006 1017 oppidum
1030 935 1213 1018 quodpiam
1240 947 1391 1012 venerat,

217 1038 491 1106 immittebantur
510 1036 558 1103 illi
580 1038 744 1107 contiuuo
771 1037 952 1117 Cibyratici
978 1057 1097 1114 canes,
1129 1039 1188 1118 qui
1211 1038 1390 1116 investiga·

218 1140 301 1205 bant
322 1151 356 1205 et
374 1140 676 1220 perscrutabantur
699 1139 823 1205 omnia.
865 1140 898 1205 Si
921 1137 1012 1220 quod
1037 1150 1111 1204 erat
1132 1135 1261 1217 grande
1287 1157 1348 1204 vas
1364 1148 1390 1202 et

218 1241 330 1306 maius
358 1261 444 1321 opus
470 1241 662 1318 inventum,
692 1237 771 1308 laeti
799 1240 1002 1306 afferebant:
1035 1240 1064 1306 si
1090 1240 1203 1306 minus
1222 1236 1388 1310 'eiusmodi

219 1342 392 1423 quippiam
416 1341 529 1410 venari
552 1352 754 1422 patuerant,
776 1338 832 1406 illa
855 1339 990 1421 quidem
1013 1352 1105 1407 oerte
1129 1362 1193 1422 pro
1213 1338 1389 1422 lepusculis

218 1442 456 1523 capiebantur,
486 1439 647 1523 patellae,
681 1452 837 1522 paterae,
873 1440 1032 1515 turibula,
1077 1442 1143 1509 Hic
1164 1464 1249 1524 quos
1269 1442 1388 1523 putatis

216 1542 319 1612 fletus
350 1541 551 1621 mulierum,
586 1564 669 1625 quas
703 1541 963 1612 lamentationes
1000 1545 1073 1610 fieri
1104 1543 1223 1625 solitas
1255 1564 1331 1612 esse
1360 1543 1388 1607 iu

217 1643 314 1712 hisce
347 1645 478 1712 rebus?>
513 1666 599 1727 quae
629 1645 775 1711 forsitan
804 1646 900 1714 vobis
931 1666 1056 1726 parvae
1092 1666 1168 1716 esse
1196 1644 1386 1711 videantur:

215 1744 278 1815 sed
303 1767 466 1827 magnum
489 1757 524 1813 et
547 1748 707 1814 acerbum
732 1744 886 1812 dolorem
902 1745 1155 1831 commovent,
1187 1743 1386 1812 mulierculis

217 1848 439 1930 praesertim,
473 1866 551 1930 eum
581 1847 772 1928 eripiuntur
804 1868 824 1913 e
851 1848 1006 1916 manibus
1033 1869 1090 1926 ea,
1123 1849 1243 1929 quibus
1272 1846 1386 1914 adres

218 1948 349 2016 divinas
384 1950 434 2015 uti
465 1959 694 2026 consuerunt,
728 1969 814 2030 quae
842 1970 862 2018 a
893 1949 973 2017 suis
992 1960 1216 2029 acceperunt,
1249 1968 1331 2031 quae
1359 1949 1387 2012 ia
1418 1995 1419 2042 t

218 2049 345 2116 familia
369 2070 506 2132 semper
525 2051 675 2116 fuerunt.
1418 2053 1419 2056 ’

130 2143 199 2221 ,43
248 2229 251 2236 ,
297 2151 415 2224 XXll.
456 2152 522 2218 llic
554 2150 659 2219 nolite
690 2164 889 2234 expectare,
923 2152 1005 2219 dum
1036 2172 1100 2232 ego
1135 2151 1222 2246 haec
1253 2150 1388 2220 orimim

215 2274 318 2338 aqam
340 2252 507 2335 ostiatim,
529 2254 570 2319 ab
586 2252 759 2334 Aeschylo
784 2255 1018 2336 Tyndaritano
1045 2257 1148 2322 istum
1170 2267 1319 2338 pateram
1337 2254 1388 2319 ab

217 2354 374 2440 stulisse,
396 2355 610 2422 aTltrasone
626 2355 706 2422 item
732 2357 964 2437 Tyndaritano
984 2355 1162 2438 patellam,
1183 2380 1201 2423 a
1219 2353 1386 2437 Nympho·

218 2456 558 2537 dorobgrigeutinc
588 2457 786 2525 turibulum.
842 2459 929 2525 Cum
956 2471 1061 2526 testes
1087 2473 1130 2524 ex
1155 2458 1268 2527 Sicilia
1295 2459 1384 2533 dabo,

215 2580 319 2640 quem
349 2556 441 2624 volet
470 2556 527 2622 ille
559 2558 678 2638 eligat,
715 2579 814 2639 quem
847 2577 910 2639 ego
944 2561 1151 2640 interrogem
1176 2559 1218 2627 de
1244 2558 1384 2644 patellis,

215 2661 363 2743 pateris,
388 2657 563 2726 turibulis:
587 2683 653 2726 uon
670 2660 775 2726 modo
795 2662 957 2743 oppidum
972 2660 1120 2739 nullum,
1140 2662 1199 2730 sed
1216 2683 1258 2728 ue
1273 2662 1383 2730 domus

214 2759 356 2844 ¹quidem
384 2757 453 2827 ulla
481 2760 582 2845 paulo
611 2759 817 2841 locupletior
846 2785 968 2847 expers
997 2763 1098 2831 huius
1129 2765 1269 2831 iniuriae
1297 2783 1384 2846 repe·
1416 2845 1417 2852 ἵ

217 2863 338 2930 rietur.
382 2863 451 2953 Qui
477 2885 556 2930 cum
579 2864 614 2928 in
644 2862 840 2930 convivium
868 2868 1035 2952 venisset,
1067 2867 1095 2931 si
1117 2869 1298 2950 quicquam
1320 2884 1384 2929 cae·
1416 2907 1417 2910 =

216 2962 277 3035 lati
313 2977 518 3048 aspexerat,
568 2985 689 3030 manus
731 2965 921 3045 abstinere,
958 2967 1104 3048 iudices,
1146 2991 1214 3034 non
1250 2976 1385 3049 poterat
1416 3015 1417 3032 2

215 3066 279 3135 Cn.
301 3067 483 3149 Pompeius
506 3077 558 3133 est
579 3064 691 3145 Philo,
722 3067 776 3149 qui
798 3066 864 3132 fuit
885 3068 1150 3150 Tyndaritanus.
1192 3070 1224 3136 ls
1252 3089 1382 3135 coenam
1416 3065 1417 3134 l

215 3169 274 3234 isti
299 3160 400 3234 dabat
428 3168 517 3249 apud
539 3167 655 3235 villam
680 3169 714 3235 in
741 3169 984 3249 Tyndaritano.
1035 3173 1145 3252 Fecit,
1178 3172 1270 3254 quod
1292 3168 1382 3237 Siculi

216 3292 285 3336 non
311 3269 498 3346 audebant3
526 3267 599 3341 itte,
622 3269 704 3336 rivis
732 3271 904 3339 Romanus
935 3274 1131 3356 quoderat,
1161 3273 1331 3354 impunius
1354 3267 1382 3334 id

65 3357 72 3374 Ι
216 3390 254 3438 se
274 3372 448 3437 facturum
471 3370 618 3452 putavit:
641 3373 800 3452 apposuit
825 3373 1003 3453 patellam,
1024 3377 1142 3457 inqua
1166 3373 1275 3455 sigilla
1298 3381 1382 3439 eraut
1415 3425 1416 3468 ἱ

216 3474 364 3553 egregia.
407 3471 476 3539 Iste
505 3475 668 3539 continuo
699 3485 737 3537 ut
760 3474 862 3555 vidit,
885 3500 953 3542 non
975 3476 1140 3544 dubitavit
1157 3475 1241 3542 illud
1264 3477 1381 3553 insigne
1415 3473 1416 3520 t

215 3575 389 3656 penatium
411 3573 700 3657 hospitaliumque
721 3574 861 3642 deorum
883 3599 926 3642 ex
942 3576 1101 3659 hospitali
1121 3600 1238 3645 mensa
1256 3576 1381 3644 tollere:

214 3679 276 3750 sed
298 3690 426 3754 tamen,
448 3678 539 3760 quod
564 3688 642 3743 ante
667 3676 709 3743 de
735 3679 834 3746 istius
859 3679 1059 3746 abstinentia
1082 3681 1252 3760 dixeram,
1274 3676 1380 3758 sigillis

155 3782 195 3852 49
216 3779 341 3848 avolsis
358 3778 525 3863 reliquum
546 3792 725 3862 argentum
743 3781 815 3847 sine
829 3780 897 3847 ulla
914 3783 1055 3849 avaritia
1070 3781 1230 3851 reddidit.
1274 3774 1381 3869 Quid?

281 4028 345 4091 548.
364 4030 559 4095 immittebantur]
578 4033 667 4080 Omnia
684 4033 725 4080 bic
742 4033 818 4079 verba
836 4047 923 4080 canum
941 4034 1059 4094 propria,
1076 4033 1195 4095 quocirca
1213 4033 1283 4084 unies
1299 4033 1380 4078 rectum

213 4116 250 4157 est
266 4110 394 4170 afflrebaat
411 4112 489 4173 (neg.
507 4112 606 4176 Leid.),
623 4128 671 4174 pro
689 4127 739 4174 quo
758 4116 817 4164 olim
834 4117 962 4176 tegebatur
978 4116 1120 4176 auferebant.
1156 4118 1220 4165 Mire
1234 4117 1311 4165 codd.
1327 4112 1378 4171 aliq·

213 4193 287 4242 etiam
304 4194 372 4241 Leid.
390 4194 451 4257 (non
470 4192 549 4255 Reg.)
566 4197 739 4251 accipiebantur
756 4212 804 4258 pro
822 4200 978 4257 capiebantur.
1324 4229 1329 4236 «

280 4300 345 4362 549.
362 4303 426 4359 apud
442 4299 535 4361 ullam]
563 4301 668 4349 Notavit
684 4304 749 4350 lruuc
765 4307 832 4365 apud
850 4304 994 4378 Ciceronem
1011 4297 1171 4366 singularem,
1193 4310 1261 4368 apud
1277 4303 1378 4353 Tacitum
