2850 4759
105 269 109 286 ’
221 223 280 350 ue
680 277 913 382 cuouoms
1041 336 1044 342 .

223 440 388 527 octoas,
412 442 474 541 oui
495 451 592 514 erant
612 439 665 518 ad
692 440 820 517 Urbem
845 467 923 516 cum
949 442 1172 523 exercituin
1195 439 1365 541 Apuliam,

218 576 389 662 praetores
417 563 461 667 Q
482 561 668 664 Pompeius
691 564 810 665 Rufus
837 563 1015 663 Capuam,
1044 563 1088 667 Q.
1106 564 1264 665 Metellus
1289 564 1368 640 Celer

220 688 388 781 inegram
399 684 563 760 Picenum
573 688 766 773 missisunt,
780 714 843 787 per
853 700 964 759 totam
977 701 1091 759 autern
1108 687 1236 761 Urbem
1247 688 1366 784 uigiliae

221 807 367 882 habitae.
401 806 594 911 Postquam
606 837 684 883 uero
699 837 734 881 o.
748 810 782 882 d.
807 809 902 885 VII.
919 810 977 884 Id.
995 808 1089 887 Nou.
1110 810 1223 885 Cicero
1237 811 1367 883 insidias

96 913 103 920 ⁵
220 909 382 1036 effugerat
398 931 444 1012 V
438 934 608 1029 orgunteii
621 946 653 1006 ct
666 932 1035 1032 Corneliipercausam
1051 937 1244 1005 matutinae
1254 934 1367 1006 saluta·

221 1057 323 1128 tronis
336 1056 472 1129 caedem
487 1058 558 1154 ipsi
570 1054 801 1143 molientium,
817 1085 851 1129 a.
869 1057 904 1129 d.
923 1057 995 1135 VI.
1013 1051 1071 1130 Id.
1089 1054 1185 1137 Nou,
1203 1058 1243 1128 in
1259 1056 1367 1155 templo

221 1177 318 1253 Iouis
328 1190 484 1266 senatum
492 1177 622 1251 babuit.
638 1178 686 1251 In
694 1205 794 1279 quern
804 1207 883 1251 acm
895 1178 1048 1254 Catilina
1057 1182 1167 1252 uenire
1177 1207 1287 1252 ausus
1293 1192 1366 1261 esset

144 1317 154 1343 ‘
219 1308 405 1401 primam
423 1302 552 1374 ineum
569 1303 811 1374 orationem
836 1303 947 1390 daie,
973 1306 1065 1402 cipue
1083 1306 1210 1388 suasit,
1237 1317 1274 1376 ut
1294 1303 1368 1377 Urbe

157 1487 160 1494 ,
221 1426 336 1497 exiret.
383 1424 464 1525 Ipse
487 1453 565 1499 uero
588 1438 758 1499 senatores
779 1438 952 1525 precatus,
978 1427 1124 1525 nequid
1149 1441 1269 1500 temere
1288 1415 1368 1501 dese

221 1546 402 1630 crederent,
427 1575 543 1620 omnes
560 1561 674 1622 autem
692 1550 760 1621 sibi
774 1550 958 1648 obstrepere
978 1552 1210 1650 conspicatus,
1237 1552 1369 1623 minabo

221 1699 322 1742 suum
354 1671 546 1770 incendium
567 1676 701 1772 patriae
724 1675 825 1745 ruina
849 1701 884 1745 se
909 1675 1158 1757 restincturum,
1183 1675 1324 1747 domum
1343 1701 1369 1745 sc

222 1822 241 1867 e
267 1796 361 1867 curia
378 1795 523 1894 proripit
546 1808 579 1867 et
601 1823 680 1867 cum
698 1795 832 1895 albpuot
855 1796 976 1868 amicis
1001 1824 1038 1868 en
1066 1808 1181 1869 castra
1206 1796 1368 1871 Malliana

147 1923 150 1934 ’
220 1916 461 2020 proficiscitur,
485 1917 609 1990 relictis
643 1921 681 1990 in
719 1917 811 1991 Urbe
838 1920 996 2005 consciis,
1025 1921 1151 2018 *quibus
1175 1901 1369 1993 caediumd

222 2041 456 2114 incendiorum
474 2055 590 2140 portes
605 2055 701 2114 crant
717 2029 830 2115 denne.
881 2041 1051 2115 Proximo
1067 2043 1121 2115 die
1136 2045 1189 2143 (a.
1204 2043 1240 2116 d.
1259 2045 1306 2123 V.
1322 2043 1368 2116 Id.

222 2149 472 2262 Nanneiaro,
490 2165 770 2262 utuolgorentur,
786 2167 1034 2239 secundam
1051 2167 1306 2239 orationem
1321 2166 1370 2239 bo
1412 2259 1413 2262 Ἴ

223 2288 294 2360 buit
308 2288 363 2393 ad
373 2275 567 2389 populum,
593 2317 663 2390 qua
683 2267 853 2363 inuidiam
871 2320 896 2372 a
915 2316 949 2360 se
963 2301 1121 2361 auerteret
1136 2290 1303 2364 Catilinae
1314 2291 1370 2363 siue

221 2411 329 2485 lenr'us
346 2415 463 2513 puniti
483 2415 553 2486 siue
569 2413 735 2486 crudelius
753 2415 852 2486 eiecti.
905 2412 1058 2489 Catilina
1072 2414 1177 2508 igitur
1189 2425 1222 2486 et
1236 2414 1369 2488 Mallias

173 2625 177 2632 ὑ
221 2566 255 2608 a.
277 2536 312 2609 d.
337 2536 429 2611 XII.
456 2509 545 2616 Keil.
569 2536 752 2613 Decembr.·
774 2548 912 2607 senatus
937 2535 1091 2608 consulto
1112 2539 1248 2636 patriae
1274 2535 1370 2609 hostes

221 2670 303 2729 stent
333 2657 484 2731 iudicati.
534 2659 670 2733 Interea
706 2655 812 2753 legati
844 2659 1070 2754 Allobrogum
1096 2689 1120 2731 a
1148 2658 1193 2739 P.
1233 2660 1369 2738 Corncb'o

30 2837 33 2844 ·
127 2877 129 2890 ,
223 2779 372 2855 Lentulo
383 2782 487 2877 flSura
506 2795 661 2883 praetore
679 2808 742 2880 per
765 2778 808 2854 P.
825 2780 1063 2874 Umbrenum,
1088 2785 1234 2883 equitem
1249 2784 1369 2857 Roma-

223 2930 323 2988 mem,
356 2905 532 2980 sollicitati
563 2906 681 2979 litteris
713 2904 767 2977 nd
788 2904 914 3005 populi
940 2906 999 2976 sui
1028 2919 1186 3000 senatum
1223 2905 1368 3007 acceptis,

220 3028 284 3103 s'ed
313 3030 465 3105 Ciceroni
485 3056 547 3131 per
577 3029 620 3135 Q.
646 3030 799 3105 Fabium
822 3027 977 3123 Sangam
998 3030 1146 3101 ciuitatis
1167 3058 1250 3101 suae
1263 3023 1369 3130 'potro-

222 3181 307 3223 num
332 3182 366 3226 re
400 3158 576 3258 patefacta
613 3153 818 3226 discedentes
853 3182 887 3228 a.
914 3151 948 3224 d.
977 3150 1005 3225 Ῑ
1004 3151 1054 3232 V.
1087 3164 1149 3225 out
1182 3152 1262 3227 ΙΙΙ.
1289 3149 1367 3228 Non.

222 3275 396 3350 Decembr.
420 3278 518 3351 tertc'a
541 3277 660 3373 uigilia
683 3276 791 3349 noctis
815 3276 908 3346 iussu
934 3273 1083 3347 consulis
1110 3304 1134 3346 a
1160 3273 1206 3348 L.
1241 3276 1286 3355 V
1281 3276 1366 3348 alem

223 3397 353 3471 Flacco
378 3410 410 3470 et
435 3397 472 3473 C
500 3396 687 3499 Pomptino
712 3399 924 3499 praetoribus
947 3401 984 3469 in
1008 3412 1112 3498 ponte
1130 3387 1269 3472 Muluio
1293 3427 1366 3472 eom

219 3519 379 3620 prehensi
399 3533 481 3592 sunt
506 3532 537 3591 et
564 3523 680 3620 prima
709 3523 781 3594 luce
813 3524 866 3598 ad
899 3523 1089 3597 Ciceronem
1119 3504 1266 3596 deducti.
1307 3505 1367 3596 *Hie

222 3644 389 3715 arcessitis
414 3643 658 3715 coniurationis
679 3646 889 3744 principibus
911 3659 943 3716 et
968 3658 1088 3718 senatu
1110 3647 1147 3716 in
1176 3645 1368 3719 Concordiae

222 3768 340 3841 aedem
364 3778 550 3867 conuocato
573 3795 642 3838 rem
666 3794 801 3868 omnem
828 3770 923 3840 certis
945 3769 1079 3839 inde'ciis
1098 3781 1130 3840 et
1156 3768 1275 3847 litteris
1289 3778 1368 3868 pote

212 3890 307 3994 secit.
356 3889 480 3991 Itaque
501 3916 621 3963 nouem
643 3892 887 3964 coniurationis
905 3893 1113 3992 principibus
1133 3895 1170 3962 in
1191 3892 1369 3964 custodiam

222 4016 315 4088 datis
338 4027 476 4087 senatus
502 4013 656 4089 Ciceroni
672 4016 902 4088 testimonium
925 4027 1142 4086 conservatae
1163 4015 1369 4115 reipublicae

222 4152 253 4211 et
282 4135 410 4211 nouum
428 4139 687 4238 supplicationis
712 4138 818 4234 genus
843 4137 995 4209 decreuit,
1049 4134 1126 4240 Quo
1141 4140 1246 4240 sacto
1271 4138 1366 4213 Cicero

222 4265 342 4335 iterum
372 4263 414 4334 in·
437 4264 627 4335 contionem
650 4285 849 4359 progressus
877 4290 911 4333 a.
933 4261 968 4333 d.
991 4261 1068 4335 ΠΙ.
1093 4274 1156 4360 aut
1176 4263 1268 4362 prid.
1292 4256 1366 4335 Kal.

230 4384 305 4458 Dec.
345 4386 550 4460 oratione
589 4388 726 4456 tertia
765 4396 910 4481 atquae
941 4385 979 4455 in
1009 4396 1244 4460 senatuacta
1276 4390 1368 4457 essent
