<?xml version="1.0" encoding="UTF-8"?>
<!DOCTYPE html PUBLIC "-//W3C//DTD XHTML 1.0 Transitional//EN"
    "http://www.w3.org/TR/xhtml1/DTD/xhtml1-transitional.dtd">
<html xmlns="http://www.w3.org/1999/xhtml" xml:lang="en" lang="en">
 <head>
  <title>
</title>
<meta http-equiv="Content-Type" content="text/html;charset=utf-8" />
  <meta name='ocr-system' content='tesseract 3.04.00' />
  <meta name='ocr-capabilities' content='ocr_page ocr_carea ocr_par ocr_line ocrx_word'/>
</head>
<body>
  <div class='ocr_page' id='page_1' title='image "./mtulliiciceroni00orelgoog_0333.png"; bbox 0 0 2850 4759; ppageno 0'>
   <div class='ocr_carea' id='block_1_1' title="bbox 235 248 1246 392">
    <p class='ocr_par' dir='ltr' id='par_1_1' title="bbox 235 248 1246 392">
     <span class='ocr_line' id='line_1_1' title="bbox 235 248 1246 392; baseline -0.004 -23"><span class='ocrx_word' id='word_1_1' title='bbox 235 297 404 369; x_wconf 77' lang='lat' dir='ltr'><strong>curuo</strong></span> <span class='ocrx_word' id='word_1_2' title='bbox 425 284 511 368; x_wconf 78' lang='lat' dir='ltr'><strong>rao</strong></span> <span class='ocrx_word' id='word_1_3' title='bbox 536 297 999 392; x_wconf 78' lang='lat' dir='ltr'><strong>Q.L1Gauto‚c.aers.</strong></span> <span class='ocrx_word' id='word_1_4' title='bbox 1141 302 1202 366; x_wconf 81' lang='lat' dir='ltr'><strong>sss</strong></span> <span class='ocrx_word' id='word_1_5' title='bbox 1240 248 1246 259; x_wconf 62' lang='grc'><strong>”</strong></span> 
     </span>
    </p>
   </div>
   <div class='ocr_carea' id='block_1_2' title="bbox 28 457 1326 2833">
    <p class='ocr_par' dir='ltr' id='par_1_2' title="bbox 28 457 1326 1580">
     <span class='ocr_line' id='line_1_2' title="bbox 28 457 1326 565; baseline -0.004 -37"><span class='ocrx_word' id='word_1_6' title='bbox 28 458 220 554; x_wconf 72' lang='lat' dir='ltr'><strong>Quomodo</strong></span> <span class='ocrx_word' id='word_1_7' title='bbox 247 460 279 527; x_wconf 91' lang='lat' dir='ltr'><strong>id</strong></span> <span class='ocrx_word' id='word_1_8' title='bbox 301 457 451 529; x_wconf 73' lang='lat' dir='ltr'><strong>tulistis?</strong></span> <span class='ocrx_word' id='word_1_9' title='bbox 492 462 661 543; x_wconf 80' lang='lat' dir='ltr'><strong>arreptae</strong></span> <span class='ocrx_word' id='word_1_10' title='bbox 682 461 822 528; x_wconf 88' lang='lat' dir='ltr'><strong>iniuriae</strong></span> <span class='ocrx_word' id='word_1_11' title='bbox 843 459 1011 545; x_wconf 81' lang='lat' dir='ltr'><strong>qraerelarn</strong></span> <span class='ocrx_word' id='word_1_12' title='bbox 1033 459 1076 528; x_wconf 90' lang='lat' dir='ltr'><strong>ad</strong></span> <span class='ocrx_word' id='word_1_13' title='bbox 1098 481 1198 545; x_wconf 90' lang='lat' dir='ltr'><strong>quern</strong></span> <span class='ocrx_word' id='word_1_14' title='bbox 1222 461 1261 527; x_wconf 71' lang='lat' dir='ltr'><strong>td</strong></span> <span class='ocrx_word' id='word_1_15' title='bbox 1319 547 1326 565; x_wconf 92' lang='lat'><strong>.</strong></span> 
     </span>
     <span class='ocr_line' id='line_1_3' title="bbox 28 563 1203 649; baseline 0.002 -18"><span class='ocrx_word' id='word_1_16' title='bbox 28 563 233 634; x_wconf 65' lang='lat' dir='ltr'><strong>detulistis?</strong></span> <span class='ocrx_word' id='word_1_17' title='bbox 274 565 403 649; x_wconf 81' lang='lat' dir='ltr'><strong>Nempe</strong></span> <span class='ocrx_word' id='word_1_18' title='bbox 424 569 472 632; x_wconf 85' lang='lat' dir='ltr'><strong>ad</strong></span> <span class='ocrx_word' id='word_1_19' title='bbox 504 586 602 644; x_wconf 85' lang='lat' dir='ltr'><strong>euin,</strong></span> <span class='ocrx_word' id='word_1_20' title='bbox 636 567 733 633; x_wconf 89' lang='lat' dir='ltr'><strong>ouius</strong></span> <span class='ocrx_word' id='word_1_21' title='bbox 760 567 997 633; x_wconf 88' lang='lat' dir='ltr'><strong>auctoritatem</strong></span> <span class='ocrx_word' id='word_1_22' title='bbox 1029 566 1136 633; x_wconf 86' lang='lat' dir='ltr'><strong>secuti</strong></span> <span class='ocrx_word' id='word_1_23' title='bbox 1169 567 1203 634; x_wconf 90' lang='lat' dir='ltr'><strong>in</strong></span> 
     </span>
     <span class='ocr_line' id='line_1_4' title="bbox 28 667 1205 760; baseline -0.002 -22"><span class='ocrx_word' id='word_1_24' title='bbox 28 671 236 738; x_wconf 87' lang='lat' dir='ltr'><strong>societatem</strong></span> <span class='ocrx_word' id='word_1_25' title='bbox 259 667 335 737; x_wconf 89' lang='lat' dir='ltr'><strong>belli</strong></span> <span class='ocrx_word' id='word_1_26' title='bbox 356 670 534 738; x_wconf 86' lang='lat' dir='ltr'><strong>veneratis.</strong></span> <span class='ocrx_word' id='word_1_27' title='bbox 578 668 706 760; x_wconf 75' lang='lat' dir='ltr'><strong>Quodsi</strong></span> <span class='ocrx_word' id='word_1_28' title='bbox 723 669 875 736; x_wconf 77' lang='lat' dir='ltr'><strong>Caesaris</strong></span> <span class='ocrx_word' id='word_1_29' title='bbox 897 691 1000 736; x_wconf 84' lang='lat' dir='ltr'><strong>causa</strong></span> <span class='ocrx_word' id='word_1_30' title='bbox 1020 670 1053 737; x_wconf 93' lang='lat' dir='ltr'><strong>iu</strong></span> <span class='ocrx_word' id='word_1_31' title='bbox 1067 671 1205 753; x_wconf 90' lang='lat' dir='ltr'><strong>provin·</strong></span> 
     </span>
     <span class='ocr_line' id='line_1_5' title="bbox 28 770 1204 856; baseline 0.001 -17"><span class='ocrx_word' id='word_1_32' title='bbox 28 774 112 840; x_wconf 88' lang='lat' dir='ltr'><strong>ciam</strong></span> <span class='ocrx_word' id='word_1_33' title='bbox 136 774 350 850; x_wconf 79' lang='lat' dir='ltr'><strong>veniebatis,</strong></span> <span class='ocrx_word' id='word_1_34' title='bbox 373 772 413 841; x_wconf 85' lang='lat' dir='ltr'><strong>ad</strong></span> <span class='ocrx_word' id='word_1_35' title='bbox 436 794 511 841; x_wconf 90' lang='lat' dir='ltr'><strong>eunr</strong></span> <span class='ocrx_word' id='word_1_36' title='bbox 533 776 687 856; x_wconf 82' lang='lat' dir='ltr'><strong>prolecto</strong></span> <span class='ocrx_word' id='word_1_37' title='bbox 709 770 839 839; x_wconf 77' lang='lat' dir='ltr'><strong>exclusi</strong></span> <span class='ocrx_word' id='word_1_38' title='bbox 859 773 1033 855; x_wconf 89' lang='lat' dir='ltr'><strong>provincia</strong></span> <span class='ocrx_word' id='word_1_39' title='bbox 1055 775 1204 841; x_wconf 87' lang='lat' dir='ltr'><strong>venisse-</strong></span> 
     </span>
     <span class='ocr_line' id='line_1_6' title="bbox 29 875 1203 970; baseline 0.001 -27"><span class='ocrx_word' id='word_1_40' title='bbox 29 879 81 943; x_wconf 89' lang='lat' dir='ltr'><strong>tis.</strong></span> <span class='ocrx_word' id='word_1_41' title='bbox 124 876 283 944; x_wconf 86' lang='lat' dir='ltr'><strong>Venistis</strong></span> <span class='ocrx_word' id='word_1_42' title='bbox 304 875 347 943; x_wconf 92' lang='lat' dir='ltr'><strong>ad</strong></span> <span class='ocrx_word' id='word_1_43' title='bbox 367 877 577 958; x_wconf 84' lang='lat' dir='ltr'><strong>Pompeirnn.</strong></span> <span class='ocrx_word' id='word_1_44' title='bbox 619 877 717 970; x_wconf 78' lang='lat' dir='ltr'><strong>Quae</strong></span> <span class='ocrx_word' id='word_1_45' title='bbox 737 888 790 943; x_wconf 88' lang='lat' dir='ltr'><strong>est</strong></span> <span class='ocrx_word' id='word_1_46' title='bbox 810 897 891 957; x_wconf 77' lang='lat' dir='ltr'><strong>ergo</strong></span> <span class='ocrx_word' id='word_1_47' title='bbox 914 875 1002 959; x_wconf 92' lang='lat' dir='ltr'><strong>apud</strong></span> <span class='ocrx_word' id='word_1_48' title='bbox 1024 877 1203 945; x_wconf 85' lang='lat' dir='ltr'><strong>Caesarem</strong></span> 
     </span>
     <span class='ocr_line' id='line_1_7' title="bbox 30 978 1204 1066; baseline 0.003 -22"><span class='ocrx_word' id='word_1_49' title='bbox 30 978 191 1062; x_wconf 84' lang='lat' dir='ltr'><strong>querela,</strong></span> <span class='ocrx_word' id='word_1_50' title='bbox 230 1000 308 1047; x_wconf 86' lang='lat' dir='ltr'><strong>curn</strong></span> <span class='ocrx_word' id='word_1_51' title='bbox 339 1001 416 1048; x_wconf 89' lang='lat' dir='ltr'><strong>eum</strong></span> <span class='ocrx_word' id='word_1_52' title='bbox 445 983 629 1066; x_wconf 86' lang='lat' dir='ltr'><strong>accusetis,</strong></span> <span class='ocrx_word' id='word_1_53' title='bbox 664 1004 682 1048; x_wconf 91' lang='lat' dir='ltr'><strong>a</strong></span> <span class='ocrx_word' id='word_1_54' title='bbox 711 1001 776 1063; x_wconf 89' lang='lat' dir='ltr'><strong>quo</strong></span> <span class='ocrx_word' id='word_1_55' title='bbox 806 981 990 1063; x_wconf 85' lang='lat' dir='ltr'><strong>queramini</strong></span> <span class='ocrx_word' id='word_1_56' title='bbox 1017 979 1204 1062; x_wconf 88' lang='lat' dir='ltr'><strong>prohibitos</strong></span> 
     </span>
     <span class='ocr_line' id='line_1_8' title="bbox 29 1080 1205 1168; baseline 0.003 -20"><span class='ocrx_word' id='word_1_57' title='bbox 29 1103 87 1149; x_wconf 91' lang='lat' dir='ltr'><strong>vos</strong></span> <span class='ocrx_word' id='word_1_58' title='bbox 109 1097 241 1150; x_wconf 87' lang='lat' dir='ltr'><strong>contra</strong></span> <span class='ocrx_word' id='word_1_59' title='bbox 263 1085 441 1151; x_wconf 83' lang='lat' dir='ltr'><strong>Caesarem</strong></span> <span class='ocrx_word' id='word_1_60' title='bbox 463 1103 581 1165; x_wconf 77' lang='lat' dir='ltr'><strong>gerere</strong></span> <span class='ocrx_word' id='word_1_61' title='bbox 604 1080 752 1150; x_wconf 78' lang='lat' dir='ltr'><strong>betbmt</strong></span> <span class='ocrx_word' id='word_1_62' title='bbox 789 1086 910 1166; x_wconf 78' lang='lat' dir='ltr'><strong>-sttqrre</strong></span> <span class='ocrx_word' id='word_1_63' title='bbox 931 1084 964 1150; x_wconf 89' lang='lat' dir='ltr'><strong>in</strong></span> <span class='ocrx_word' id='word_1_64' title='bbox 984 1082 1050 1150; x_wconf 89' lang='lat' dir='ltr'><strong>boc</strong></span> <span class='ocrx_word' id='word_1_65' title='bbox 1071 1084 1205 1168; x_wconf 90' lang='lat' dir='ltr'><strong>quidem</strong></span> 
     </span>
     <span class='ocr_line' id='line_1_9' title="bbox 31 1183 1205 1275; baseline 0.004 -23"><span class='ocrx_word' id='word_1_66' title='bbox 31 1186 83 1252; x_wconf 89' lang='lat' dir='ltr'><strong>vel</strong></span> <span class='ocrx_word' id='word_1_67' title='bbox 110 1207 194 1254; x_wconf 87' lang='lat' dir='ltr'><strong>curn</strong></span> <span class='ocrx_word' id='word_1_68' title='bbox 228 1187 423 1275; x_wconf 86' lang='lat' dir='ltr'><strong>mendacio,</strong></span> <span class='ocrx_word' id='word_1_69' title='bbox 458 1188 486 1256; x_wconf 90' lang='lat' dir='ltr'><strong>si</strong></span> <span class='ocrx_word' id='word_1_70' title='bbox 513 1184 631 1262; x_wconf 92' lang='lat' dir='ltr'><strong>voltis,</strong></span> <span class='ocrx_word' id='word_1_71' title='bbox 665 1183 854 1267; x_wconf 78' lang='lat' dir='ltr'><strong>gloriemini</strong></span> <span class='ocrx_word' id='word_1_72' title='bbox 882 1209 942 1269; x_wconf 82' lang='lat' dir='ltr'><strong>per</strong></span> <span class='ocrx_word' id='word_1_73' title='bbox 969 1208 1023 1254; x_wconf 89' lang='lat' dir='ltr'><strong>me</strong></span> <span class='ocrx_word' id='word_1_74' title='bbox 1044 1187 1122 1256; x_wconf 90' lang='lat' dir='ltr'><strong>licet</strong></span> <span class='ocrx_word' id='word_1_75' title='bbox 1142 1210 1205 1257; x_wconf 91' lang='lat' dir='ltr'><strong>vos</strong></span> 
     </span>
     <span class='ocr_line' id='line_1_10' title="bbox 32 1287 1206 1372; baseline 0.003 -17"><span class='ocrx_word' id='word_1_76' title='bbox 32 1290 251 1372; x_wconf 86' lang='lat' dir='ltr'><strong>provinciam</strong></span> <span class='ocrx_word' id='word_1_77' title='bbox 280 1290 385 1358; x_wconf 85' lang='lat' dir='ltr'><strong>luisse</strong></span> <span class='ocrx_word' id='word_1_78' title='bbox 412 1288 547 1358; x_wconf 83' lang='lat' dir='ltr'><strong>Caesari</strong></span> <span class='ocrx_word' id='word_1_79' title='bbox 575 1287 772 1356; x_wconf 81' lang='lat' dir='ltr'><strong>tradituros.</strong></span> <span class='ocrx_word' id='word_1_80' title='bbox 812 1288 953 1358; x_wconf 86' lang='lat' dir='ltr'><strong>Etiamsi</strong></span> <span class='ocrx_word' id='word_1_81' title='bbox 983 1313 1002 1358; x_wconf 84' lang='lat' dir='ltr'><strong>a</strong></span> <span class='ocrx_word' id='word_1_82' title='bbox 1024 1291 1111 1359; x_wconf 89' lang='lat' dir='ltr'><strong>Varo</strong></span> <span class='ocrx_word' id='word_1_83' title='bbox 1132 1304 1206 1360; x_wconf 85' lang='lat' dir='ltr'><strong>eta</strong></span> 
     </span>
     <span class='ocr_line' id='line_1_11' title="bbox 33 1391 1205 1476; baseline 0 -16"><span class='ocrx_word' id='word_1_84' title='bbox 33 1393 240 1476; x_wconf 76' lang='lat' dir='ltr'><strong>quibusdam</strong></span> <span class='ocrx_word' id='word_1_85' title='bbox 263 1391 335 1460; x_wconf 88' lang='lat' dir='ltr'><strong>aliis</strong></span> <span class='ocrx_word' id='word_1_86' title='bbox 352 1392 513 1476; x_wconf 76' lang='lat' dir='ltr'><strong>&#39;prohibiti</strong></span> <span class='ocrx_word' id='word_1_87' title='bbox 534 1393 631 1470; x_wconf 89' lang='lat' dir='ltr'><strong>estis,</strong></span> <span class='ocrx_word' id='word_1_88' title='bbox 655 1412 719 1472; x_wconf 78' lang='lat' dir='ltr'><strong>ego</strong></span> <span class='ocrx_word' id='word_1_89' title='bbox 743 1403 853 1460; x_wconf 82' lang='lat' dir='ltr'><strong>tamen</strong></span> <span class='ocrx_word' id='word_1_90' title='bbox 872 1393 1057 1460; x_wconf 83' lang='lat' dir='ltr'><strong>confitebor</strong></span> <span class='ocrx_word' id='word_1_91' title='bbox 1071 1391 1205 1476; x_wconf 88' lang='lat' dir='ltr'><strong>culpam</strong></span> 
     </span>
     <span class='ocr_line' id='line_1_12' title="bbox 36 1494 1113 1580; baseline 0.002 -17"><span class='ocrx_word' id='word_1_92' title='bbox 36 1516 107 1566; x_wconf 87' lang='lat' dir='ltr'><strong>esse</strong></span> <span class='ocrx_word' id='word_1_93' title='bbox 127 1498 281 1580; x_wconf 84' lang='lat' dir='ltr'><strong>Ligarii,</strong></span> <span class='ocrx_word' id='word_1_94' title='bbox 301 1497 359 1579; x_wconf 85' lang='lat' dir='ltr'><strong>qui</strong></span> <span class='ocrx_word' id='word_1_95' title='bbox 378 1500 438 1565; x_wconf 78' lang='lat' dir='ltr'><strong>vos</strong></span> <span class='ocrx_word' id='word_1_96' title='bbox 459 1507 572 1565; x_wconf 85' lang='lat' dir='ltr'><strong>tautae</strong></span> <span class='ocrx_word' id='word_1_97' title='bbox 592 1494 700 1563; x_wconf 87' lang='lat' dir='ltr'><strong>laudis</strong></span> <span class='ocrx_word' id='word_1_98' title='bbox 722 1498 899 1565; x_wconf 80' lang='lat' dir='ltr'><strong>occasione</strong></span> <span class='ocrx_word' id='word_1_99' title='bbox 919 1498 1113 1580; x_wconf 87' lang='lat' dir='ltr'><strong>privaverit.</strong></span> 
     </span>
    </p>

    <p class='ocr_par' dir='ltr' id='par_1_3' title="bbox 37 1599 1316 2833">
     <span class='ocr_line' id='line_1_13' title="bbox 108 1599 1266 1684; baseline -0.002 -15"><span class='ocrx_word' id='word_1_100' title='bbox 108 1601 176 1670; x_wconf 89' lang='lat' dir='ltr'><strong>IX.</strong></span> <span class='ocrx_word' id='word_1_101' title='bbox 225 1599 292 1669; x_wconf 89' lang='lat' dir='ltr'><strong>Sed</strong></span> <span class='ocrx_word' id='word_1_102' title='bbox 313 1599 407 1679; x_wconf 90' lang='lat' dir='ltr'><strong>vide,</strong></span> <span class='ocrx_word' id='word_1_103' title='bbox 428 1621 570 1684; x_wconf 86' lang='lat' dir='ltr'><strong>quaeso,</strong></span> <span class='ocrx_word' id='word_1_104' title='bbox 593 1601 736 1677; x_wconf 83' lang='lat' dir='ltr'><strong>Caesar,</strong></span> <span class='ocrx_word' id='word_1_105' title='bbox 758 1601 979 1669; x_wconf 85' lang='lat' dir='ltr'><strong>constantiam</strong></span> <span class='ocrx_word' id='word_1_106' title='bbox 1001 1602 1206 1670; x_wconf 88' lang='lat' dir='ltr'><strong>ornatissimi</strong></span> <span class='ocrx_word' id='word_1_107' title='bbox 1227 1604 1266 1668; x_wconf 79' lang='lat'><strong>26</strong></span> 
     </span>
     <span class='ocr_line' id='line_1_14' title="bbox 37 1704 1208 1793; baseline 0.003 -24"><span class='ocrx_word' id='word_1_108' title='bbox 37 1704 114 1786; x_wconf 88' lang='lat' dir='ltr'><strong>viri,</strong></span> <span class='ocrx_word' id='word_1_109' title='bbox 144 1705 183 1773; x_wconf 90' lang='lat' dir='ltr'><strong>L.</strong></span> <span class='ocrx_word' id='word_1_110' title='bbox 209 1704 421 1773; x_wconf 84' lang='lat' dir='ltr'><strong>Tuberonis:</strong></span> <span class='ocrx_word' id='word_1_111' title='bbox 449 1725 548 1787; x_wconf 87' lang='lat' dir='ltr'><strong>quam</strong></span> <span class='ocrx_word' id='word_1_112' title='bbox 570 1723 652 1787; x_wconf 79' lang='lat' dir='ltr'><strong>ego,</strong></span> <span class='ocrx_word' id='word_1_113' title='bbox 682 1705 835 1786; x_wconf 84' lang='lat' dir='ltr'><strong>quamvis</strong></span> <span class='ocrx_word' id='word_1_114' title='bbox 857 1705 927 1787; x_wconf 91' lang='lat' dir='ltr'><strong>ipse</strong></span> <span class='ocrx_word' id='word_1_115' title='bbox 949 1707 1148 1793; x_wconf 88' lang='lat' dir='ltr'><strong>probarem,</strong></span> <span class='ocrx_word' id='word_1_116' title='bbox 1170 1719 1208 1772; x_wconf 92' lang='lat' dir='ltr'><strong>ut</strong></span> 
     </span>
     <span class='ocr_line' id='line_1_15' title="bbox 37 1807 1304 1895; baseline 0.003 -23"><span class='ocrx_word' id='word_1_117' title='bbox 37 1809 162 1895; x_wconf 88' lang='lat' dir='ltr'><strong>probo,</strong></span> <span class='ocrx_word' id='word_1_118' title='bbox 200 1820 314 1875; x_wconf 86' lang='lat' dir='ltr'><strong>tamen</strong></span> <span class='ocrx_word' id='word_1_119' title='bbox 341 1830 410 1874; x_wconf 90' lang='lat' dir='ltr'><strong>nou</strong></span> <span class='ocrx_word' id='word_1_120' title='bbox 437 1827 759 1878; x_wconf 87' lang='lat' dir='ltr'><strong>commemorarem.</strong></span> <span class='ocrx_word' id='word_1_121' title='bbox 791 1807 854 1874; x_wconf 92' lang='lat' dir='ltr'><strong>uisi</strong></span> <span class='ocrx_word' id='word_1_122' title='bbox 881 1829 899 1874; x_wconf 88' lang='lat' dir='ltr'><strong>a</strong></span> <span class='ocrx_word' id='word_1_123' title='bbox 922 1820 954 1875; x_wconf 86' lang='lat' dir='ltr'><strong>te</strong></span> <span class='ocrx_word' id='word_1_124' title='bbox 974 1811 1207 1890; x_wconf 81' lang='lat' dir='ltr'><strong>cognovissem</strong></span> <span class='ocrx_word' id='word_1_125' title='bbox 1301 1825 1304 1835; x_wconf 78' lang='grc'><em>“</em></span> 
     </span>
     <span class='ocr_line' id='line_1_16' title="bbox 38 1908 1210 2003; baseline 0.005 -29"><span class='ocrx_word' id='word_1_126' title='bbox 38 1910 68 1975; x_wconf 94' lang='lat' dir='ltr'><strong>in</strong></span> <span class='ocrx_word' id='word_1_127' title='bbox 86 1912 210 1994; x_wconf 86' lang='lat' dir='ltr'><strong>primis</strong></span> <span class='ocrx_word' id='word_1_128' title='bbox 233 1932 307 1978; x_wconf 86' lang='lat' dir='ltr'><strong>eam</strong></span> <span class='ocrx_word' id='word_1_129' title='bbox 329 1911 488 1978; x_wconf 89' lang='lat' dir='ltr'><strong>virtutem</strong></span> <span class='ocrx_word' id='word_1_130' title='bbox 510 1909 621 1978; x_wconf 88' lang='lat' dir='ltr'><strong>solere</strong></span> <span class='ocrx_word' id='word_1_131' title='bbox 642 1908 782 1987; x_wconf 79' lang='lat' dir='ltr'><strong>laudari.</strong></span> <span class='ocrx_word' id='word_1_132' title='bbox 825 1910 923 2003; x_wconf 77' lang='lat' dir='ltr'><strong>Quae</strong></span> <span class='ocrx_word' id='word_1_133' title='bbox 943 1911 1008 1977; x_wconf 87' lang='lat' dir='ltr'><strong>fuit</strong></span> <span class='ocrx_word' id='word_1_134' title='bbox 1028 1914 1129 1994; x_wconf 80' lang='lat' dir='ltr'><strong>igitur</strong></span> <span class='ocrx_word' id='word_1_135' title='bbox 1149 1937 1210 1980; x_wconf 90' lang='lat' dir='ltr'><strong>un-</strong></span> 
     </span>
     <span class='ocr_line' id='line_1_17' title="bbox 39 2012 1209 2095; baseline 0.004 -17"><span class='ocrx_word' id='word_1_136' title='bbox 39 2035 135 2095; x_wconf 88' lang='lat' dir='ltr'><strong>quam</strong></span> <span class='ocrx_word' id='word_1_137' title='bbox 163 2015 200 2081; x_wconf 92' lang='lat' dir='ltr'><strong>in</strong></span> <span class='ocrx_word' id='word_1_138' title='bbox 228 2012 298 2081; x_wconf 93' lang='lat' dir='ltr'><strong>ullo</strong></span> <span class='ocrx_word' id='word_1_139' title='bbox 325 2012 463 2081; x_wconf 90' lang='lat' dir='ltr'><strong>homine</strong></span> <span class='ocrx_word' id='word_1_140' title='bbox 492 2025 583 2081; x_wconf 88' lang='lat' dir='ltr'><strong>tanta</strong></span> <span class='ocrx_word' id='word_1_141' title='bbox 611 2014 829 2082; x_wconf 70' lang='lat' dir='ltr'><strong>consimilat</strong></span> <span class='ocrx_word' id='word_1_142' title='bbox 860 2018 1083 2083; x_wconf 84' lang='lat' dir='ltr'><strong>constantiam</strong></span> <span class='ocrx_word' id='word_1_143' title='bbox 1105 2017 1209 2083; x_wconf 73' lang='lat' dir='ltr'><strong>dico?</strong></span> 
     </span>
     <span class='ocr_line' id='line_1_18' title="bbox 42 2115 1209 2209; baseline 0.005 -28"><span class='ocrx_word' id='word_1_144' title='bbox 42 2118 173 2200; x_wconf 84' lang='lat' dir='ltr'><strong>nescio,</strong></span> <span class='ocrx_word' id='word_1_145' title='bbox 206 2140 251 2186; x_wconf 89' lang='lat' dir='ltr'><strong>au</strong></span> <span class='ocrx_word' id='word_1_146' title='bbox 279 2115 399 2185; x_wconf 88' lang='lat' dir='ltr'><strong>melius</strong></span> <span class='ocrx_word' id='word_1_147' title='bbox 427 2116 620 2199; x_wconf 85' lang='lat' dir='ltr'><strong>patientiam</strong></span> <span class='ocrx_word' id='word_1_148' title='bbox 641 2118 768 2200; x_wconf 90' lang='lat' dir='ltr'><strong>possim</strong></span> <span class='ocrx_word' id='word_1_149' title='bbox 792 2117 914 2185; x_wconf 89' lang='lat' dir='ltr'><strong>dicere.</strong></span> <span class='ocrx_word' id='word_1_150' title='bbox 957 2118 1092 2209; x_wconf 77' lang='lat' dir='ltr'><strong>Quotus</strong></span> <span class='ocrx_word' id='word_1_151' title='bbox 1120 2122 1209 2187; x_wconf 87' lang='lat' dir='ltr'><strong>eninr</strong></span> 
     </span>
     <span class='ocr_line' id='line_1_19' title="bbox 43 2217 1316 2317; baseline 0.006 -34"><span class='ocrx_word' id='word_1_152' title='bbox 43 2217 126 2286; x_wconf 92' lang='lat' dir='ltr'><strong>istud</strong></span> <span class='ocrx_word' id='word_1_153' title='bbox 148 2223 295 2306; x_wconf 85' lang='lat' dir='ltr'><strong>quisque</strong></span> <span class='ocrx_word' id='word_1_154' title='bbox 316 2221 470 2299; x_wconf 85' lang='lat' dir='ltr'><strong>fecisset,</strong></span> <span class='ocrx_word' id='word_1_155' title='bbox 491 2232 545 2300; x_wconf 85' lang='lat' dir='ltr'><strong>ut,</strong></span> <span class='ocrx_word' id='word_1_156' title='bbox 567 2242 586 2288; x_wconf 93' lang='lat' dir='ltr'><strong>a</strong></span> <span class='ocrx_word' id='word_1_157' title='bbox 607 2220 725 2304; x_wconf 91' lang='lat' dir='ltr'><strong>quibus</strong></span> <span class='ocrx_word' id='word_1_158' title='bbox 747 2220 781 2286; x_wconf 92' lang='lat' dir='ltr'><strong>in</strong></span> <span class='ocrx_word' id='word_1_159' title='bbox 802 2219 1010 2288; x_wconf 83' lang='lat' dir='ltr'><strong>dissensione</strong></span> <span class='ocrx_word' id='word_1_160' title='bbox 1032 2221 1120 2290; x_wconf 87' lang='lat' dir='ltr'><strong>civili</strong></span> <span class='ocrx_word' id='word_1_161' title='bbox 1140 2246 1210 2290; x_wconf 88' lang='lat' dir='ltr'><strong>nou</strong></span> <span class='ocrx_word' id='word_1_162' title='bbox 1312 2306 1316 2317; x_wconf 29' lang='grc' dir='ltr'>Ι</span> 
     </span>
     <span class='ocr_line' id='line_1_20' title="bbox 45 2321 1208 2408; baseline 0.007 -22"><span class='ocrx_word' id='word_1_163' title='bbox 45 2334 129 2390; x_wconf 86' lang='lat' dir='ltr'><strong>esset</strong></span> <span class='ocrx_word' id='word_1_164' title='bbox 156 2335 338 2408; x_wconf 86' lang='lat' dir='ltr'><strong>receptus,</strong></span> <span class='ocrx_word' id='word_1_165' title='bbox 359 2335 450 2393; x_wconf 86' lang='lat' dir='ltr'><strong>esset</strong></span> <span class='ocrx_word' id='word_1_166' title='bbox 471 2324 570 2390; x_wconf 87' lang='lat' dir='ltr'><strong>etiam</strong></span> <span class='ocrx_word' id='word_1_167' title='bbox 592 2344 669 2390; x_wconf 90' lang='lat' dir='ltr'><strong>cum</strong></span> <span class='ocrx_word' id='word_1_168' title='bbox 691 2321 890 2390; x_wconf 86' lang='lat' dir='ltr'><strong>crudelitate</strong></span> <span class='ocrx_word' id='word_1_169' title='bbox 911 2325 1072 2404; x_wconf 87' lang='lat' dir='ltr'><strong>reiectus,</strong></span> <span class='ocrx_word' id='word_1_170' title='bbox 1094 2324 1136 2391; x_wconf 89' lang='lat' dir='ltr'><strong>ad</strong></span> <span class='ocrx_word' id='word_1_171' title='bbox 1151 2347 1208 2395; x_wconf 91' lang='lat' dir='ltr'><strong>eos</strong></span> 
     </span>
     <span class='ocr_line' id='line_1_21' title="bbox 47 2423 1209 2521; baseline 0.007 -33"><span class='ocrx_word' id='word_1_172' title='bbox 47 2423 130 2506; x_wconf 89' lang='lat' dir='ltr'><strong>ipsos</strong></span> <span class='ocrx_word' id='word_1_173' title='bbox 168 2426 337 2496; x_wconf 80' lang='lat' dir='ltr'><strong>reuirat</strong></span> <span class='ocrx_word' id='word_1_174' title='bbox 395 2425 721 2521; x_wconf 76' lang='lat' dir='ltr'><strong>Maguicuiusdanr</strong></span> <span class='ocrx_word' id='word_1_175' title='bbox 757 2427 858 2494; x_wconf 90' lang='lat' dir='ltr'><strong>auimi</strong></span> <span class='ocrx_word' id='word_1_176' title='bbox 891 2440 991 2512; x_wconf 89' lang='lat' dir='ltr'><strong>atque</strong></span> <span class='ocrx_word' id='word_1_177' title='bbox 1023 2429 1094 2496; x_wconf 89' lang='lat' dir='ltr'><strong>eius</strong></span> <span class='ocrx_word' id='word_1_178' title='bbox 1134 2431 1209 2509; x_wconf 90' lang='lat' dir='ltr'><strong>viri,</strong></span> 
     </span>
     <span class='ocr_line' id='line_1_22' title="bbox 50 2530 1210 2615; baseline 0.007 -24"><span class='ocrx_word' id='word_1_179' title='bbox 50 2549 142 2609; x_wconf 90' lang='lat' dir='ltr'><strong>quem</strong></span> <span class='ocrx_word' id='word_1_180' title='bbox 165 2530 209 2599; x_wconf 90' lang='lat' dir='ltr'><strong>de</strong></span> <span class='ocrx_word' id='word_1_181' title='bbox 230 2536 389 2612; x_wconf 84' lang='lat' dir='ltr'><strong>suscepta</strong></span> <span class='ocrx_word' id='word_1_182' title='bbox 411 2550 513 2596; x_wconf 86' lang='lat' dir='ltr'><strong>causa</strong></span> <span class='ocrx_word' id='word_1_183' title='bbox 533 2530 774 2615; x_wconf 85' lang='lat' dir='ltr'><strong>propositaque</strong></span> <span class='ocrx_word' id='word_1_184' title='bbox 794 2535 958 2599; x_wconf 84' lang='lat' dir='ltr'><strong>sententia</strong></span> <span class='ocrx_word' id='word_1_185' title='bbox 978 2530 1070 2599; x_wconf 89' lang='lat' dir='ltr'><strong>nulla</strong></span> <span class='ocrx_word' id='word_1_186' title='bbox 1090 2544 1210 2600; x_wconf 89' lang='lat' dir='ltr'><strong>contu·</strong></span> 
     </span>
     <span class='ocr_line' id='line_1_23' title="bbox 46 2629 1268 2719; baseline 0.006 -24"><span class='ocrx_word' id='word_1_187' title='bbox 46 2629 161 2714; x_wconf 87' lang='lat' dir='ltr'><strong>melia,</strong></span> <span class='ocrx_word' id='word_1_188' title='bbox 196 2633 292 2703; x_wconf 90' lang='lat' dir='ltr'><strong>nulla</strong></span> <span class='ocrx_word' id='word_1_189' title='bbox 320 2636 388 2710; x_wconf 89' lang='lat' dir='ltr'><strong>vis,</strong></span> <span class='ocrx_word' id='word_1_190' title='bbox 422 2630 554 2699; x_wconf 91' lang='lat' dir='ltr'><strong>nullum</strong></span> <span class='ocrx_word' id='word_1_191' title='bbox 581 2633 769 2716; x_wconf 85' lang='lat' dir='ltr'><strong>periculum</strong></span> <span class='ocrx_word' id='word_1_192' title='bbox 799 2637 907 2719; x_wconf 90' lang='lat' dir='ltr'><strong>possit</strong></span> <span class='ocrx_word' id='word_1_193' title='bbox 935 2634 1115 2718; x_wconf 84' lang='lat' dir='ltr'><strong>depellere.</strong></span> <span class='ocrx_word' id='word_1_194' title='bbox 1164 2636 1210 2706; x_wconf 82' lang='lat' dir='ltr'><strong>Ut</strong></span> <span class='ocrx_word' id='word_1_195' title='bbox 1229 2632 1268 2695; x_wconf 74' lang='lat'><strong>27</strong></span> 
     </span>
     <span class='ocr_line' id='line_1_24' title="bbox 50 2735 1209 2833; baseline 0.008 -35"><span class='ocrx_word' id='word_1_196' title='bbox 50 2735 130 2805; x_wconf 86' lang='lat' dir='ltr'><strong>enirn</strong></span> <span class='ocrx_word' id='word_1_197' title='bbox 153 2751 269 2806; x_wconf 89' lang='lat' dir='ltr'><strong>cetera</strong></span> <span class='ocrx_word' id='word_1_198' title='bbox 290 2737 382 2820; x_wconf 84' lang='lat' dir='ltr'><strong>paria</strong></span> <span class='ocrx_word' id='word_1_199' title='bbox 397 2736 570 2833; x_wconf 78' lang='lat' dir='ltr'><strong>Tuberoni</strong></span> <span class='ocrx_word' id='word_1_200' title='bbox 590 2759 667 2805; x_wconf 90' lang='lat' dir='ltr'><strong>cum</strong></span> <span class='ocrx_word' id='word_1_201' title='bbox 685 2737 774 2807; x_wconf 84' lang='lat' dir='ltr'><strong>Varo</strong></span> <span class='ocrx_word' id='word_1_202' title='bbox 796 2739 950 2826; x_wconf 82' lang='lat' dir='ltr'><strong>fuissent,</strong></span> <span class='ocrx_word' id='word_1_203' title='bbox 972 2739 1093 2820; x_wconf 91' lang='lat' dir='ltr'><strong>honos,</strong></span> <span class='ocrx_word' id='word_1_204' title='bbox 1116 2742 1209 2809; x_wconf 90' lang='lat' dir='ltr'><strong>nobi·</strong></span> 
     </span>
    </p>
   </div>
   <div class='ocr_carea' id='block_1_3' title="bbox 45 2960 1209 3629">
    <p class='ocr_par' dir='ltr' id='par_1_4' title="bbox 45 2960 1209 3629">
     <span class='ocr_line' id='line_1_25' title="bbox 111 2960 1208 3041; baseline 0.003 -19"><span class='ocrx_word' id='word_1_205' title='bbox 111 2973 122 3035; x_wconf 70' lang='lat' dir='ltr'><strong>b</strong></span> <span class='ocrx_word' id='word_1_206' title='bbox 139 2976 181 3024; x_wconf 73' lang='lat'><strong>25.</strong></span> <span class='ocrx_word' id='word_1_207' title='bbox 199 2991 258 3038; x_wconf 85' lang='lat' dir='ltr'><strong>quas</strong></span> <span class='ocrx_word' id='word_1_208' title='bbox 274 2980 308 3023; x_wconf 83' lang='lat' dir='ltr'><strong>est</strong></span> <span class='ocrx_word' id='word_1_209' title='bbox 324 2988 380 3035; x_wconf 75' lang='lat' dir='ltr'><strong>ergo</strong></span> <span class='ocrx_word' id='word_1_210' title='bbox 397 2970 475 3035; x_wconf 86' lang='lat' dir='ltr'><strong>apud]</strong></span> <span class='ocrx_word' id='word_1_211' title='bbox 494 2989 515 3022; x_wconf 88' lang='lat' dir='ltr'><strong>e.</strong></span> <span class='ocrx_word' id='word_1_212' title='bbox 534 2960 591 3035; x_wconf 83' lang='lat' dir='ltr'><strong>quae</strong></span> <span class='ocrx_word' id='word_1_213' title='bbox 607 2979 667 3022; x_wconf 86' lang='lat' dir='ltr'><strong>euim</strong></span> <span class='ocrx_word' id='word_1_214' title='bbox 684 2979 746 3036; x_wconf 86' lang='lat' dir='ltr'><strong>apud</strong></span> <span class='ocrx_word' id='word_1_215' title='bbox 763 2979 779 3026; x_wconf 92' lang='grc'><strong>1.</strong></span> <span class='ocrx_word' id='word_1_216' title='bbox 797 2993 853 3039; x_wconf 82' lang='lat' dir='ltr'><strong>quas</strong></span> <span class='ocrx_word' id='word_1_217' title='bbox 870 2984 903 3025; x_wconf 82' lang='lat' dir='ltr'><strong>est</strong></span> <span class='ocrx_word' id='word_1_218' title='bbox 919 2992 975 3038; x_wconf 80' lang='lat' dir='ltr'><strong>ergo</strong></span> <span class='ocrx_word' id='word_1_219' title='bbox 987 2979 1041 3024; x_wconf 82' lang='lat' dir='ltr'><strong>baec</strong></span> <span class='ocrx_word' id='word_1_220' title='bbox 1053 2980 1114 3036; x_wconf 86' lang='lat' dir='ltr'><strong>apud</strong></span> <span class='ocrx_word' id='word_1_221' title='bbox 1124 2977 1168 3041; x_wconf 63' lang='grc' dir='ltr'><strong>ς.)</strong></span> <span class='ocrx_word' id='word_1_222' title='bbox 1184 2995 1208 3027; x_wconf 86' lang='lat' dir='ltr'><strong>v.</strong></span> 
     </span>
     <span class='ocr_line' id='line_1_26' title="bbox 52 3051 1208 3122; baseline 0.002 -17"><span class='ocrx_word' id='word_1_223' title='bbox 52 3051 143 3112; x_wconf 76' lang='lat' dir='ltr'><strong>(Eunu</strong></span> <span class='ocrx_word' id='word_1_224' title='bbox 165 3058 189 3109; x_wconf 90' lang='lat' dir='ltr'><strong>b.</strong></span> <span class='ocrx_word' id='word_1_225' title='bbox 211 3070 293 3110; x_wconf 77' lang='lat' dir='ltr'><strong>servat</strong></span> <span class='ocrx_word' id='word_1_226' title='bbox 316 3057 391 3121; x_wconf 81' lang='lat' dir='ltr'><strong>bueo.)</strong></span> <span class='ocrx_word' id='word_1_227' title='bbox 408 3084 442 3098; x_wconf 89' lang='lat'>-</span> <span class='ocrx_word' id='word_1_228' title='bbox 458 3054 580 3118; x_wconf 74' lang='lat' dir='ltr'><strong>accusetis]</strong></span> <span class='ocrx_word' id='word_1_229' title='bbox 603 3061 650 3120; x_wconf 74' lang='lat' dir='ltr'><strong>egl.</strong></span> <span class='ocrx_word' id='word_1_230' title='bbox 672 3065 784 3107; x_wconf 74' lang='lat' dir='ltr'><strong>sarmatis</strong></span> <span class='ocrx_word' id='word_1_231' title='bbox 801 3063 840 3110; x_wconf 87' lang='lat' dir='ltr'><strong>br.</strong></span> <span class='ocrx_word' id='word_1_232' title='bbox 858 3087 888 3100; x_wconf 88' lang='lat'><em>-</em></span> <span class='ocrx_word' id='word_1_233' title='bbox 907 3065 1033 3122; x_wconf 81' lang='lat' dir='ltr'><strong>queramini</strong></span> <span class='ocrx_word' id='word_1_234' title='bbox 1049 3078 1112 3110; x_wconf 88' lang='lat' dir='ltr'><strong>corr.</strong></span> <span class='ocrx_word' id='word_1_235' title='bbox 1130 3078 1208 3122; x_wconf 81' lang='lat' dir='ltr'><strong>quere·</strong></span> 
     </span>
     <span class='ocr_line' id='line_1_27' title="bbox 54 3142 1209 3207; baseline 0.004 -24"><span class='ocrx_word' id='word_1_236' title='bbox 54 3143 104 3187; x_wconf 82' lang='lat' dir='ltr'><strong>misi</strong></span> <span class='ocrx_word' id='word_1_237' title='bbox 124 3144 179 3207; x_wconf 85' lang='lat' dir='ltr'><strong>(sic)</strong></span> <span class='ocrx_word' id='word_1_238' title='bbox 203 3149 220 3195; x_wconf 92' lang='grc'><strong>1.</strong></span> <span class='ocrx_word' id='word_1_239' title='bbox 244 3146 367 3207; x_wconf 83' lang='lat' dir='ltr'><strong>querisrtr&#39;us‘</strong></span> <span class='ocrx_word' id='word_1_240' title='bbox 389 3144 413 3191; x_wconf 94' lang='lat' dir='ltr'><strong>b.</strong></span> <span class='ocrx_word' id='word_1_241' title='bbox 435 3169 469 3182; x_wconf 95' lang='lat'>-</span> <span class='ocrx_word' id='word_1_242' title='bbox 488 3145 621 3203; x_wconf 70' lang='lat' dir='ltr'><strong>prohibitos</strong></span> <span class='ocrx_word' id='word_1_243' title='bbox 641 3142 692 3207; x_wconf 85' lang='lat' dir='ltr'><strong>vos]</strong></span> <span class='ocrx_word' id='word_1_244' title='bbox 716 3143 805 3191; x_wconf 88' lang='lat' dir='ltr'><strong>Colon.</strong></span> <span class='ocrx_word' id='word_1_245' title='bbox 825 3144 956 3202; x_wconf 70' lang='lat' dir='ltr'><strong>prohibitos</strong></span> <span class='ocrx_word' id='word_1_246' title='bbox 978 3159 1025 3189; x_wconf 85' lang='lat' dir='ltr'><strong>esss</strong></span> <span class='ocrx_word' id='word_1_247' title='bbox 1047 3158 1087 3189; x_wconf 81' lang='lat' dir='ltr'><strong>vos</strong></span> <span class='ocrx_word' id='word_1_248' title='bbox 1103 3144 1151 3204; x_wconf 79' lang='lat' dir='ltr'><strong>egl.</strong></span> <span class='ocrx_word' id='word_1_249' title='bbox 1169 3158 1209 3189; x_wconf 85' lang='lat' dir='ltr'><strong>uos</strong></span> 
     </span>
     <span class='ocr_line' id='line_1_28' title="bbox 52 3226 1208 3291; baseline 0 -18"><span class='ocrx_word' id='word_1_250' title='bbox 52 3229 175 3280; x_wconf 68' lang='lat' dir='ltr'><strong>prohibitos</strong></span> <span class='ocrx_word' id='word_1_251' title='bbox 198 3233 240 3280; x_wconf 85' lang='lat' dir='ltr'><strong>bv.</strong></span> <span class='ocrx_word' id='word_1_252' title='bbox 263 3255 294 3268; x_wconf 88' lang='lat'><strong>·-</strong></span> <span class='ocrx_word' id='word_1_253' title='bbox 318 3244 399 3289; x_wconf 80' lang='lat' dir='ltr'><strong>gerere</strong></span> <span class='ocrx_word' id='word_1_254' title='bbox 422 3226 516 3290; x_wconf 82' lang='lat' dir='ltr'><strong>bellum]</strong></span> <span class='ocrx_word' id='word_1_255' title='bbox 539 3227 602 3291; x_wconf 75' lang='lat' dir='ltr'><strong>eglb.</strong></span> <span class='ocrx_word' id='word_1_256' title='bbox 625 3229 707 3274; x_wconf 82' lang='lat' dir='ltr'><strong>bellum</strong></span> <span class='ocrx_word' id='word_1_257' title='bbox 728 3243 809 3288; x_wconf 75' lang='lat' dir='ltr'><strong>gerere</strong></span> <span class='ocrx_word' id='word_1_258' title='bbox 832 3243 856 3276; x_wconf 83' lang='lat' dir='ltr'><strong>v.</strong></span> <span class='ocrx_word' id='word_1_259' title='bbox 872 3253 907 3266; x_wconf 93' lang='lat'>-</span> <span class='ocrx_word' id='word_1_260' title='bbox 922 3232 944 3274; x_wconf 86' lang='lat' dir='ltr'><strong>si</strong></span> <span class='ocrx_word' id='word_1_261' title='bbox 959 3231 1042 3282; x_wconf 84' lang='lat' dir='ltr'><strong>uoltis,</strong></span> <span class='ocrx_word' id='word_1_262' title='bbox 1058 3227 1208 3290; x_wconf 66' lang='lat' dir='ltr'><strong>gloriariari]</strong></span> 
     </span>
     <span class='ocr_line' id='line_1_29' title="bbox 56 3307 1209 3376; baseline 0.002 -20"><span class='ocrx_word' id='word_1_263' title='bbox 56 3307 136 3360; x_wconf 81' lang='lat' dir='ltr'><strong>Golou.</strong></span> <span class='ocrx_word' id='word_1_264' title='bbox 153 3318 175 3361; x_wconf 71' lang='lat' dir='ltr'><strong>ss·</strong></span> <span class='ocrx_word' id='word_1_265' title='bbox 191 3318 268 3362; x_wconf 66' lang='lat' dir='ltr'><strong>veinis</strong></span> <span class='ocrx_word' id='word_1_266' title='bbox 284 3316 388 3374; x_wconf 74' lang='lat' dir='ltr'><strong>gloriari</strong></span> <span class='ocrx_word' id='word_1_267' title='bbox 404 3315 452 3376; x_wconf 73' lang='lat' dir='ltr'><strong>egl.</strong></span> <span class='ocrx_word' id='word_1_268' title='bbox 468 3315 490 3359; x_wconf 88' lang='lat' dir='ltr'><strong>ss&#39;</strong></span> <span class='ocrx_word' id='word_1_269' title='bbox 506 3315 541 3359; x_wconf 85' lang='lat' dir='ltr'><strong>uis</strong></span> <span class='ocrx_word' id='word_1_270' title='bbox 556 3313 660 3372; x_wconf 60' lang='lat' dir='ltr'><strong>{lodari</strong></span> <span class='ocrx_word' id='word_1_271' title='bbox 676 3314 700 3359; x_wconf 89' lang='lat' dir='ltr'><strong>b.</strong></span> <span class='ocrx_word' id='word_1_272' title='bbox 717 3315 739 3358; x_wconf 87' lang='lat' dir='ltr'><strong>si</strong></span> <span class='ocrx_word' id='word_1_273' title='bbox 755 3314 823 3358; x_wconf 86' lang='lat' dir='ltr'><strong>vultis</strong></span> <span class='ocrx_word' id='word_1_274' title='bbox 839 3314 942 3372; x_wconf 76' lang='lat' dir='ltr'><strong>gloriari</strong></span> <span class='ocrx_word' id='word_1_275' title='bbox 957 3329 981 3361; x_wconf 89' lang='lat' dir='ltr'><strong>v.</strong></span> <span class='ocrx_word' id='word_1_276' title='bbox 1001 3339 1030 3356; x_wconf 83' lang='lat'><strong>.-</strong></span> <span class='ocrx_word' id='word_1_277' title='bbox 1052 3313 1144 3359; x_wconf 81' lang='lat' dir='ltr'><strong>Caesars&#39;</strong></span> <span class='ocrx_word' id='word_1_278' title='bbox 1160 3317 1209 3358; x_wconf 87' lang='lat' dir='ltr'><strong>tra·</strong></span> 
     </span>
     <span class='ocr_line' id='line_1_30' title="bbox 56 3392 1209 3460; baseline 0.004 -23"><span class='ocrx_word' id='word_1_279' title='bbox 56 3392 137 3441; x_wconf 81' lang='lat' dir='ltr'><strong>diturus</strong></span> <span class='ocrx_word' id='word_1_280' title='bbox 142 3398 218 3457; x_wconf 75' lang='lat' dir='ltr'><strong>fuisse</strong></span> <span class='ocrx_word' id='word_1_281' title='bbox 231 3400 253 3447; x_wconf 90' lang='lat' dir='ltr'><strong>b.</strong></span> <span class='ocrx_word' id='word_1_282' title='bbox 267 3399 376 3460; x_wconf 81' lang='lat' dir='ltr'><strong>Madvig.</strong></span> <span class='ocrx_word' id='word_1_283' title='bbox 387 3424 422 3436; x_wconf 90' lang='lat'>-</span> <span class='ocrx_word' id='word_1_284' title='bbox 432 3415 447 3445; x_wconf 89' lang='lat' dir='ltr'><strong>a</strong></span> <span class='ocrx_word' id='word_1_285' title='bbox 459 3395 602 3459; x_wconf 75' lang='lat' dir='ltr'><strong>quibusdam]</strong></span> <span class='ocrx_word' id='word_1_286' title='bbox 615 3412 654 3458; x_wconf 80' lang='lat' dir='ltr'><strong>eg.</strong></span> <span class='ocrx_word' id='word_1_287' title='bbox 665 3399 798 3456; x_wconf 82' lang='lat' dir='ltr'><strong>quibusdum</strong></span> <span class='ocrx_word' id='word_1_288' title='bbox 810 3397 858 3446; x_wconf 88' lang='lat' dir='ltr'><strong>lbv.</strong></span> <span class='ocrx_word' id='word_1_289' title='bbox 870 3423 904 3434; x_wconf 93' lang='lat'><em>-</em></span> <span class='ocrx_word' id='word_1_290' title='bbox 916 3400 1049 3446; x_wconf 80' lang='lat' dir='ltr'><strong>tradituros.</strong></span> <span class='ocrx_word' id='word_1_291' title='bbox 1066 3399 1164 3443; x_wconf 82' lang='lat' dir='ltr'><strong>Etiamsi</strong></span> <span class='ocrx_word' id='word_1_292' title='bbox 1175 3422 1185 3433; x_wconf 95' lang='lat'>·</span> <span class='ocrx_word' id='word_1_293' title='bbox 1198 3421 1209 3433; x_wconf 92' lang='lat'><strong>·</strong></span> 
     </span>
     <span class='ocr_line' id='line_1_31' title="bbox 59 3479 1209 3546; baseline -0.001 -18"><span class='ocrx_word' id='word_1_294' title='bbox 59 3479 116 3531; x_wconf 67' lang='lat' dir='ltr'><strong>‘&#39;lit,</strong></span> <span class='ocrx_word' id='word_1_295' title='bbox 131 3483 184 3546; x_wconf 80' lang='lat' dir='ltr'><strong>ego]</strong></span> <span class='ocrx_word' id='word_1_296' title='bbox 194 3483 302 3544; x_wconf 74' lang='lat' dir='ltr'><strong>Madvig.</strong></span> <span class='ocrx_word' id='word_1_297' title='bbox 312 3485 450 3537; x_wconf 79' lang='lat' dir='ltr'><strong>tradituros,</strong></span> <span class='ocrx_word' id='word_1_298' title='bbox 470 3484 560 3528; x_wconf 83' lang='lat' dir='ltr'><strong>etiamsi</strong></span> <span class='ocrx_word' id='word_1_299' title='bbox 571 3506 582 3517; x_wconf 94' lang='lat'><strong>·</strong></span> <span class='ocrx_word' id='word_1_300' title='bbox 593 3505 604 3517; x_wconf 94' lang='lat'><em>·</em></span> <span class='ocrx_word' id='word_1_301' title='bbox 616 3484 700 3529; x_wconf 84' lang='lat' dir='ltr'><strong>essetis.</strong></span> <span class='ocrx_word' id='word_1_302' title='bbox 735 3483 787 3543; x_wconf 75' lang='lat' dir='ltr'><strong>Ego</strong></span> <span class='ocrx_word' id='word_1_303' title='bbox 797 3482 869 3530; x_wconf 83' lang='lat' dir='ltr'><strong>Libri.</strong></span> <span class='ocrx_word' id='word_1_304' title='bbox 881 3498 902 3531; x_wconf 91' lang='lat' dir='ltr'><strong>v.</strong></span> <span class='ocrx_word' id='word_1_305' title='bbox 913 3508 945 3522; x_wconf 90' lang='lat'><strong>-·</strong></span> <span class='ocrx_word' id='word_1_306' title='bbox 954 3498 997 3542; x_wconf 73' lang='lat' dir='ltr'><strong>ego</strong></span> <span class='ocrx_word' id='word_1_307' title='bbox 1005 3481 1090 3545; x_wconf 70' lang='lat' dir='ltr'><strong>marea]</strong></span> <span class='ocrx_word' id='word_1_308' title='bbox 1101 3484 1148 3544; x_wconf 80' lang='lat' dir='ltr'><strong>egl.</strong></span> <span class='ocrx_word' id='word_1_309' title='bbox 1166 3496 1209 3542; x_wconf 81' lang='lat' dir='ltr'><strong>ego</strong></span> 
     </span>
     <span class='ocr_line' id='line_1_32' title="bbox 45 3562 700 3629; baseline -0.002 -16"><span class='ocrx_word' id='word_1_310' title='bbox 45 3562 99 3613; x_wconf 44' lang='lat' dir='ltr'><strong>itm</strong></span> <span class='ocrx_word' id='word_1_311' title='bbox 116 3563 138 3611; x_wconf 90' lang='lat' dir='ltr'><strong>b.</strong></span> <span class='ocrx_word' id='word_1_312' title='bbox 155 3583 198 3627; x_wconf 81' lang='lat' dir='ltr'><strong>ego</strong></span> <span class='ocrx_word' id='word_1_313' title='bbox 214 3573 288 3614; x_wconf 83' lang='lat' dir='ltr'><strong>autem</strong></span> <span class='ocrx_word' id='word_1_314' title='bbox 306 3584 329 3617; x_wconf 85' lang='lat' dir='ltr'><strong>v.</strong></span> <span class='ocrx_word' id='word_1_315' title='bbox 346 3592 380 3604; x_wconf 90' lang='lat'><em>-</em></span> <span class='ocrx_word' id='word_1_316' title='bbox 397 3566 507 3626; x_wconf 78' lang='lat' dir='ltr'><strong>confiteor</strong></span> <span class='ocrx_word' id='word_1_317' title='bbox 522 3567 571 3629; x_wconf 79' lang='lat' dir='ltr'><strong>glb.</strong></span> <span class='ocrx_word' id='word_1_318' title='bbox 590 3566 648 3628; x_wconf 88' lang='lat' dir='ltr'><strong>(oon</strong></span> <span class='ocrx_word' id='word_1_319' title='bbox 666 3565 700 3626; x_wconf 81' lang='lat' dir='ltr'><strong>e.)</strong></span> 
     </span>
    </p>
   </div>
   <div class='ocr_carea' id='block_1_4' title="bbox 61 3671 1210 4162">
    <p class='ocr_par' dir='ltr' id='par_1_5' title="bbox 61 3671 1210 4162">
     <span class='ocr_line' id='line_1_33' title="bbox 119 3671 1209 3745; baseline 0.001 -24"><span class='ocrx_word' id='word_1_320' title='bbox 119 3671 130 3734; x_wconf 70' lang='lat' dir='ltr'><strong>l</strong></span> <span class='ocrx_word' id='word_1_321' title='bbox 146 3676 188 3723; x_wconf 72' lang='lat'><strong>26.</strong></span> <span class='ocrx_word' id='word_1_322' title='bbox 208 3676 301 3738; x_wconf 82' lang='lat' dir='ltr'><strong>Caesar]</strong></span> <span class='ocrx_word' id='word_1_323' title='bbox 320 3677 367 3738; x_wconf 77' lang='lat' dir='ltr'><strong>egl.</strong></span> <span class='ocrx_word' id='word_1_324' title='bbox 388 3676 412 3723; x_wconf 83' lang='lat' dir='ltr'><strong>G.</strong></span> <span class='ocrx_word' id='word_1_325' title='bbox 433 3674 516 3722; x_wconf 74' lang='lat' dir='ltr'><strong>Caeam</strong></span> <span class='ocrx_word' id='word_1_326' title='bbox 533 3677 614 3724; x_wconf 92' lang='lat' dir='ltr'><strong>bv.-·</strong></span> <span class='ocrx_word' id='word_1_327' title='bbox 626 3678 673 3722; x_wconf 82' lang='lat' dir='ltr'><strong>oiri</strong></span> <span class='ocrx_word' id='word_1_328' title='bbox 687 3675 811 3745; x_wconf 66' lang='lat' dir='ltr'><strong>Tuberonis</strong></span> <span class='ocrx_word' id='word_1_329' title='bbox 827 3678 860 3738; x_wconf 76' lang='lat' dir='ltr'><strong>gl.</strong></span> <span class='ocrx_word' id='word_1_330' title='bbox 894 3675 922 3721; x_wconf 89' lang='lat' dir='ltr'><strong>ln</strong></span> <span class='ocrx_word' id='word_1_331' title='bbox 936 3692 958 3724; x_wconf 78' lang='lat' dir='ltr'><strong>a.</strong></span> <span class='ocrx_word' id='word_1_332' title='bbox 970 3692 1009 3725; x_wconf 88' lang='lat' dir='ltr'><strong>vv.</strong></span> <span class='ocrx_word' id='word_1_333' title='bbox 1022 3677 1110 3724; x_wconf 80' lang='lat' dir='ltr'><strong>omissa</strong></span> <span class='ocrx_word' id='word_1_334' title='bbox 1122 3678 1169 3723; x_wconf 81' lang='lat' dir='ltr'><strong>oiri</strong></span> <span class='ocrx_word' id='word_1_335' title='bbox 1180 3677 1209 3723; x_wconf 86' lang='lat' dir='ltr'><strong>L.</strong></span> 
     </span>
     <span class='ocr_line' id='line_1_34' title="bbox 61 3758 1210 3822; baseline 0.003 -22"><span class='ocrx_word' id='word_1_336' title='bbox 61 3765 166 3812; x_wconf 74' lang='lat' dir='ltr'><strong>wperscr.</strong></span> <span class='ocrx_word' id='word_1_337' title='bbox 183 3786 216 3800; x_wconf 88' lang='lat'><strong>-·</strong></span> <span class='ocrx_word' id='word_1_338' title='bbox 230 3762 353 3820; x_wconf 80' lang='lat' dir='ltr'><strong>probarim</strong></span> <span class='ocrx_word' id='word_1_339' title='bbox 371 3761 401 3807; x_wconf 87' lang='lat' dir='ltr'><strong>el.</strong></span> <span class='ocrx_word' id='word_1_340' title='bbox 420 3760 479 3821; x_wconf 90' lang='lat' dir='ltr'><strong>(uon</strong></span> <span class='ocrx_word' id='word_1_341' title='bbox 497 3758 549 3822; x_wconf 70' lang='lat' dir='ltr'><strong>gb.)</strong></span> <span class='ocrx_word' id='word_1_342' title='bbox 560 3787 590 3798; x_wconf 93' lang='lat'><em>-</em></span> <span class='ocrx_word' id='word_1_343' title='bbox 601 3774 692 3819; x_wconf 83' lang='lat' dir='ltr'><strong>possem</strong></span> <span class='ocrx_word' id='word_1_344' title='bbox 710 3758 733 3805; x_wconf 91' lang='lat' dir='ltr'><strong>b.</strong></span> <span class='ocrx_word' id='word_1_345' title='bbox 746 3785 777 3798; x_wconf 92' lang='lat'><em>-</em></span> <span class='ocrx_word' id='word_1_346' title='bbox 795 3764 888 3820; x_wconf 83' lang='lat' dir='ltr'><strong>quisque</strong></span> <span class='ocrx_word' id='word_1_347' title='bbox 904 3760 965 3805; x_wconf 84' lang='lat' dir='ltr'><strong>istud</strong></span> <span class='ocrx_word' id='word_1_348' title='bbox 982 3776 1004 3807; x_wconf 88' lang='lat' dir='ltr'><strong>e.</strong></span> <span class='ocrx_word' id='word_1_349' title='bbox 1020 3761 1081 3821; x_wconf 90' lang='lat' dir='ltr'><strong>(non</strong></span> <span class='ocrx_word' id='word_1_350' title='bbox 1098 3758 1159 3820; x_wconf 75' lang='lat' dir='ltr'><strong>glb.)</strong></span> <span class='ocrx_word' id='word_1_351' title='bbox 1176 3783 1210 3797; x_wconf 89' lang='lat'>-</span> 
     </span>
     <span class='ocr_line' id='line_1_35' title="bbox 62 3841 1209 3906; baseline 0.003 -23"><span class='ocrx_word' id='word_1_352' title='bbox 62 3842 161 3896; x_wconf 68' lang='lat' dir='ltr'><strong>«quibus</strong></span> <span class='ocrx_word' id='word_1_353' title='bbox 179 3847 286 3906; x_wconf 80' lang='lat' dir='ltr'><strong>partibus</strong></span> <span class='ocrx_word' id='word_1_354' title='bbox 303 3846 365 3906; x_wconf 82' lang='lat' dir='ltr'><strong>eglb.</strong></span> <span class='ocrx_word' id='word_1_355' title='bbox 400 3846 506 3906; x_wconf 84' lang='lat' dir='ltr'><strong>(Nostra</strong></span> <span class='ocrx_word' id='word_1_356' title='bbox 524 3845 597 3893; x_wconf 86' lang='lat' dir='ltr'><strong>lectio</strong></span> <span class='ocrx_word' id='word_1_357' title='bbox 615 3851 650 3892; x_wconf 87' lang='lat' dir='ltr'><strong>est</strong></span> <span class='ocrx_word' id='word_1_358' title='bbox 673 3845 697 3891; x_wconf 88' lang='lat' dir='ltr'><strong>iu</strong></span> <span class='ocrx_word' id='word_1_359' title='bbox 721 3845 812 3891; x_wconf 77' lang='lat' dir='ltr'><strong>Palatt.</strong></span> <span class='ocrx_word' id='word_1_360' title='bbox 835 3843 936 3902; x_wconf 82' lang='lat' dir='ltr'><strong>Coton.)</strong></span> <span class='ocrx_word' id='word_1_361' title='bbox 953 3870 985 3882; x_wconf 90' lang='lat'><em>-</em></span> <span class='ocrx_word' id='word_1_362' title='bbox 1003 3849 1059 3890; x_wconf 82' lang='lat' dir='ltr'><strong>esset</strong></span> <span class='ocrx_word' id='word_1_363' title='bbox 1074 3841 1153 3901; x_wconf 79' lang='lat' dir='ltr'><strong>etiarn]</strong></span> <span class='ocrx_word' id='word_1_364' title='bbox 1170 3856 1209 3902; x_wconf 78' lang='lat' dir='ltr'><strong>eg.</strong></span> 
     </span>
     <span class='ocr_line' id='line_1_36' title="bbox 64 3926 1208 3990; baseline -0.006 -13"><span class='ocrx_word' id='word_1_365' title='bbox 64 3928 150 3984; x_wconf 58' lang='lat' dir='ltr'><strong>²⁸¹³!qu</strong></span> <span class='ocrx_word' id='word_1_366' title='bbox 166 3934 232 3977; x_wconf 83' lang='lat' dir='ltr'><strong>etium</strong></span> <span class='ocrx_word' id='word_1_367' title='bbox 249 3931 297 3979; x_wconf 88' lang='lat' dir='ltr'><strong>lbv.</strong></span> <span class='ocrx_word' id='word_1_368' title='bbox 315 3953 348 3967; x_wconf 90' lang='lat'>-</span> <span class='ocrx_word' id='word_1_369' title='bbox 363 3932 444 3976; x_wconf 84' lang='lat' dir='ltr'><strong>eiectus</strong></span> <span class='ocrx_word' id='word_1_370' title='bbox 455 3930 483 3976; x_wconf 81' lang='lat' dir='ltr'><strong>b.</strong></span> <span class='ocrx_word' id='word_1_371' title='bbox 494 3956 528 3967; x_wconf 96' lang='lat'>-</span> <span class='ocrx_word' id='word_1_372' title='bbox 539 3945 577 3976; x_wconf 86' lang='lat' dir='ltr'><strong>eos</strong></span> <span class='ocrx_word' id='word_1_373' title='bbox 597 3933 659 3988; x_wconf 84' lang='lat' dir='ltr'><strong>ipsos</strong></span> <span class='ocrx_word' id='word_1_374' title='bbox 680 3944 799 3990; x_wconf 85' lang='lat' dir='ltr'><strong>superscr.</strong></span> <span class='ocrx_word' id='word_1_375' title='bbox 819 3943 858 3974; x_wconf 84' lang='lat' dir='ltr'><strong>sss</strong></span> <span class='ocrx_word' id='word_1_376' title='bbox 874 3932 936 3987; x_wconf 85' lang='lat' dir='ltr'><strong>ipsas</strong></span> <span class='ocrx_word' id='word_1_377' title='bbox 958 3944 980 3975; x_wconf 85' lang='lat' dir='ltr'><strong>e.</strong></span> <span class='ocrx_word' id='word_1_378' title='bbox 997 3955 1030 3968; x_wconf 93' lang='lat'><em>-</em></span> <span class='ocrx_word' id='word_1_379' title='bbox 1047 3941 1085 3974; x_wconf 76' lang='lat' dir='ltr'><strong>aas</strong></span> <span class='ocrx_word' id='word_1_380' title='bbox 1105 3930 1168 3985; x_wconf 83' lang='lat' dir='ltr'><strong>ipsas</strong></span> <span class='ocrx_word' id='word_1_381' title='bbox 1185 3926 1208 3971; x_wconf 95' lang='lat' dir='ltr'><strong>b.</strong></span> 
     </span>
     <span class='ocr_line' id='line_1_37' title="bbox 64 4000 1208 4078; baseline -0.003 -20"><span class='ocrx_word' id='word_1_382' title='bbox 64 4000 176 4061; x_wconf 76' lang='lat' dir='ltr'><strong>lFirmunt</strong></span> <span class='ocrx_word' id='word_1_383' title='bbox 198 4031 270 4063; x_wconf 86' lang='lat' dir='ltr'><strong>masc.</strong></span> <span class='ocrx_word' id='word_1_384' title='bbox 293 4015 338 4078; x_wconf 78' lang='lat' dir='ltr'><strong>gl.)</strong></span> <span class='ocrx_word' id='word_1_385' title='bbox 361 4042 395 4054; x_wconf 90' lang='lat'>-</span> <span class='ocrx_word' id='word_1_386' title='bbox 417 4018 547 4075; x_wconf 81' lang='lat' dir='ltr'><strong>cuiusquam</strong></span> <span class='ocrx_word' id='word_1_387' title='bbox 571 4016 593 4062; x_wconf 91' lang='lat' dir='ltr'><strong>b.</strong></span> <span class='ocrx_word' id='word_1_388' title='bbox 612 4039 646 4051; x_wconf 91' lang='lat'>-</span> <span class='ocrx_word' id='word_1_389' title='bbox 665 4016 725 4069; x_wconf 86' lang='lat' dir='ltr'><strong>uiri,</strong></span> <span class='ocrx_word' id='word_1_390' title='bbox 748 4011 823 4073; x_wconf 83' lang='lat' dir='ltr'><strong>quem]</strong></span> <span class='ocrx_word' id='word_1_391' title='bbox 840 4012 903 4072; x_wconf 74' lang='lat' dir='ltr'><strong>eglb.</strong></span> <span class='ocrx_word' id='word_1_392' title='bbox 922 4027 943 4059; x_wconf 84' lang='lat' dir='ltr'><strong>a.</strong></span> <span class='ocrx_word' id='word_1_393' title='bbox 961 4018 1033 4065; x_wconf 82' lang='lat' dir='ltr'><strong>esset,</strong></span> <span class='ocrx_word' id='word_1_394' title='bbox 1056 4025 1078 4070; x_wconf 82' lang='lat' dir='ltr'><strong>q.</strong></span> <span class='ocrx_word' id='word_1_395' title='bbox 1102 4023 1124 4055; x_wconf 85' lang='lat' dir='ltr'><strong>v.</strong></span> <span class='ocrx_word' id='word_1_396' title='bbox 1143 4007 1208 4055; x_wconf 83' lang='lat' dir='ltr'><strong>Puto</strong></span> 
     </span>
     <span class='ocr_line' id='line_1_38' title="bbox 67 4085 674 4162; baseline 0.002 -18"><span class='ocrx_word' id='word_1_397' title='bbox 67 4085 128 4140; x_wconf 70' lang='lat' dir='ltr'><strong>lllsste</strong></span> <span class='ocrx_word' id='word_1_398' title='bbox 143 4100 187 4146; x_wconf 83' lang='lat' dir='ltr'><strong>sius</strong></span> <span class='ocrx_word' id='word_1_399' title='bbox 203 4106 235 4146; x_wconf 85' lang='lat' dir='ltr'><strong>est</strong></span> <span class='ocrx_word' id='word_1_400' title='bbox 251 4103 305 4148; x_wconf 82' lang='lat' dir='ltr'><strong>uiri.</strong></span> <span class='ocrx_word' id='word_1_401' title='bbox 321 4126 355 4139; x_wconf 92' lang='lat'><strong>·-</strong></span> <span class='ocrx_word' id='word_1_402' title='bbox 371 4099 460 4162; x_wconf 83' lang='lat' dir='ltr'><strong>possit]</strong></span> <span class='ocrx_word' id='word_1_403' title='bbox 479 4114 517 4161; x_wconf 78' lang='lat' dir='ltr'><strong>eg.</strong></span> <span class='ocrx_word' id='word_1_404' title='bbox 532 4105 609 4159; x_wconf 82' lang='lat' dir='ltr'><strong>posset</strong></span> <span class='ocrx_word' id='word_1_405' title='bbox 625 4100 674 4147; x_wconf 87' lang='lat' dir='ltr'><strong>lbv.</strong></span> 
     </span>
    </p>
   </div>
   <div class='ocr_carea' id='block_1_5' title="bbox 65 4202 1210 4442">
    <p class='ocr_par' dir='ltr' id='par_1_6' title="bbox 65 4202 1210 4442">
     <span class='ocr_line' id='line_1_39' title="bbox 75 4202 1208 4267; baseline -0.007 -14"><span class='ocrx_word' id='word_1_406' title='bbox 75 4232 78 4235; x_wconf 21' lang='grc' dir='ltr'><strong>Δ</strong></span> <span class='ocrx_word' id='word_1_407' title='bbox 124 4202 190 4264; x_wconf 66' lang='lat' dir='ltr'><strong>lbi.</strong></span> <span class='ocrx_word' id='word_1_408' title='bbox 212 4211 265 4257; x_wconf 92' lang='lat' dir='ltr'><strong>Orn.</strong></span> <span class='ocrx_word' id='word_1_409' title='bbox 288 4212 361 4255; x_wconf 81' lang='lat' dir='ltr'><strong>bonos</strong></span> <span class='ocrx_word' id='word_1_410' title='bbox 383 4210 406 4256; x_wconf 91' lang='lat' dir='ltr'><strong>b.</strong></span> <span class='ocrx_word' id='word_1_411' title='bbox 424 4232 459 4245; x_wconf 91' lang='lat'><em>-</em></span> <span class='ocrx_word' id='word_1_412' title='bbox 480 4210 629 4267; x_wconf 77' lang='lat' dir='ltr'><strong>praecipuum</strong></span> <span class='ocrx_word' id='word_1_413' title='bbox 653 4206 789 4267; x_wconf 58' lang='grc' dir='ltr'><strong>Μενοικέα]</strong></span> <span class='ocrx_word' id='word_1_414' title='bbox 813 4206 901 4253; x_wconf 79' lang='lat' dir='ltr'><strong>Color.</strong></span> <span class='ocrx_word' id='word_1_415' title='bbox 920 4205 1069 4263; x_wconf 79' lang='lat' dir='ltr'><strong>praecipuum</strong></span> <span class='ocrx_word' id='word_1_416' title='bbox 1091 4214 1208 4261; x_wconf 83' lang='lat' dir='ltr'><strong>superscr.</strong></span> 
     </span>
     <span class='ocr_line' id='line_1_40' title="bbox 65 4278 1210 4353; baseline -0.01 -11"><span class='ocrx_word' id='word_1_417' title='bbox 65 4278 107 4335; x_wconf 57' lang='grc' dir='ltr'><em>Μ</em></span> <span class='ocrx_word' id='word_1_418' title='bbox 121 4289 148 4335; x_wconf 68' lang='lat' dir='ltr'><strong>tl·</strong></span> <span class='ocrx_word' id='word_1_419' title='bbox 162 4299 309 4353; x_wconf 80' lang='lat' dir='ltr'><strong>praeeipuam</strong></span> <span class='ocrx_word' id='word_1_420' title='bbox 327 4294 452 4341; x_wconf 75' lang='lat' dir='ltr'><strong>tuberonis</strong></span> <span class='ocrx_word' id='word_1_421' title='bbox 463 4292 514 4352; x_wconf 84' lang='lat' dir='ltr'><strong>suit</strong></span> <span class='ocrx_word' id='word_1_422' title='bbox 530 4293 585 4353; x_wconf 78' lang='lat' dir='ltr'><strong>gbv.</strong></span> <span class='ocrx_word' id='word_1_423' title='bbox 598 4316 632 4329; x_wconf 95' lang='lat'>-</span> <span class='ocrx_word' id='word_1_424' title='bbox 646 4293 759 4339; x_wconf 78' lang='lat' dir='ltr'><strong>Tuberoni</strong></span> <span class='ocrx_word' id='word_1_425' title='bbox 776 4305 820 4350; x_wconf 87' lang='lat' dir='ltr'><strong>per</strong></span> <span class='ocrx_word' id='word_1_426' title='bbox 835 4304 943 4336; x_wconf 83' lang='lat' dir='ltr'><strong>rasuram</strong></span> <span class='ocrx_word' id='word_1_427' title='bbox 959 4291 975 4335; x_wconf 88' lang='lat' dir='ltr'><strong>l.</strong></span> <span class='ocrx_word' id='word_1_428' title='bbox 993 4288 1005 4349; x_wconf 97' lang='lat'>(</span> <span class='ocrx_word' id='word_1_429' title='bbox 1013 4287 1126 4333; x_wconf 66' lang='lat' dir='ltr'><strong>tbberoas&#39;</strong></span> <span class='ocrx_word' id='word_1_430' title='bbox 1137 4283 1210 4332; x_wconf 84' lang='lat' dir='ltr'><strong>etiarn</strong></span> 
     </span>
     <span class='ocr_line' id='line_1_41' title="bbox 70 4361 1209 4442; baseline -0.003 -25"><span class='ocrx_word' id='word_1_431' title='bbox 70 4361 158 4436; x_wconf 84' lang='lat' dir='ltr'><strong>Coton.)</strong></span> <span class='ocrx_word' id='word_1_432' title='bbox 175 4400 203 4420; x_wconf 65' lang='grc' dir='ltr'><strong>σ-</strong></span> <span class='ocrx_word' id='word_1_433' title='bbox 223 4382 247 4425; x_wconf 84' lang='lat' dir='ltr'><strong>ia</strong></span> <span class='ocrx_word' id='word_1_434' title='bbox 264 4378 376 4442; x_wconf 82' lang='lat' dir='ltr'><strong>aliquem]</strong></span> <span class='ocrx_word' id='word_1_435' title='bbox 394 4381 425 4426; x_wconf 85' lang='lat' dir='ltr'><strong>el.</strong></span> <span class='ocrx_word' id='word_1_436' title='bbox 443 4380 545 4439; x_wconf 82' lang='lat' dir='ltr'><strong>aliquam</strong></span> <span class='ocrx_word' id='word_1_437' title='bbox 562 4379 588 4423; x_wconf 77' lang='lat' dir='ltr'><strong>is</strong></span> <span class='ocrx_word' id='word_1_438' title='bbox 603 4377 660 4437; x_wconf 76' lang='lat' dir='ltr'><strong>gbv.</strong></span> <span class='ocrx_word' id='word_1_439' title='bbox 677 4401 709 4416; x_wconf 88' lang='lat'><em>-</em></span> <span class='ocrx_word' id='word_1_440' title='bbox 727 4388 817 4435; x_wconf 77' lang='lat' dir='ltr'><strong>causum</strong></span> <span class='ocrx_word' id='word_1_441' title='bbox 833 4389 883 4420; x_wconf 77' lang='lat' dir='ltr'><strong>ears</strong></span> <span class='ocrx_word' id='word_1_442' title='bbox 900 4375 916 4420; x_wconf 93' lang='grc'><strong>1.</strong></span> <span class='ocrx_word' id='word_1_443' title='bbox 932 4397 966 4410; x_wconf 90' lang='grc'><strong>-</strong></span> <span class='ocrx_word' id='word_1_444' title='bbox 982 4376 1067 4418; x_wconf 80' lang='lat' dir='ltr'><strong>secutus</strong></span> <span class='ocrx_word' id='word_1_445' title='bbox 1091 4375 1142 4416; x_wconf 84' lang='lat' dir='ltr'><strong>erat</strong></span> <span class='ocrx_word' id='word_1_446' title='bbox 1162 4371 1209 4430; x_wconf 75' lang='lat' dir='ltr'><strong>egl.</strong></span> 
     </span>
    </p>
   </div>
   <div class='ocr_carea' id='block_1_6' title="bbox 0 0 1459 4759">
    <p class='ocr_par' dir='ltr' id='par_1_7' title="bbox 0 0 1459 4759">
     <span class='ocr_line' id='line_1_42' title="bbox 0 0 1459 4759; baseline 0 0"><span class='ocrx_word' id='word_1_447' title='bbox 0 0 1459 4759; x_wconf 95' lang='lat' dir='ltr'><strong> </strong></span> 
     </span>
    </p>
   </div>
  </div>
 </body>
</html>
