2850 4759
146 318 151 325 ·
248 274 419 346 ORATlO
442 274 1029 357 rtttttrrtcart.,0.rsetts.·
1162 274 1222 341 ttt

21 432 258 516 praeclarum
289 443 342 498 est
367 442 466 514 atque
494 432 664 510 (livinum,
684 426 765 501 ⁸turn
794 434 986 515 expositum
1015 433 1055 500 ad
1088 434 1222 500 imitan-

21 537 140 614 dnnu
175 535 373 618 praesertim
397 556 474 600 cunr
498 533 544 599 illi
566 554 640 601 eam
665 532 809 614 gloriam
831 534 1005 601 'consecuti
1030 535 1114 611 sint,
1136 554 1221 614 qliae

21 638 85 702 rix
118 635 224 702 caelo
250 636 324 716 capi
348 654 450 717 posse
481 634 642 701 rideatur.
686 636 760 702 Etsi
782 635 870 701 enirn
892 637 975 702 satis
993 636 1026 701 in
1048 637 1119 717 ipsa
1140 654 1221 700 con·
1259 682 1261 685 ψ

21 738 184 804 scicntia
203 735 421 819 pulcherrimi
440 737 519 801 lacti
538 734 670 801 intactus
689 747 780 813 erat,
796 749 907 802 tamen
928 733 1063 802 mortali
1082 735 1222 801 immor·
1302 730 1308 747 ⁴

22 837 208 904 talitatem
234 861 301 904 non
330 837 478 904 arbitror
502 857 578 903 csse
602 836 901 903 contemnendam.
1154 837 1156 839 ’

110 941 238 1003 XLV.
280 938 475 1005 Recordare
497 939 601 1018 igitur
622 937 735 1024 illurn,
764 939 815 1006 M.
836 938 981 1017 Antoni,
1013 937 1123 1015 diem,
1154 932 1283 1022 qnoll5

24 1038 247 1106 dictaturam
283 1037 472 1118 sustulisti,
509 1058 597 1121 pone
628 1052 706 1105 ante
736 1038 856 1107 oculos
887 1039 1048 1106 laetitiam
1084 1050 1223 1109 senatus

24 1139 225 1222 poptrlique
257 1140 419 1217 Romani,
450 1142 569 1207 confer
595 1162 675 1207 eum
702 1138 767 1205 hae
794 1138 1037 1206 nundinatione
1062 1151 1120 1207 tna
1144 1152 1223 1207 tno·

26 1260 216 1323 rumquea
237 1251 309 1306 turn
334 1239 522 1325 intelliges,
557 1251 720 1325 quantum
750 1241 837 1307 inter
863 1238 999 1307 lotidem
1029 1253 1063 1309 et
1087 1240 1222 1312 lucrum

27 1342 187 1409 intersit.
229 1340 295 1408 Sed
322 1343 505 1420 nimirum,
535 1354 573 1409 ut
598 1341 734 1425 quidam
761 1341 880 1407 morbo
907 1339 1018 1421 aliquo
1043 1352 1079 1407 et
1102 1360 1222 1409 sensus

29 1453 185 1522 stupore
212 1442 416 1509 suavitatem
441 1443 506 1509 cibi
529 1465 599 1509 non
630 1443 801 1520 sentinata
827 1441 877 1508 sio
901 1438 1088 1517 libidinosi,
1116 1432 1223 1517 avari,

31 1542 230 1609 facinorosi
262 1560 362 1610 verae
390 1542 500 1611 landis
532 1554 709 1623 gustatum
739 1562 807 1609 non
839 1537 974 1612 habent.
1013 1541 1097 1628 Sed,
1132 1542 1223 1609 si‘tc
1260 1589 1263 1594 -

32 1641 109 1710 lans
137 1641 278 1713 allicere
303 1643 345 1709 ad
367 1656 460 1711 recte
485 1643 677 1711 faciendum
699 1665 768 1717 non
791 1648 925 1727 potest,
951 1661 993 1707 ne
1018 1653 1130 1709 metus
1150 1645 1224 1725 qui-

35 1744 114 1811 dem
146 1765 167 1811 a
194 1743 400 1813 foedissimis
429 1746 529 1813 factis
553 1757 669 1827 potest
695 1744 866 1810 avocare?
906 1741 1036 1809 Iudicia
1059 1763 1127 1810 non
1152 1762 1225 1810 me·

36 1846 115 1913 tuis.
158 1845 194 1912 Si
218 1857 360 1927 propter
382 1846 630 1921 innocentiam,
652 1843 771 1912 laudo:
803 1844 856 1910 sin
880 1854 1022 1926 propter
1045 1844 1133 1922 virn,
1154 1865 1225 1910 non

37 1945 220 2033 intelligis,
254 1947 309 2028 qui
331 1948 396 2013 isto
418 1946 520 2014 modo
541 1945 663 2013 iudicia
688 1967 756 2011 non
780 1945 914 2027 timeat,
950 1945 979 2009 ei
1001 1943 1082 2027 quid
1105 1945 1226 2009 timen-

38 2044 118 2117 dum
141 2049 211 2115 sit?
245 2046 356 2138 *Quod
373 2049 401 2114 si
419 2070 487 2115 non
506 2049 629 2113 metuis
647 2046 739 2112 viros
754 2045 863 2112 fortes
881 2044 1102 2124 egregiosque
1119 2040 1285 2125 cluentio

41 2148 173 2229 quoda
198 2169 342 2231 corporo
368 2160 427 2217 tuo
453 2147 674 2230 probibentur
699 2148 823 2230 armis,
856 2144 904 2210 tui
929 2143 1084 2230 te,n1ilri
1107 2142 1222 2218 crede,

41 2249 169 2318 diutius
196 2273 264 2316 non
292 2249 415 2316 ferent.
469 2249 567 2340 Quae
602 2259 653 2314 est
686 2240 800 2313 autem
833 2247 901 2311 rita
932 2242 1003 2312 dies
1038 2256 1072 2311 et
1103 2255 1222 2310 noctes

43 2351 163 2418 timere
183 2371 202 2416 a
221 2351 315 2443 suis?
337 2351 410 2417 Nisi
435 2370 516 2417 vero
538 2362 603 2415 aut·
619 2339 803 2416 maioribus
824 2347 928 2413 babes
948 2345 1118 2437 beneficiis
1140 2342 1224 2410 obli-

41 2463 160 2530 gatos,
184 2474 284 2535 quam
315 2450 370 2516 ille
390 2449 556 2534 quosdam
579 2450 694 2516 babuit
716 2449 838 2527 exiis,
858 2467 878 2514 a
900 2447 1020 2529 quibus
1043 2456 1095 2512 est
1119 2446 1223 2510 inter·

44 2550 194 2632 fectum.
216 2565 275 2619 ant
306 2565 342 2619 tn
376 2574 412 2621 es
446 2551 513 2619 nlla
543 2573 579 2619 rc
610 2574 688 2618 curn
717 2572 758 2618 eo
789 2547 1051 2632 comparandus.
1091 2547 1166 2639 Fuit
1188 2545 1223 2612 in

44 2649 98 2719 illo
112 2650 308 2734 ingenium,
332 2657 438 2734 ratio,
461 2654 646 2728 memoria,
668 2650 818 2725 litterae,
834 2671 933 2728 cura,
953 2649 1133 2729 cogitatio,
1150 2646 1223 2714 dili·

46 2756 175 2834 genua,
196 2777 249 2822 res
274 2754 360 2821 bello
386 2768 538 2836 gesserat
562 2754 718 2838 quamvis
744 2753 790 2819 rei
814 2752 969 2834 publicae
994 2750 1223 2827 calamitosas,

47 2866 194 2924 attamen
221 2876 385 2934 magnas3
415 2858 541 2924 multos
571 2878 675 2925 annos
700 2875 844 2934 regnare
866 2852 1065 2929 meditatus,
1098 2874 1222 2931 magno

49 2947 182 3032 labore,
208 2955 322 3023 rnultIs
347 2958 525 3039 periculis,
547 2956 638 3039 quod
659 2958 843 3035 cogitarat,
865 2955 1044 3031 effecerat,
1075 2953 1224 3018 muneri·

48 3048 125 3132 bus,
150 3059 399 3135 monumentis,
429 3054 629 3138 congiariis,
658 3055 783 3140 epulis,
814 3052 1065 3122 multitudinem
1085 3053 1223 3135 imperi·

50 3158 112 3217 tarn
127 3153 337 3224 delenieratz
360 3179 443 3226 suos
464 3160 642 3241 praemiis,
665 3158 880 3225 adversarios
895 3155 1095 3222 clementiae
1110 3154 1224 3235 specie

49 3248 254 3324 devinxerat.
298 3257 390 3348 Quid
412 3257 542 3327 multa?
563 3257 736 3326 Attulerat
759 3260 824 3325 iam
851 3257 976 3324 liberae
998 3255 1126 3323 civitati
1147 3274 1223 3336 par·

50 3349 104 3417 tim
132 3371 245 3433 metu,
268 3361 390 3440 partim
421 3360 581 3441 patientia
610 3359 893 3426 consuetudinem
922 3354 1103 3423 serviendi.

121 3458 254 3552 XLVI.
297 3460 382 3525 Cum
409 3460 465 3528 illo
493 3473 616 3541 egote
636 3459 831 3526 dominandi
861 3457 1046 3540 eupiditate
1066 3454 1285 3522 conferretti
1343 3526 1346 3533 ,

53 3567 208 3635 possum,
244 3562 366 3626 ceteris
390 3581 476 3637 ,vero
504 3563 605 3627 rebus
635 3559 729 3628 nullo
765 3559 868 3628 modo
895 3557 1146 3639 coropararnlns
1176 3577 1226 3624 es.

52 3648 112 3716 Sed
133 3675 177 3722 ex
198 3656 352 3739 plurimis
375 3660 490 3738 malis,
511 3683 598 3743 quae
619 3664 660 3730 ab
682 3661 739 3729 illo
761 3662 809 3728 rei
831 3658 985 3745 publicae
1003 3671 1083 3726 sunt
1099 3661 1224 3734 inusta,

54 3742 113 3814 hoe
141 3766 253 3823 tamen
283 3760 361 3826 boni
389 3773 465 3842 est,
500 3763 592 3843 quod
621 3763 736 3831 didicit
763 3764 830 3828 iam
859 3759 1006 3842 populus
1036 3761 1222 3831 Romanus,

55 3865 209 3924 nuantmn
232 3859 353 3953 cuique
376 3861 551 3937 crederet,
574 3864 695 3946 quibus
709 3862 758 3953 ,se
779 3863 1028 3938 committeret,
1061 3858 1221 3941 aquibus
1265 3898 1267 3900 -

55 3963 194 4027 caveret.
234 3958 327 4026 Haeo
354 3983 424 4029 non
448 3964 603 4044 cogitas?
636 3984 700 4032 neo
724 3962 902 4044 intelligis,
936 3963 1018 4035 satia
1042 3978 1117 4027 ⁶⁸80
1141 3957 1220 4022 Villi

57 4083 240 4113 N·-

115 4189 126 4250 l
145 4197 200 4243 115.
219 4214 270 4244 oum
291 4202 335 4247 bac
359 4203 534 4264 nundinatione]
559 4206 643 4252 bamb.
667 4206 692 4253 in
710 4221 788 4264 marg.
807 4203 924 4263 Repetitt.
943 4200 1051 4258 Madvig.
1070 4211 1120 4242 oum
1137 4197 1180 4241 bne
1198 4199 1223 4240 ira
1274 4252 1279 4262 ·

59 4275 222 4325 maurataneae
239 4281 320 4329 Vatic.
339 4297 390 4330 cnm
406 4287 449 4330 buc
467 4288 563 4331 immani
580 4291 744 4341 nundinatione
762 4287 793 4334 Δ.
811 4284 966 4344 Augustinus.
991 4282 1021 4326 O·
