2850 4759
316 897 1015 1060 nnnnnnnrm'

548 1259 741 1274 ’.ι-α*

54 1492 153 1595 Cum
167 1525 202 1594 in
213 1525 395 1602 similibus,
403 1526 608 1598 selectarum
619 1527 802 1630 Ciceronis
811 1530 1010 1602 orationum
1023 1547 1229 1621 συναγωγαῖς

53 1650 247 1745 praeteritae
274 1649 344 1718 sint
361 1650 524 1721 Verrinae
548 1671 601 1737 et,
629 1652 658 1721 si
678 1653 849 1751 excipiam
868 1655 1033 1752 Madvigii
1042 1658 1088 1757 ²5³)
1108 1687 1228 1731 curam

52 1789 275 1866 praestantem
291 1768 388 1837 illam
405 1768 565 1865 quidem,
590 1770 653 1840 sed
671 1772 770 1841 onmi
787 1773 1020 1869 explicatione
1034 1797 1227 1864 carentem,
1274 1849 1281 1860 ,

16 1893 17 1898 ’
52 1886 277 1986 Philippicae,
303 1888 407 1957 simul
425 1914 554 1960 novam
571 1889 733 1990 omnium
746 1892 854 1961 Tullii
870 1892 1084 1991 scriptorum
1096 1897 1229 1965 ἔκδοσιν

52 2003 140 2076 lente
159 2027 440 2105 praeparaturus,
477 2007 652 2079 eiusmodi
677 2034 808 2108 corpus
832 2010 869 2080 in
894 2038 999 2081 usum
1024 2017 1229 2111 praesertim
1251 2053 1255 2060 ·
1328 2062 1332 2069 ·

52 2125 241 2200 Turicensis
264 2127 404 2198 scholae
423 2148 533 2224 atque
557 2127 766 2226 Academiae
791 2130 897 2202 edere
919 2132 1034 2209 statui,
1086 2136 1228 2210 Brevior

54 2247 205 2349 consulto
234 2247 304 2332 fui,
346 2273 419 2343 quo
448 2267 484 2350 et
512 2249 631 2345 plures
661 2248 838 2320 orationes
869 2251 1014 2322 modico
1046 2253 1226 2327 volumine
1324 2255 1329 2271 '

54 2365 505 2462 comprehenderentur-nec
518 2366 687 2461 magistris
700 2391 756 2447 ea,
772 2394 861 2462 quae
871 2368 948 2440 viva
958 2394 1046 2440 voce
1058 2369 1229 2446 tradenda

53 2503 138 2563 sunt,
164 2485 406 2558 commentarii
415 2486 676 2587 praeciperent,
698 2484 875 2560 auditores
887 2505 1002 2557 tamen
1013 2515 1119 2560 manu
1128 2491 1228 2587 quasi

53 2600 254 2674 ducerentur
278 2605 323 2674 ad
350 2625 445 2676 recte
475 2605 715 2701 intelligendas
742 2632 795 2677 res
813 2601 980 2680 'historici
1003 2609 1228 2707 potissimum

53 2724 244 2824 argumenti.
297 2731 338 2794 In
366 2724 509 2822 singulis
541 2746 659 2798 autem
687 2726 903 2799 orationibus
932 2729 1066 2801 diversa
1099 2729 1155 2802 via
1186 2756 1226 2804 ac

52 2842 176 2938 ratione
210 2849 319 2935 κρίσιν
342 2844 512 2932 adhibui,
537 2867 596 2923 -ut
629 2847 795 2920 iubebant
828 2847 994 2933 subsidia,
1036 2849 1163 2943 quibus
1189 2849 1227 2929 iu

54 2989 180 3062 quaque
200 2988 243 3037 ut
263 2946 397 3065 primus
420 2986 555 3051 uterer,
578 2947 739 3062 contigit.
1189 3057 1193 3064 ι
1221 3049 1222 3052 ¹

138 3091 211 3155 lam
233 3113 315 3171 curn
333 3086 471 3162 libellus
494 3073 673 3155 absolutus
695 3107 784 3156 esset
806 3110 916 3180 usque
937 3084 980 3156 ad
998 3084 1226 3171 Archianam,

52 3224 162 3275 nactus
186 3233 266 3276 sum
295 3206 495 3278 Klotzianae
525 3201 700 3276 Editionis
727 3204 895 3277 volumen
926 3204 1091 3301 primum.
1154 3205 1227 3275 Mei

52 3316 148 3413 igitur
178 3324 283 3395 officii
310 3352 382 3396 esse
411 3326 495 3417 duri
527 3349 714 3421 excerpere
741 3352 783 3396 ex
808 3351 847 3396 ea
870 3326 1057 3411 lectiones,
1082 3325 1120 3395 in
1149 3323 1231 3427 qui-¹

50 3440 106 3508 bus
143 3472 163 3513 a
201 3471 280 3516 mea
326 3446 564 3543 recognitione
608 3446 687 3517 abit.
760 3446 934 3516 Asterisco
972 3471 1028 3515 eas
1068 3446 1227 3542 distinxi,

51 3584 126 3666 quas
143 3565 231 3634 meis
246 3566 524 3662 praestabiliores
541 3566 680 3638 iudico:
707 3565 829 3636 reiicio
846 3564 942 3650 alias,
968 3565 1005 3633 in
1022 3565 1095 3635 aliis
1112 3572 1225 3656 ἐπέχω.

51 3680 107 3748 Sed
130 3706 304 3779 quantum
326 3686 606 3757 emolumentum
625 3685 788 3762 Ciceroni
811 3685 955 3760 allatura
976 3665 1021 3756 sit
1037 3685 1226 3781 aliquando

52 3802 168 3899 egregii
179 3805 299 3878 Critici
316 3805 505 3904 Lipsiensis
522 3833 622 3887 cura,
645 3805 739 3878 laeto
752 3805 870 3876 animo
884 3805 953 3881 iam
965 3830 1061 3876 nunc
1074 3825 1225 3903 agnosco

54 3936 82 3985 et
105 3925 301 3998 antevideo.
404 3937 406 3942 ’

54 4069 270 4091 ’Ἢ

81 4153 104 4215 ⁴')
120 4161 153 4207 Μ.
176 4162 253 4209 Tullii
276 4162 405 4211 Ciceronis
423 4164 556 4211 Orationes
573 4165 680 4211 relectae
698 4145 834 4211 duodecim.
870 4164 1027 4225 Recoguovit
1043 4170 1068 4209 et
1086 4161 1225 4209 emendarit

115 4244 147 4294 1)..
167 4245 274 4295 Ioannes
291 4246 412 4295 Nieolaur
430 4247 539 4308 Madvig.
580 4247 696 4294 Hemina
713 4246 909 4296 MDCCGXXX·
945 4245 969 4293 8.
