2850 4759
225 273 396 346 nutrio
419 275 463 343 ιι.
487 277 535 346 m
559 274 836 372 summurn,
859 299 889 347 ο.
911 280 1022 347 rur.
1064 253 1066 260 ’
1153 281 1214 346 m

38 447 100 504 tum
121 432 340 504 latrocinium
362 435 585 506 eonieeimus.
629 436 734 529 Quod
758 457 837 505 reru
857 459 924 506 non
940 450 1120 507 cruentum
1136 460 1211 506 mn·
1233 446 1253 506 t

35 559 183 616 cionem,
218 549 257 606 ut
277 537 403 621 voluit,
439 539 581 621 extulit,
612 540 703 623 quod
732 542 817 610 vivis
838 541 935 610 nobis
957 563 1118 623 egressus
1140 555 1211 621 tst,

34 641 161 724 quindei
180 642 312 709 serrum
327 663 347 709 e
363 644 518 712 matribus
536 646 766 727 extorsimus,
788 641 880 723 qnod
897 643 1086 713 incolumes
1105 646 1211 722 cives,

33 745 116 827 quod
137 758 287 813 stantem
308 747 427 818 urbem
452 746 606 831 reliquit:
628 759 756 830 quanto
781 745 918 814 tandem
936 746 1032 814 illum
1053 768 1212 816 maerore

34 868 100 915 esse
126 850 288 920 afflictum
319 862 354 917 et
380 849 600 933 profligatum
626 850 782 934 putatis?
811 849 907 918 lauet
929 849 985 918 ille
1010 872 1101 919 nune
1128 874 1211 935 pro·

33 963 222 1035 stratusque
247 965 298 1021 est
331 965 427 1022 etse
461 951 655 1037 perculsum
681 964 785 1037 atque
809 953 978 1021 abiectum
1004 974 1082 1022 esse
1106 955 1211 1040 sentit

34 1068 62 1122 et
78 1068 260 1139 retorquet
287 1055 407 1125 oculos
435 1056 592 1139 profecto
623 1076 726 1139 saepe
756 1056 798 1122 ad
824 1054 913 1123 trane
937 1057 1074 1142 urbem,
1106 1077 1208 1140 quam

34 1161 127 1230 esuis
145 1159 304 1227 saucibus
323 1172 476 1246 ereptam
496 1179 572 1227 esse
591 1157 706 1241 tugen,
730 1179 816 1242 quae
834 1157 971 1242 quidem
991 1156 1072 1225 mibi
1089 1156 1210 1227 laetari

33 1262 172 1350 ridetur,
195 1261 287 1348 quod
311 1274 439 1331 tantam
461 1275 592 1347 pestem
614 1263 809 1332 evomuerit
829 1262 989 1346 forasque
1011 1263 1208 1345 proterens
1282 1329 1286 1340 ,

99 1370 142 1434 ll.
186 1367 287 1435 Atei
316 1367 391 1448 quis
415 1379 469 1436 est
498 1367 593 1442 talis,
620 1365 737 1449 qrrales
760 1387 836 1434 esse
864 1387 984 1436 omnes
1006 1367 1205 1455 oportebat,
1226 1379 1260 1445 ς’

35 1469 136 1550 quiin
165 1468 236 1537 hoo
259 1472 352 1552 ipso,
381 1468 416 1536 iu
441 1493 508 1553 quo
538 1468 670 1537 exultat
697 1481 733 1536 et
763 1468 950 1553 triumphat
973 1471 1083 1538 oratio
1112 1491 1206 1562 mea,

35 1593 81 1646 me
109 1570 330 1640 vehementer
359 1586 515 1652 accuset,
546 1573 638 1658 quod
665 1585 734 1640 tum
763 1571 945 1655 capitalem
973 1571 1109 1642 hostem
1138 1596 1207 1641 rron

35 1672 341 1755 comprehenderim
361 1678 494 1759 potius,
523 1698 625 1761 quum
651 1676 841 1743 emiserim:
873 1698 942 1744 nou
967 1687 1020 1743 est
1041 1678 1105 1743 ista
1131 1697 1207 1743 mea

37 1772 135 1858 culpa,
162 1777 336 1869 Quirites,
367 1777 429 1848 sed
453 1792 659 1864 temporum.
700 1778 922 1846 luterseetum
951 1798 1027 1849 esse
1052 1780 1089 1847 L.
1116 1780 1206 1846 Cati·

36 1875 122 1947 linam
149 1893 184 1947 et
216 1883 424 1962 gravissimo
452 1883 620 1966 supplicio
649 1884 809 1950 offertum
840 1880 1041 1964 iampridem
1069 1893 1207 1963 oporte·

37 1980 99 2048 bat-z
120 1984 219 2068 idque
238 2007 256 2051 a
274 2007 329 2052 rne
347 1999 382 2053 et
407 2009 480 2054 titos
498 1989 667 2054 matorum
697 1998 732 2052 et
757 1984 856 2053 liuius
876 1985 1014 2067 ¹imperii
1038 1984 1205 2053 severitas
1268 2053 1279 2068 ,

37 2097 63 2148 et
82 2108 129 2154 res
149 2087 287 2169 publiea
312 2087 516 2170 postulabat.
559 2087 623 2158 Sed
649 2107 751 2173 quam
779 2087 906 2162 multos
926 2087 1033 2154 fuisse
1056 2089 1205 2170 putatis,

38 2190 96 2268 qui,
116 2213 199 2273 quae
222 2213 288 2271 ego
308 2190 498 2278 deferrem,
520 2214 587 2259 uon
609 2190 817 2258 crederent?
839 2190 955 2273 [quam
978 2187 1124 2268 multos,
1148 2191 1205 2272 qui

37 2297 158 2374 propter
177 2293 358 2363 stultitiam
384 2317 452 2361 nou
474 2291 686 2375 putarentl]
718 2315 819 2376 quiam
846 2291 993 2378 multos,
1023 2294 1079 2377 qni
1095 2294 1205 2361 etiarn

39 2393 270 2486 defenderent?
293 2398 407 2481 [quam
425 2397 571 2474 tuultos,
595 2397 649 2479 qui
671 2408 814 2478 propter
834 2397 1088 2479 inprobitatem
1112 2396 1207 2468 fave·

39 2498 140 2580 rentt]
173 2504 226 2567 Ao
248 2500 307 2577 si,¹
326 2497 556 2584 illosublato,
589 2498 749 2581 depellis
771 2502 866 2569 vobis
892 2520 994 2569 omne
1013 2497 1204 2582 perieulum

39 2599 222 2680 iudiearem,
256 2602 458 2684 imrrpridern
483 2624 547 2686 ego
573 2603 611 2669 t.
637 2603 816 2670 Catilinam
838 2626 908 2670 trun
933 2603 1038 2671 modo
1058 2602 1205 2670 invidiae

40 2722 131 2780 uisne,
160 2730 280 2773 rerum
309 2707 410 2773 etiam
442 2708 530 2772 vitae
563 2704 717 2789 periculo
748 2704 976 2773 sustulissem.
1028 2705 1097 2774 Sed
1125 2722 1247 2783 eumd

39 2807 235 2896 virtutemne
263 2810 358 2877 vobis
388 2809 526 2891 quidem
557 2810 716 2877 omnibus
743 2816 779 2875 're
808 2809 912 2875 etiarn
943 2821 1014 2875 tum
1044 2810 1204 2892 probata,
1305 2857 1307 2860 ψ

44 2923 216 2943 *a

93 2989 140 3050 lt.
157 3008 168 3037 e
185 2994 302 3053 munibus]
320 2994 372 3039 stt.
389 2994 418 3038 de
435 3006 497 3040 mun.
515 2990 573 3036 Ern.
590 3015 625 3028 -
643 2991 711 3036 illurn
729 2992 821 3035 tantem
840 2990 869 3037 ll.
883 3016 918 3029 -
934 3004 981 3035 csse
997 2987 1121 3049 efflictum]
1140 2989 1205 3036 Aru·

39 3069 108 3120 sinum.
125 3077 174 3122 ΤΗ.
193 3079 305 3138 effictum
323 3091 370 3121 esto
388 3076 445 3121 Em.
463 3076 573 3135 qfflictnm
593 3071 662 3133 [cere]
681 3073 1014 3134 proserp-prostratusque
1031 3078 1065 3117 est
1082 3071 1204 3132 et]TRP.

40 3162 160 3213 prostratus,
176 3164 290 3216 erirr'tes,
302 3166 325 3205 et
333 3160 390 3206 Ern.
399 3159 471 3220 (iacet
483 3174 541 3203 rrnrrc
551 3161 590 3203 itte
602 3162 781 3217 prostratumque
789 3160 829 3202 itte
841 3162 875 3203 est
883 3157 928 3218 tt.)
939 3181 973 3194 -
984 3171 996 3201 e
1009 3152 1066 3219 suis]
1077 3156 1130 3227 ΤΒ.
1142 3172 1173 3202 ex
1184 3171 1215 3216 n,

41 3236 84 3285 Eru-
95 3269 123 3281 -
137 3250 192 3292 milri
210 3245 305 3307 luetur-t]
322 3246 372 3293 ttt’.
391 3231 522 3306 (llonntur
540 3245 571 3289 nd
589 3242 646 3306 Ter.
665 3242 727 3287 ller.
746 3243 776 3299 3,
794 3241 823 3294 5,
842 3239 896 3298 65.)
921 3241 1007 3285 laetari
1024 3242 1082 3288 midi
1099 3241 1128 3286 T.
1146 3241 1214 3304 Em.

94 3324 141 3387 ld.
160 3333 193 3376 Ae
210 3334 232 3377 si
250 3332 302 3377 ΤΗ.
315 3356 348 3367 -·
368 3342 445 3374 omnes
463 3328 585 3387 oportebat
603 3342 649 3371 esse
667 3327 696 3371 P.
710 3349 746 3360 -·
764 3330 831 3384 atque
850 3326 979 3381 triumphat
996 3324 1026 3370 ll.
1040 3349 1070 3360 -
1088 3327 1205 3371 neltemerr-

41 3410 101 3455 terme
111 3414 140 3462 ll.
150 3441 179 3452 -
191 3427 281 3472 compr.
290 3418 358 3472 prius
369 3428 437 3473 quom
449 3414 477 3458 ll.
488 3438 520 3451 ·—
535 3415 603 3469 culpa
621 3426 671 3456 rnen
681 3412 749 3467 culpa
763 3410 793 3455 tt.
806 3436 840 3447 -
852 3423 901 3455 oro.
917 3409 1020 3463 Quirites
1038 3408 1068 3454 ll.
1080 3433 1114 3445 -
1126 3410 1205 3455 Inter·

38 3490 117 3556 Μηνὶ]
133 3499 203 3545 TllP.
223 3501 389 3555 Intsemptum
406 3498 465 3546 Rsn.
482 3522 517 3534 -
534 3499 640 3553 oportuit
658 3497 686 3542 P.
705 3500 766 3554 (non
779 3491 845 3553 TR.)
863 3515 898 3528 -
918 3493 979 3564 Cultu
997 3506 1037 3539 vr.
1056 3507 1125 3552 quom
1142 3495 1203 3539 mul·

42 3577 69 3618 tm
82 3583 116 3636 qui
135 3586 200 3627 etium
217 3583 366 3642 defenderent
394 3582 418 3628 in
443 3582 522 3629 Codd.
547 3582 599 3625 Til.
624 3578 768 3642 praeposita
792 3577 839 3624 sint
864 3577 941 3625 inciso
964 3592 1034 3635 quam
1056 3569 1152 3644 multon
1165 3578 1206 3636 qui

41 3667 119 3716 propter
134 3670 253 3716 stultitiam
271 3682 316 3713 non
330 3670 443 3725 priturent
461 3665 567 3722 (uniisse
585 3665 609 3710 in
628 3651 697 3713 (ltu.
718 3670 742 3708 et
760 3661 871 3721 Steph.),
889 3657 1003 3721 magnum
1020 3663 1116 3721 pondus
1133 3675 1206 3708 acce·

43 3742 168 3796 ditlllueldi
192 3752 282 3798 iudicio
307 3752 417 3812 probuto
439 3749 514 3796 etiarn
531 3764 546 3795 n
565 3747 708 3808 llludvipiu,
726 3762 770 3804 ea,
787 3761 852 3808 quse
871 3744 916 3807 []‚
947 3744 1075 3792 subditiciu
1093 3760 1153 3792 esse.
1171 3768 1210 3788 -ι,

43 3825 76 3879 lllt
88 3832 178 3896 subluto]
196 3837 270 3882 TRP.
288 3837 379 3881 subluto
397 3837 440 3880 illo
459 3834 517 3879 Eru.
600 3841 611 3852 '

96 3911 141 3974 ll.
158 3935 182 3964 re
198 3926 245 3965 tum
262 3922 331 3966 etiam
346 3934 385 3977 pr.
405 3919 435 3965 tt.
454 3932 479 3963 re
497 3919 566 3962 etium
584 3917 637 3961 dum
654 3930 693 3972 pr.
712 3916 780 3972 we
793 3919 841 3959 tum
851 3929 891 3973 pr.
904 3913 933 3961 P.
947 3937 977 3954 -·
991 3927 1040 3959 rem
1053 3927 1080 3958 eo
1091 3913 1115 3957 d.
1127 3910 1158 3964 P.
1170 3937 1207 3952 .-

44 4002 82 4036 ⁰¹⁰³
94 4001 164 4052 pamm
181 4004 209 4050 tt.
226 4005 280 4049 dum
293 4006 377 4061 putam
394 4003 423 4047 Τ.
441 4027 475 4039 -
489 4003 571 4059 putum
590 4001 636 4046 nid.
655 4000 685 4046 R.
705 4023 738 4035 -
757 4001 884 4044 timendum
900 4012 949 4044 esre
966 3997 996 4044 Ρ.
1010 4019 1043 4036 -
1054 3997 1217 4054 εἰιιεὸἰίςιιῑιέ,ἲ

50 4096 217 4125 ..h—-
499 4097 504 4106 .

98 4167 142 4229 ll.
165 4165 294 4235 Tongilium
311 4202 343 4215 -·
361 4177 495 4222 Publicium
514 4200 541 4213 -
562 4171 703 4235 Munatium]
727 4171 860 4220 Hominum
884 4171 1024 4233 ignotorum
1048 4167 1148 4216 nomina
1165 4166 1216 4216 hie.

47 4249 155 4301 *rhetore
175 4263 286 4309 consulto
309 4260 441 4308 memorari
464 4261 525 4307 nolo
548 4257 692 4304 calumniari
713 4270 810 4304 mentor
832 4256 884 4303 loci
907 4258 936 4309 Q.
956 4253 1082 4301 Cleerouis
1104 4253 1134 4297 ds
1153 4256 1204 4309 pet.

48 4335 122 4398 ΝΜ
139 4340 174 4388 1⁰·
194 4345 307 4401 Catilina,
325 4347 365 4406 qut
382 4360 412 4391 ex
429 4346 495 4405 curia
516 4343 599 4390 curtos
616 4346 639 4387 et
655 4342 765 4397 Annus,
782 4341 811 4387 at
828 4340 898 4388 atriis
915 4339 1014 4396 rapaton
1031 4339 1055 4386 et
1074 4334 1204 4387 Caruilios,
