2850 4759
204 266 263 337 au
531 266 535 273 ’
663 250 916 333 ‘ciceronis
969 206 972 211 ⁴

162 419 169 433 ‘
202 425 377 496 flammate
396 433 594 509 raperetur,
626 434 822 507 superatam
843 440 920 494 csse
940 430 1043 506 atque
1064 416 1280 505 depressam
1311 441 1377 491 rna·

202 546 287 610 gnos
317 526 467 595 hostium
495 536 672 610 praeterea
699 526 816 608 copias
845 517 961 593 multis
988 523 1127 608 proeliis
1158 544 1233 593 esse
1254 523 1375 601 deletas

201 631 481 713 patefactumque
511 629 636 697 nostris
666 626 858 708 legionibus
890 645 966 694 esse
996 627 1171 712 Pontum,
1213 628 1281 709 qui·
1304 638 1375 694 ante

200 730 330 815 populo
353 734 507 801 Romano
528 751 573 796 ex
587 730 681 797 omni
696 729 789 797 aditu
803 727 942 796 clausus
955 728 1096 808 fuisset,
1117 729 1263 809 Sinopen
1279 740 1372 809 atque

200 832 379 911 Amisum,
410 832 532 915 quibus
560 832 595 897 in
616 830 750 913 oppidis
771 841 869 896 erant
889 829 1061 897 domicilia
1081 832 1191 909 regis,
1221 831 1372 897 erunibus

169 992 171 995 .
200 937 303 1008 rebus
326 946 464 1001 ornatas
486 945 587 1016 atquc
607 932 753 999 refertas
774 945 974 1015 ceterasque
992 933 1095 999 urbes
1115 932 1224 998 Ponti·
1239 942 1276 997 et
1294 933 1373 1012 Cap·

200 1034 365 1119 padociae
386 1033 573 1118 permultas
595 1055 663 1100 uno
679 1031 770 1100 aditu
786 1034 1002 1116 adventuque
1016 1052 1092 1101 esse
1106 1044 1247 1119 captas,
1263 1053 1372 1113 regom

200 1137 384 1221 spoliarum
415 1158 520 1217 regno
546 1135 658 1217 patrio
685 1147 788 1214 etque
816 1136 906 1200 avito
928 1135 970 1202 ad
991 1133 1077 1203 alios
1099 1156 1136 1202 se
1157 1155 1257 1214 reges
1278 1147 1372 1217 atque

200 1238 245 1318 aa
266 1237 349 1307 alies
370 1250 488 1317 gentes
510 1234 698 1316 supplicem
722 1234 924 1302 contulisse:
953 1247 1054 1320 etque
1075 1236 1157 1302 haee
1179 1237 1293 1302 omnia
1314 1235 1372 1303 sal-

200 1342 250 1407 vis
263 1339 379 1422 populi
396 1340 537 1406 Romani
553 1338 654 1406 sociis
670 1348 772 1419 atque
786 1339 926 1429 integris
943 1335 1164 1416 vectigalibus
1179 1357 1255 1405 esse
1268 1349 1370 1415 gesta.

201 1441 290 1515 satis
317 1444 439 1522 opinor
465 1439 531 1508 hoe
559 1460 634 1506 esse
662 1437 789 1524 laudis,
821 1451 922 1521 atque
948 1442 1014 1524 ita,
1047 1439 1217 1529 Quirites,
1247 1451 1284 1503 ut
1312 1437 1372 1503 lroc
1419 1504 1420 1507 ,

199 1564 263 1610 vos
291 1541 504 1626 intelligatis,
535 1562 554 1606 a
584 1539 678 1607 nnllo
705 1542 872 1623 istorum,
904 1542 959 1622 qui
987 1540 1066 1605 huic
1093 1542 1284 1607 obtrectant
1312 1539 1372 1618 legi
1419 1546 1420 1579 ³

201 1656 302 1726 atque
324 1663 465 1723 causae,
500 1643 537 1711 Ι..
560 1640 738 1709 Lucullum
766 1641 922 1708 similiter
949 1662 994 1707 ex
1020 1641 1088 1709 lroe
1108 1640 1187 1709 locc
1209 1658 1285 1707 esse
1306 1639 1372 1707 lnu·

200 1745 332 1811 datum.

137 1852 177 1915 aa
277 1845 340 1913 tx.
381 1846 586 1926 Requiretnr
615 1845 765 1912 fortasse
795 1865 912 1921 nunc,
947 1844 1261 1927 quemadmodum,
1297 1865 1369 1910 cum
1418 1870 1420 1921 l

198 1946 350 2019 haecitn
371 1949 454 2023 sint,
476 1945 641 2027 reliquum
664 1948 772 2028 possit
793 1968 955 2026 magnum
971 1966 1046 2013 esse
1062 1945 1198 2013 bellurn.
1240 1948 1369 2025 cogno

197 2050 305 2125 scite,
341 2048 517 2137 Quirites,
548 2071 617 2114 non
650 2050 738 2114 enim
767 2047 835 2115 lroe
860 2048 934 2114 sinc
961 2069 1063 2115 causa
1089 2048 1205 2130 qcraeri
1233 2046 1368 2112 ridetur.

196 2152 353 2221 Primum
376 2171 420 2215 ex
440 2170 503 2216 suo
524 2170 631 2228 regno
653 2151 702 2216 sic
718 2147 935 2216 Mithridates
949 2150 1121 2231 profugit,
1143 2161 1181 2215 nt
1197 2169 1241 2214 cx
1255 2147 1369 2214 ecdem

196 2250 308 2318 Ponto
331 2250 455 2319 Medea
476 2248 533 2317 illa
553 2249 725 2332 qnondam
754 2251 948 2331 profugisse
975 2250 1119 2330 dicitur3
1149 2272 1250 2332 quarn
1278 2270 1367 2332 prae·
1414 2272 1418 2339 2

196 2351 312 2427 dicant
331 2353 365 2419 iu
387 2352 468 2432 fuga
490 2351 608 2420 fratris
628 2352 681 2418 sui
703 2354 856 2419 membra
875 2353 910 2419 in
930 2353 970 2420 iis
990 2350 1091 2430 locis,
1115 2373 1180 2434 qrra
1201 2373 1238 2418 se
1253 2371 1368 2433 parens

194 2465 481 2537 persequeretur,
514 2452 757 2535 dissipavisse,
799 2464 837 2518 ut
867 2475 986 2520 eorum
1021 2452 1185 2522 collectio
1223 2454 1368 2535 dispersa
1417 2476 1418 2489 ³

196 2575 401 2636 maerorque
428 2554 561 2635 patrius
587 2552 797 2621 celeritatem
825 2554 1052 2639 persequendi
1080 2553 1281 2621 retardaret.
1320 2554 1368 2620 Sic

104 2652 107 2657 ’
195 2654 415 2725 Mithridates
443 2658 577 2737 lugiens
605 2656 790 2721 maximam
818 2656 887 2720 vim
915 2658 989 2722 auri
1015 2667 1117 2738 atque
1145 2658 1276 2735 argenti
1304 2653 1367 2737 pul·

69 2796 77 2813 .
157 2798 172 2841 3
195 2754 513 2841 cherrirnarruuque
535 2779 650 2823 rerum
674 2758 846 2832 omnium,
868 2778 952 2838 quas
975 2770 1009 2823 et
1029 2779 1049 2823 a
1070 2757 1257 2832 maioribus
1278 2776 1367 2823 acce·

194 2869 292 2939 perat
321 2868 354 2922 et
379 2859 451 2940 ipsc
482 2856 569 2924 bello
591 2858 767 2937 superiore
788 2878 833 2922 ex
855 2868 925 2924 tota
945 2859 1026 2925 Asia
1040 2857 1197 2938 direptas
1218 2860 1252 2924 iu
1274 2878 1366 2925 suum

194 2979 337 3038 regnum
361 2968 595 3039 congesserat,
628 2959 660 3023 in
684 2959 792 3025 Ponto
823 2980 959 3026 omnem
989 2958 1137 3042 reliquit.
1179 2959 1273 3026 llaec
1293 2958 1366 3023 dum

193 3061 301 3127 nostri
323 3060 490 3139 colligunt
503 3060 623 3126 omnia
640 3059 852 3139 diligentius,
874 3082 937 3127 rex
951 3063 1023 3144 ipse
1038 3082 1056 3128 e
1072 3061 1227 3127 manibus
1243 3060 1365 3140 effugit.

193 3158 245 3226 lta
273 3160 366 3229 illum
396 3182 414 3226 a
443 3159 669 3242 persequendi
699 3162 821 3229 vstudio
855 3182 1012 3239 maeror,
1052 3162 1117 3229 lros
1149 3159 1278 3228 laetitia
1306 3173 1367 3226 tar·

121 3268 171 3331 ,23
195 3261 299 3329 davit.
340 3263 440 3329 Hunc
461 3263 494 3327 in
515 3261 573 3329 illo
597 3262 719 3330 timore
740 3276 776 3329 et
794 3263 878 3343 suge
892 3264 1078 3344 Tigranes,
1100 3283 1163 3329 rex
1177 3264 1364 3337 Armenius,

261 3447 273 3507 l
292 3449 333 3494 22.
350 3460 458 3505 magnum
476 3444 535 3510 erac]
554 3449 584 3494 F..
601 3462 649 3493 esre
665 3462 775 3507 magnum
792 3447 850 3495 Em.
867 3476 902 3489 -·
918 3465 968 3497 om.
985 3453 1020 3496 sie
1037 3450 1066 3497 E.
1084 3476 1116 3490 -
1133 3465 1149 3494 o
1161 3447 1322 3510 persequendi]
1337 3446 1364 3494 P.

193 3531 218 3573 iu
232 3544 297 3588 perr.
315 3531 373 3576 Ere.
386 3554 418 3567 -
430 3545 446 3574 e
468 3535 515 3574 tom
529 3544 557 3587 p.
575 3530 604 3576 E.
622 3534 688 3591 quod
707 3538 788 3577 ortum
806 3537 868 3590 puto
886 3545 921 3577 ex
937 3537 1021 3578 annot.
1041 3545 1078 3586 „a
1095 3531 1135 3577 rel
1155 3532 1212 3575 in.“
1228 3531 1288 3577 Cum
1300 3526 1363 3573 retis

192 3612 272 3659 cedd.
284 3613 405 3659 scribatur
417 3612 464 3659 litt.
476 3615 486 3658 t
498 3627 552 3659 cum
569 3613 663 3660 lineola
679 3620 818 3661 uenerem
835 3628 870 3660 ex
886 3617 921 3661 tu
934 3612 1014 3660 scribe
1031 3612 1090 3675 feeit
1101 3618 1157 3658 terra
1167 3638 1199 3650 -
1212 3609 1325 3672 urdene]
1337 3609 1363 3655 li.

191 3691 287 3738 Manat.
309 3692 440 3737 retardarit
456 3693 491 3739 P..
504 3693 561 3745 Em.
998 3720 1000 3727 ‹

258 3776 332 3838 ΗΒ.
351 3777 477 3823 Armeniae
494 3777 524 3822 P.
542 3801 574 3814 ·-
594 3788 653 3835 quoe
674 3777 768 3821 eremos
790 3776 819 3822 E.
855 3779 933 3824 Recte
954 3792 1071 3838 praepos.
1094 3776 1203 3823 defendit
1220 3777 1292 3823 Bake
1306 3773 1362 3820 Bibl.

191 3861 245 3908 crit.
253 3875 277 3907 a.
287 3862 317 3915 ir,
329 3863 353 3907 2.
362 3877 388 3921 p.
399 3862 458 3910 filo.
472 3888 501 3899 —
512 3866 584 3921 etque
594 3864 665 3919 relig.
683 3860 712 3906 P.
726 3883 757 3897 -
770 3873 818 3905 ease
832 3857 921 3919 erm]
934 3859 964 3905 E.
975 3873 1051 3904 exere.
1063 3871 1110 3903 esse
1122 3856 1180 3903 Em.
1188 3881 1225 3896 -·
1233 3854 1328 3915 tomeun]
1337 3852 1361 3898 B.

191 3942 279 3995 fichol..
289 3945 334 3988 etri
350 3944 407 3990 Era.
422 3969 458 3982 -
473 3944 607 3989 moueatur
624 3942 654 3989 P.

191 4044 435 4066 --—-—.....-
675 4060 679 4063 ,
709 4058 723 4079 λ

257 4111 327 4174 698.
338 4112 439 4178 fratris]
459 4114 575 4176 Apsyrtlr
597 4128 682 4173 per-ens
700 4114 801 4161 Aeetes.
857 4154 860 4161 .

191 4220 193 4223 v
259 4191 327 4253 528.
339 4195 398 4253 feni
416 4192 514 4257 tereph]
533 4195 644 4242 Comana
662 4195 842 4255 Cappadociae
860 4193 993 4253 significet,
1011 4193 1051 4239 uui
1069 4193 1165 4239 Diense
1182 4193 1303 4239 Tauricae
1316 4190 1360 4235 cnl-

189 4278 228 4320 tur
249 4280 418 4327 exercebatur.
460 4279 563 4326 ltlurene
587 4278 692 4335 scilicet,
711 4284 748 4324 vut
771 4278 807 4323 eit
830 4276 960 4335 Appisuur
981 4276 1067 4321 Mlthr.
1083 4275 1141 4333 64„
1165 4289 1190 4323 ι.
1209 4290 1233 4322 u.
1251 4275 1305 4321 ets.
1321 4263 1360 4321 td
