2850 4759
152 297 324 366 ourtt‘to
343 298 436 366 -PRO
462 299 506 366 A·
532 296 701 367 LICINIO
723 298 895 368 ARCHIA
917 321 950 368 c.
971 305 1037 367 let
1053 305 1083 369 3.
1152 306 1213 366 lii

26 453 174 540 quodam
199 464 235 522 et
258 456 422 523 inusitato
447 474 574 538 genere
598 456 746 524 dicendi.
789 457 893 548 Quod
917 459 946 526 si
967 459 1048 526 mibi
1074 481 1093 527 a
1117 463 1212 530 robis
1234 465 1255 525 4

26 559 126 625 tribui
141 557 352 641 concedique
368 560 533 638 scaniam,
554 559 729 641 per-ficiam
747 560 924 646 profecto,
939 574 979 628 ut
995 560 1086 628 btruc
1102 568 1144 630 A.
1162 566 1214 631 ti-

26 661 150 726 cinium
178 678 247 725 uon
276 658 382 726 ruodo
407 680 476 726 uou
496 660 768 741 segregandum,
798 663 946 728 cumsit
970 663 1073 743 ciris,
1108 684 1213 732 auu·

26 781 120 829 mero
135 761 277 838 civium,
292 780 414 827 verum
429 760 545 842 ctiam,
560 763 588 827 si
601 783 669 828 uon
681 773 784 839 esset,
799 764 925 843 putetis
939 763 1212 836 adsciscendum.

41 876 53 881 “
82 865 165 928 ·ltt.
207 860 295 929 Nasu
321 874 359 928 ut
386 863 532 943 prinlum
558 863 742 944 expueris
768 864 918 930 excessit
941 864 1086 933 Archias
1112 879 1213 950 atque

26 965 61 1029 ab
88 963 131 1030 iis
158 962 306 1040 artibus,
336 963 457 1044 quibus
481 974 576 1030 actas
604 962 744 1046 puerilis
769 963 811 1029 ad
837 962 1082 1033 humanitatem
1105 968 1212 1035 iuior·

26 1064 108 1129 suari
132 1062 242 1139 solet,
274 1082 311 1131 sc
337 1062 380 1131 ed
404 1062 574 1130 scribendi
597 1062 749 1131 studium
774 1065 938 1144 contulit,
969 1070 1117 1148 primum
1143 1073 1211 1137 An·

26 1162 172 1231 tiocbiae
191 1165 289 1241 (usur
308 1164 351 1229 ibi
369 1176 469 1229 rratrrs
489 1176 541 1232 est
557 1163 635 1232 loco
654 1164 788 1250 nobili),
807 1166 930 1233 celebri
944 1168 1114 1250 quondam
1129 1173 1212 1236 urbe

26 1276 57 1331 et
84 1265 229 1347 copiose
262 1274 363 1345 atque
398 1262 639 1332 eruditissimis
671 1265 867 1334 bourinibus
899 1267 1212 1353 liberalissimisque

26 1366 147 1433 studiis
173 1365 335 1444 affluenti,
366 1364 524 1430 celeriter
548 1363 753 1432 antecellere
774 1366 931 1435 omuibus
954 1369 1078 1447 ingenii
1103 1370 1212 1449 gloria

27 1467 181 1545 contigit.
222 1466 306 1532 Post
319 1466 352 1531 iu
368 1466 490 1531 ceteris
505 1467 609 1533 Asiae
627 1468 780 1548 partibus
795 1480 987 1551 cunctaque
1003 1470 1147 1536 Graecia
1161 1474 1212 1539 sic

28 1567 96 1633 eius
113 1566 280 1632 adventus
295 1565 569 1645 celebrabantur,
598 1580 636 1634 ut
650 1567 778 1634 ibmaur
793 1570 918 1648 ingenii
936 1573 1130 1652 expectatio
1148 1572 1211 1638 bo·

28 1668 137 1744 minis,
152 1669 446 1748 exspectationem
460 1669 565 1749 ipsius
577 1669 744 1735 adrentus
758 1669 1006 1752 admiratioque
1017 1686 1210 1752 strperaret.

28 1766 105 1833 Erat
120 1767 217 1833 ltalia
233 1779 314 1835 tunc
328 1767 428 1849 plena
442 1769 653 1836 Graecarum
670 1772 794 1835 artium
811 1790 851 1836 ac
867 1770 1122 1852 disciplinarum
1139 1786 1211 1838 stu·
1232 1789 1252 1851 5

30 1865 146 1951 disque
163 1868 247 1935 baec
261 1881 297 1935 et
310 1870 342 1934 iu
355 1870 449 1936 Latio
464 1869 698 1937 vehementius
712 1884 783 1935 tum
797 1868 997 1937 colebantur
1007 1894 1107 1954 quam
1119 1893 1212 1939 nuuc

32 1967 144 2036 iisdem
174 1971 208 2036 in
236 1970 370 2052 oppidis
379 1961 396 2050 ,'
421 1983 456 2038 et
471 1970 530 2039 bic
549 1973 678 2040 Romae
699 1984 842 2053 propter
862 1973 1139 2055 tranquillitatem
1162 1977 1212 2042 rei

33 2070 182 2150 publicae
210 2072 277 2138 nou
297 2068 585 2152 negligebantur.
644 2073 761 2153 ltaque
792 2072 882 2138 lruuc
911 2085 945 2139 et
968 2075 1144 2138 Tarentini
1176 2086 1212 2141 et

33 2169 170 2251 lilregiui
190 2184 223 2238 ct
241 2168 456 2255 Neapolitani
477 2173 614 2255 civitate
632 2175 823 2253 ceterisque
841 2173 1002 2255 praemiis
1022 2170 1211 2259 douaruutq

33 2284 218 2353 stolones,
239 2277 297 2353 qui
323 2273 448 2357 aliquid
476 2275 519 2340 de
546 2276 689 2354 ingeniis
711 2285 871 2355 poterant
894 2272 1064 2352 iudicare,
1082 2277 1211 2354 cogui-

35 2374 119 2442 tioue
144 2388 246 2460 atque
270 2375 419 2458 hospitio
445 2375 584 2454 dignum
609 2377 862 2442 existimarunt.
903 2373 977 2440 llao
1002 2386 1093 2440 tauta
1121 2374 1211 2442 cele·

34 2474 146 2542 iuuare
165 2478 277 2543 laruae
298 2496 377 2543 oum
399 2489 490 2542 esset
512 2478 577 2542 ianr
598 2478 794 2543 absentibus
812 2488 934 2561 notus,
956 2475 1100 2542 Romam
1116 2479 1211 2557 veuit

35 2573 137 2647 ilario
164 2577 307 2644 consule
333 2590 367 2644 et
387 2576 523 2644 Catulo.
566 2576 696 2643 Nactus
719 2589 770 2642 est
787 2578 935 2658 primum
957 2576 1117 2645 consules
1136 2599 1210 2658 eos,

35 2697 168 2756 quorum
198 2676 285 2744 alter
313 2699 368 2745 res
399 2679 441 2746 ad
470 2676 689 2745 scribendum
715 2679 902 2764 mammas,
935 2678 1022 2743 alter
1046 2701 1125 2747 cum
1154 2701 1209 2747 res

35 2790 157 2858 graus,
189 2790 263 2845 tum
295 2779 398 2845 etiam
431 2777 581 2847 studium
617 2789 717 2860 atque
746 2798 847 2845 aures
880 2779 1042 2847 adhibere
1079 2793 1209 2861 posset.

35 2895 217 2911 -ι--ι-ιιιὴ

37 2962 78 3017 or,
99 2974 128 3031 s,
151 2976 200 3031 ss,
226 2974 283 3021 tos.
307 2986 359 3019 mo
383 2975 524 3019 imorem
545 2972 645 3026 Atreus,
671 2984 787 3028 serm
808 2973 952 3017 mearum
968 2969 1027 3029 fuss.
1061 2971 1211 3031 sisignius

37 3052 166 3107 „riumodi
183 3052 309 3115 horulam,
326 3055 406 3118 qualis
423 3059 460 3101 est
477 3053 516 3101 lde
533 3057 625 3114 pocta,
643 3064 702 3099 rsro
719 3053 744 3099 in
763 3053 859 3101 iudiciis
877 3060 1034 3113 comparent,
1052 3054 1094 3099 ubi
1111 3066 1210 3099 causam

38 3133 139 3184 dicamst‘

93 3220 107 3279 *i
123 3222 147 3268 t.
165 3219 333 3282 enecassem]
358 3220 419 3268 Seii.
436 3232 507 3265 nunc.
542 3218 584 3264 Sic
601 3216 729 3264 berberiis,
746 3232 796 3264 sec.
814 3233 845 3263 a·
854 3233 892 3278 pr.
910 3233 941 3267 m.
982 3218 1005 3266 A
1023 3234 1071 3267 sec.
1089 3232 1137 3266 asc.
1154 3233 1210 3267 esse.

38 3287 162 3360 rse'sss'sse
180 3305 228 3350 Kc.
244 3326 280 3341 ι-
297 3305 403 3349 aeriter
420 3299 482 3362 cen]
500 3300 558 3346 Hoc
576 3313 626 3346 nuo
643 3301 702 3346 loeo
720 3313 774 3345 cnm
792 3302 859 3359 apud
877 3301 929 3347 cit.
948 3301 1062 3360 iungatur
1079 3316 1103 3348 r.
1121 3302 1211 3346 mutir-

38 3376 270 3443 esseminant,
298 3386 369 3434 varie
386 3389 563 3432 correxerunts
589 3385 694 3428 eelsrs'ter
711 3384 748 3434 ei,
779 3387 805 3426 se
820 3382 1065 3429 miscelleretLamb.
1083 3386 1212 3440 -coepit

40 3474 78 3517 1)ῐο
95 3471 208 3526 moringis
226 3469 270 3515 ὅτ,
289 3470 310 3514 Ι.
329 3470 435 3514 celeriter
453 3466 598 3511 antecellereli
617 3477 640 3508 o.
657 3465 673 3509 i.
693 3465 775 3519 gloria
792 3461 938 3522 (nominat.)
955 3467 1063 3521 contigit.
1080 3465 1121 3510 ὅτ.
1134 3467 1159 3511 2.
1176 3487 1212 3506 -ῃ

39 3551 150 3607 tuusque
174 3548 286 3612 timeris]
309 3548 385 3597 Barb.
408 3548 479 3609 prIm.
504 3548 548 3594 Sn.
562 3547 587 3592 2.
604 3546 715 3605 Madvig.
734 3551 870 3604 caudaeque
890 3548 1003 3593 Graeciae
1018 3546 1072 3594 Eri.
1089 3548 1151 3607 lita,
1168 3550 1211 3596 sed

39 3625 112 3691 elicere,
123 3646 172 3680 non
191 3638 305 3692 potesate
328 3630 377 3691 „iu
394 3630 483 3677 ceteris
501 3629 612 3689 partibus
629 3628 896 3675 mnmseGrseeise.“
929 3629 1000 3674 blors
1017 3635 1054 3674 est
1071 3642 1212 3678 accommo-

39 3707 105 3758 irtio.
122 3732 154 3752 ...
177 3713 384 3774 irasquililmtem]
408 3712 472 3759 Inter
493 3709 617 3757 SalurnIni
634 3709 778 3756 seditionem
796 3722 820 3752 ι.
838 3706 898 3754 654.
915 3715 941 3753 et
958 3707 1047 3754 bellum
1065 3709 1211 3763 Marsicum.

39 3792 95 3845 quoa
111 3795 205 3841 exarsit
222 3808 247 3839 s.
265 3790 325 3840 ddi.
337 3816 371 3831 -·
383 3793 465 3851 Itsqss
482 3792 554 3853 isse]
567 3793 663 3839 illerum
679 3804 733 3836 esso
750 3794 858 3835 errorem
875 3789 995 3836 lemmatis
1007 3788 1121 3837 Ambros.
1136 3793 1212 3847 terqua

40 3880 96 3917 “lm
114 3874 254 3938 (receptum
272 3890 289 3920 s
306 3874 350 3922 Sn.
368 3881 393 3921 et
411 3872 476 3935 Kc.)
495 3874 578 3934 arquis
594 3874 706 3920 scholion
724 3872 816 3930 ipsum:
835 3873 882 3916 iuss
898 3873 992 3928 pridem
1009 3874 1084 3917 isse
1099 3872 1212 3916 Arsinos

40 3954 79 3996 td·
93 3974 124 3992 ι-
143 3956 266 4001 strestisi
281 3952 341 4015 eet]
363 3952 463 4000 Utiliter
485 3956 646 4016 praepararit
669 3956 702 4000 sd
719 3966 818 3999 canum
836 3953 885 3998 ism
903 3955 998 4012 pridem
1015 3955 1078 4000 bunc
1095 3951 1212 3997 Archiam

41 4032 143 4084 nonime
152 4036 279 4084 {scultetis
290 4037 374 4097 grstia
385 4036 505 4084 celebrem
517 4054 535 4084 a
546 4039 656 4099 pibrlmis
667 4037 758 4084 Itsli'se
770 4034 924 4083 nobilissimis
937 4038 1036 4097 populis
1048 4036 1072 4081 iu
1088 4037 1212 4080 numerum

41 4110 116 4162 ‘Itium
126 4125 282 4178 cooptatum.
308 4120 381 4175 Quod
392 4119 506 4166 nimirum
518 4125 663 4180 argumento
675 4134 728 4166 esse
740 4118 828 4165 debeat
840 4118 914 4164 etism
926 4114 1122 4164 Heracliensibus
1134 4126 1212 4171 nuper

41 4195 185 4259 merlotum,
205 4201 368 4248 robustiorem
385 4202 435 4249 iem
452 4202 521 4249 Issus
537 4210 562 4250 ot
580 4201 671 4262 ingenii
689 4201 810 4260 dignitato
826 4196 953 4245 maiorem.
970 4199 1059 4242 sonos.
1078 4194 1141 4238 Bou.

98 4279 147 4340 ii.
166 4284 246 4328 Mario
263 4280 324 4348 eet]
342 4297 367 4329 s.
386 4297 410 4328 ι.
428 4297 451 4328 c.
468 4283 528 4331 652.
545 4309 581 4323 -
607 4280 719 4344 audisses]
744 4283 877 4338 Supersunt
900 4281 950 4324 rino
966 4279 997 4332 Q.
1015 4274 1111 4322 Ludatii
1128 4272 1213 4319 Catuli
