2850 4759
204 291 422 361 ACCUSAT.
445 286 552 364 luc.
576 288 766 360 VERREM
788 292 869 363 LlB.
886 294 943 376 lV,
967 318 997 363 c.
1012 295 1062 363 or.
1188 296 1227 362 ts

54 456 135 518 tione
154 452 221 517 iani
244 474 311 518 non
334 462 505 526 uteretur,
529 464 724 519 tamennon
744 453 776 519 id
794 453 888 535 prius
911 447 1112 531 decernere,
1133 456 1226 538 qnod

51 553 228 637 aliquando
258 552 459 629 voluissent,
481 577 581 636 quam
608 556 699 639 qnod
726 567 797 622 turn
819 568 1038 635 cogerentur.
1080 556 1290 625 Conscia-1⁴13

53 669 141 722 inam
164 677 286 724 orrmes
315 669 349 721 et
371 657 578 738 approbant,
608 660 655 723 ita
685 659 758 724 lieri
786 671 957 740 oportere.
998 659 1159 725 Refertur
1185 660 1228 727 de

53 758 238 828 Peducaeo.
292 759 337 827 ln
364 760 507 841 quisque
538 770 647 824 aetate
678 770 713 825 et
746 761 878 827 lrouore
912 762 1148 838 antecedebat,
1182 765 1228 830 us

55 863 248 926 sententiam
276 862 362 926 dixit
388 881 433 926 ex
454 860 584 928 ordine.
615 900 618 906 ι
644 859 679 925 ld
708 859 794 927 adeo
817 883 861 928 ex
885 863 959 943 ipso
984 875 1121 931 senatus
1146 884 1228 931 eon·

57 961 141 1029 sulto
162 964 374 1041 cognoscite:
397 982 475 1027 nam
501 964 692 1044 principum
715 965 903 1030 sententiae
924 968 1087 1046 perscribi
1105 966 1228 1034 solent.

56 1065 173 1131 llecita.
215 1062 326 1154 Quod
344 1066 454 1131 uerba
469 1066 577 1140 sucta
600 1077 684 1131 sunt
710 1064 755 1131 de
774 1063 863 1132 Sex.
887 1066 1081 1133 Peducaeo.
1123 1069 1227 1145 Dicit,
1322 1070 1328 1085 ‘

56 1168 105 1247 qni
126 1168 227 1246 primi
248 1168 429 1233 suaserint.
474 1167 687 1232 Decerniiur.
731 1167 891 1233 Refertur
912 1167 1032 1234 deinde
1054 1168 1095 1235 de
1111 1170 1229 1242 Verre.
1304 1251 1307 1259 ¹

55 1269 126 1342 llic,
147 1289 294 1354 quaeso,
318 1267 502 1355 quomodo.
533 1263 1031 1358 Quodoerbasactasunt'de
1048 1270 1086 1339 C.
1101 1271 1229 1344 Verre.

57 1370 138 1457 Quill
160 1382 282 1451 postea
304 1372 470 1452 scriptum
494 1370 574 1436 est'l
598 1367 688 1436 Cum
704 1383 873 1452 surperet
888 1394 994 1438 nenio
1013 1393 1130 1461 neque
1150 1393 1229 1439 sen·

55 1473 201 1535 tentiam
225 1470 518 1559 diceret-Quid
545 1472 716 1539 carnosa
751 1490 833 1539 sors
852 1472 1008 1539 ducitur.
1053 1475 1230 1567 Quamob-

55 1574 147 1640 rem‘l
197 1592 300 1639 uerno
323 1587 397 1640 erat
418 1573 631 1640 voluntarius
653 1572 813 1639 laudator
833 1586 1012 1655 praeturae
1036 1587 1132 1652 luae,
1169 1575 1229 1641 de·

56 1674 161 1740 lensor
191 1676 445 1756 periculorum,
487 1676 688 1757 praesertim
717 1696 796 1743 cum
826 1677 910 1743 inire
932 1699 950 1744 a
973 1688 1131 1758 praetore
1152 1700 1231 1757 gra-

57 1777 128 1843 tiam
150 1778 296 1859 posset?
319 1782 440 1844 Nemo.
484 1778 537 1844 llli
557 1779 621 1861 ipsi
644 1779 692 1845 tui
713 1779 896 1857 cornuae,
926 1778 1129 1854 eorrsdiarii,
1152 1800 1233 1845 eon-

56 1881 125 1955 srii,
144 1881 244 1947 -socii
274 1881 416 1947 verbnm
445 1881 560 1947 facere
588 1902 655 1945 non
677 1880 816 1946 audent.
857 1881 896 1947 ln
919 1902 983 1963 qua
1005 1884 1099 1947 curia
1121 1892 1232 1947 statua

57 1992 107 2046 tna
128 1983 239 2049 stabat
261 1994 295 2048 et
315 1982 406 2050 unda
432 1982 508 2062 lilii,
542 1985 575 2051 in
603 2004 643 2049 ea
672 2004 773 2049 nemo
802 1982 885 2057 fuit,
921 2003 964 2048 ne
991 2004 1091 2065 quem
1121 1982 1233 2050 nudus

58 2082 184 2164 quidem
215 2083 303 2149 lilius
330 2084 457 2150 nudata
485 2086 662 2167 provincia
691 2097 938 2152 commoveret.
987 2087 1101 2167 Atque
1128 2086 1294 2152 etiam144

59 2183 120 2250 boc
138 2207 193 2251 me
210 2185 352 2263 docent,
375 2192 400 2264 †
421 2186 587 2253 eiusmodi
609 2187 732 2252 fecisse
746 2199 885 2253 senatus
900 2185 1096 2253 consultum
1113 2186 1231 2253 lauda-

16 2352 17 2357 ,
61 2286 170 2371 tionis,
200 2300 237 2353 ut
264 2304 385 2355 omues
413 2288 607 2367 intelligere
635 2302 777 2370 possent
797 2310 865 2353 non
888 2287 1138 2371 laudationem,
1170 2289 1231 2354 sed

57 2389 164 2469 potins
190 2391 387 2459 irrisionem
411 2410 496 2473 ,csse
530 2388 641 2469 illam,
678 2408 765 2472 quae
792 2390 1106 2457 commonefaceret
1133 2390 1231 2456 istius

55 2552 243 2567 ———

115 2655 126 2716 l
155 2656 212 2702 143.
248 2670 275 2700 ne
307 2653 388 2719 quem]
427 2656 488 2715 Reg.
519 2653 586 2700 bold.
609 2654 685 2714 Sgull.
719 2655 888 2713 „ne-quidam
920 2661 976 2714 post
1003 2666 1069 2699 nemo
1095 2653 1120 2700 io
1147 2655 1233 2701 eudem

54 2740 166 2784 sententie
189 2753 239 2785 non
263 2753 353 2785 novum
372 2739 445 2785 babet
466 2739 636 2797 negationem,
663 2740 704 2785 sed
719 2752 789 2791 eam,
814 2752 877 2799 quae
892 2738 916 2783 in
932 2753 954 2785 r.
972 2720 1038 2782 nemo
1056 2737 1131 2792 inest,
1157 2739 1231 2782 acuit.

55 2821 160 2868 llanrro.
177 2837 245 2881 quem
256 2837 284 2866 ne
296 2823 413 2882 Nung.Z.
430 2847 453 2857 -
470 2824 554 2866 nu‘data
565 2819 701 2884 marrineio]
719 2822 779 2881 Reg.
795 2836 853 2867 casu
869 2823 921 2869 scil.
937 2830 1020 2868 sexto.
1039 2826 1062 2866 st
1074 2824 1160 2866 nudata
1172 2835 1232 2877 pro·

53 2907 126 2951 stacia
144 2906 229 2952 Guelt.
249 2907 270 2952 l.
294 2909 323 2954 Z.
352 2909 377 2951 in
403 2907 464 2951 nuda
481 2908 607 2963 prouincia
632 2905 690 2951 Era.
712 2906 752 2951 De
772 2905 831 2950 ioco
850 2903 906 2962 ipso
924 2904 969 2950 etr.
992 2903 1133 2949 Editiouem
1154 2898 1233 2946 mean

57 3003 175 3037 merorem.

116 3081 202 3142 5144.
228 3083 340 3128 eiusmodi
358 3087 449 3126 senatus
465 3083 592 3126 consultum
609 3080 696 3139 secisse
719 3078 872 3138 laudationis]
886 3079 925 3123 Sic
941 3083 1057 3135 corrupte
1073 3077 1136 3135 Reg.
1151 3074 1233 3127 Leidrs

55 3163 78 3229 in
100 3180 147 3226 qao
166 3167 295 3224 Zumptins
319 3164 430 3213 correxit
443 3163 529 3222 fuisse.
564 3163 610 3208 Sed
630 3175 683 3206 enm
702 3174 733 3206 eo
753 3160 808 3218 ipso
829 3164 940 3217 tempore
957 3157 1068 3204 laudatio
1089 3157 1234 3203 recitaretur

59 3248 176 3311 Ciceroni,
196 3256 322 3297 senatores
338 3252 420 3296 dicere
434 3249 531 3294 minime
548 3249 663 3307 poterant
676 3243 795 3288 eiusmodi
805 3241 882 3299 fnisse
894 3241 1072 3300 laudationem,
1091 3243 1132 3287 sed
1139 3241 1234 3300 factam

59 3347 114 3388 csse,
131 3340 156 3380 ut
174 3320 257 3380 stetim
278 3330 313 3380 bis
329 3335 442 3391 seriptum
456 3346 519 3384 esse,
536 3331 577 3378 vel
593 3326 736 3385 simpllciter
753 3339 807 3369 esse.
842 3323 947 3370 Defendi
963 3324 1060 3384 quidem
1074 3330 1170 3384 potest,
1188 3327 1233 3371 dif-

58 3413 143 3460 tieulter
156 3420 251 3470 tamen,
275 3418 366 3458 senatus
388 3414 518 3458 consultum
537 3411 690 3461 laudationis,
710 3410 799 3465 utpote
824 3407 890 3466 quod
913 3405 1046 3451 abhorreat
1067 3419 1083 3450 a
1104 3409 1154 3455 Cic.
1175 3423 1234 3456 con-

57 3498 180 3543 suetudine.
216 3498 416 3543 senatusconsulto
442 3511 489 3542 sess
511 3492 587 3553 sitisse
614 3492 771 3535 laudationem
793 3489 907 3544 discens,
933 3490 958 3536 in
983 3505 1032 3552 quo
1056 3498 1118 3551 puto
1143 3494 1234 3547 latere:

58 3579 162 3622 eiusmodi
184 3583 288 3623 senatum
315 3580 419 3625 consulto
446 3573 602 3638 (prudenter)
623 3573 709 3633 fecisse
736 3575 899 3619 laudationem.
936 3574 983 3621 Vr.
1007 3579 1109 3620 ssnatum
1130 3580 1235 3621 consulto

59 3673 125 3719 quam
149 3661 222 3707 facile
249 3661 273 3707 in
295 3662 492 3706 senatusconsulto
520 3665 544 3705 et
567 3662 787 3704 senatusconsultum
811 3663 914 3708 transire
944 3661 1083 3722 potuerint,
1116 3661 1235 3707 neminem
1316 3660 1320 3665 ’

59 3743 123 3802 fugit.
157 3744 220 3791 Mox
240 3746 394 3801 Scbuetzius‚
413 3749 439 3790 ut
461 3744 519 3788 alibi
543 3743 607 3788 solet
629 3742 694 3797 cic,
712 3744 919 3801 commonefaceret
934 3748 1000 3789 istius
1019 3747 1094 3801 turpis
1112 3747 1234 3789 catamito-

60 3838 132 3884 sasque
149 3833 281 3885 praeturae.
316 3829 395 3874 Nimis
413 3829 496 3888 utique
522 3828 651 3875 violenter.
686 3826 780 3874 Contra
806 3828 915 3888 Madvig.
937 3829 984 3888 Ep.
1007 3845 1032 3887 p.
1049 3830 1090 3874 86.
1111 3828 1233 3875 excidisse

60 3912 168 3955 nonnulla
185 3911 330 3963 arbitratus,
348 3911 446 3957 adscitis
467 3926 506 3957 vv.
524 3912 584 3971 aeg.
606 3913 671 3957 Leid.
688 3912 816 3955 cuiusmodi
831 3914 934 3962 coastat,
963 3908 997 3954 sic
1012 3908 1064 3954 fere
1077 3909 1125 3968 leg.
1141 3914 1234 3954 censet:

61 4006 112 4048 quas
128 3994 331 4051 commonefaceret
345 3996 411 4038 istius
426 3998 516 4051 turpem
537 3998 739 4051 calamitosamque
763 3998 897 4049 praeturam
916 3993 1003 4044 fuisse,
1022 3992 1149 4036 cuiusmodi
1160 3991 1235 4050 fuisse

62 4080 121 4119 const
206 4081 265 4122 enim
283 4084 330 4122 eet.
341 4102 370 4115 -
382 4082 471 4121 constat
482 4091 529 4123 esse
542 4084 701 4135 consumptasq
715 4078 850 4131 cuiusmodi,
862 4073 966 4138 constat]
982 4077 1041 4134 lieg.
1055 4075 1121 4120 Leid.
1146 4076 1235 4120 Omnes

63 4157 134 4204 Codd.
148 4162 275 4213 ,melioress
301 4161 377 4219 volgo
399 4161 484 4211 letiam
508 4176 523 4206 a
549 4161 589 4220 Z.)
609 4162 753 4206 omittuntur
774 4175 797 4207 v.
820 4162 949 4205 cuiusmodi
971 4163 1067 4204 constat.
1103 4161 1162 4211 Sed,
1189 4156 1234 4201 nisi

14 4264 15 4301 }
63 4240 121 4287 torte
140 4246 270 4302 probamus
286 4243 405 4303 Madvigii
423 4243 557 4303 rationem,
576 4251 625 4291 est:
654 4277 668 4300 ,‚
678 4243 812 4290 cuiusmodi
832 4243 934 4304 stupris,
958 4241 1009 4287 scil.
1029 4255 1103 4300 quam
1126 4238 1234 4283 maxime

14 4316 15 4371 Ῠ
64 4327 184 4385 pudendis,
209 4329 234 4374 id
253 4340 352 4388 quoquo
372 4330 498 4373 constat.“
