2850 4759
298 301 468 371 ORKTIO
494 302 745 374 PHILIPPICA
771 310 834 386 IL,
863 328 892 374 c.
915 311 964 380 39.
1166 318 1225 380 405

33 479 117 539 non,
130 477 264 540 posses.
309 458 475 530 Omnibus
496 483 575 535 eum
597 462 814 537 contumeliis
836 469 1005 550 onerasti,
1026 490 1141 556 ouem
1164 496 1224 558 pa-

36 562 105 627 tris
127 559 225 636 loco,
253 561 282 627 si
303 559 372 628 ulla
393 563 427 629 in
450 576 482 631 te
502 564 610 645 pietas
632 579 742 642 esset,
774 568 888 636 colere
910 572 1065 642 debebas.
1106 574 1223 646 Filiam

37 660 139 738 eius,
174 681 333 729 sororem
363 674 475 747 tuam,
506 665 654 750 eiecisti,
690 668 754 735 alia
782 671 981 739 condicione
1012 679 1163 756 quaesita
1191 692 1226 745 et

36 773 123 828 arrte
142 774 341 845 prospecta.
382 764 461 831 Non
489 778 542 833 est
568 768 663 835 satis.
703 769 827 838 Probri
854 774 1057 843 insimulasti
1077 769 1225 859 pudicis-

37 863 166 930 simam
188 863 362 935 feminam.
407 865 499 956 Quid
520 879 590 952 est,
612 869 701 952 quod
725 870 801 938 addi
823 874 958 953 possiti
979 877 1166 947 Contentus
1182 900 1222 946 eo

37 985 112 1041 raon
132 965 239 1031 suisti.
280 964 568 1047 Frequentissimo
590 983 709 1038 senatu
725 971 888 1042 Kalendis
902 977 1072 1043 Ianuariis¹
1085 979 1225 1046 sedente
1309 1018 1311 1023 ·

37 1076 167 1146 patruo
190 1064 277 1131 bane
298 1066 355 1132 tibi
377 1086 453 1136 esse
474 1091 553 1138 curn
569 1071 743 1139 Dolabella
757 1094 895 1142 causam
911 1075 978 1141 odii
994 1076 1107 1143 dicere
1121 1100 1224 1147 ausus
1322 1066 1326 1069 ⁴

39 1185 102 1244 es,
134 1165 225 1246 quod
252 1166 293 1233 ab
321 1188 362 1234 eo
383 1173 496 1238 sorori
518 1187 552 1238 et
572 1173 674 1238 uxori
697 1184 774 1241 tuae
795 1186 952 1255 stuprum
975 1179 1126 1244 oblatum
1149 1200 1223 1246 esse

38 1267 285 1351 comperisses.
309 1260 417 1358 'Quis
438 1270 657 1352 interpretari
677 1286 811 1352 potest,
842 1275 1134 1357 impudentiorne,
1167 1281 1224 1361 qui
1312 1286 1317 1293 '

38 1368 237 1465 inspiratu,
269 1383 319 1434 an·
338 1369 545 1456 improbior,
577 1374 633 1454 qui
660 1374 693 1439 in
714 1375 944 1461 Dolabellam,
976 1399 1016 1443 an
1046 1379 1222 1459 impurior,

39 1469 103 1550 qui
118 1478 220 1560 <patre
242 1467 417 1548 audiente,
445 1492 488 1538 an
510 1472 697 1554 crudelior,
726 1477 783 1558 qui
803 1476 949 1545 inillam
972 1480 1133 1547 miseram
1154 1491 1224 1546 tam

41 1590 190 1653 spurce.
222 1581 290 1641 tam
311 1572 414 1653 impie
437 1573 594 1645 dixeris?
755 1640 757 1645 ,

123 1673 296 1736 ΧΧΧΙΧ.
338 1669 404 1737 Sed
424 1671 467 1738 ad
489 1673 714 1757 chirographa
737 1676 926 1746 redeamus.
971 1680 1069 1768 Quae
1085 1693 1142 1746 tua
1155 1682 1285 1748 fuitlbb

42 1772 227 1853 cognitio?
261 1773 350 1841 Acta
377 1775 468 1841 enirn
499 1775 654 1857 Caesaris
681 1778 776 1857 pacis
798 1798 902 1845 causa
923 1780 1125 1846 confirmata
1145 1793 1225 1847 sunt

41 1894 66 1941 a
85 1884 225 1958 senatu,
247 1894 333 1955 quae
355 1873 491 1955 quidem
514 1875 639 1944 Caesar
660 1880 805 1957 egisset,
825 1901 894 1945 non
915 1899 972 1957 ea,
995 1902 1081 1961 quae
1103 1882 1226 1949 Caesa-

42 1995 120 2055 rem
145 1975 255 2054 egisse
282 1973 428 2043 dixisset
453 1977 635 2045 Antonius·
693 1978 797 2049 Unde,
817 1979 883 2045 ista
911 1979 1120 2059 erumpunt?
1155 2004 1223 2061 quo

44 2087 188 2143 auctore
207 2075 459 2157 proferuntur!>
487 2077 516 2143 si
537 2089 617 2151 sunt
636 2078 740 2163 falsa,
762 2099 824 2143 our
844 2078 1058 2158 probantur?
1079 2079 1108 2144 si
1129 2100 1223 2156 vera,

45 2197 111 2244 our
137 2176 312 2257 veneunt?
350 2181 397 2243 At
421 2177 472 2243 sio
499 2177 692 2258 placuerat,
728 2190 768 2244 ut
792 2194 838 2243 'ex
858 2176 1022 2247 Kalendis
1049 2178 1158 2273 Iuniis
1180 2179 1233 2242 de·

45 2278 202 2346 Caesaris
229 2278 315 2345 actis
343 2297 422 2346 cum
449 2277 595 2353 consilio
623 2278 891 2359 cognosceretis.
917 2276 1035 2365 >Quod
1055 2278 1122 2345 fuit
1141 2297 1223 2343 con-

44 2377 188 2457 siltuma
220 2399 320 2460 quem
350 2399 500 2461 unquam
522 2380 757 2454 ‚convocastii
791 2398 874 2459 quas
904 2368 1077 2443 Kalendas
1108 2378 1222 2443 Iunias

45 2479 281 2562 exspectasti?
322 2498 467 2563 aneas,
500 2479 548 2554 ad.
568 2500 651 2562 quas
679 2492 731 2556 te,
770 2480 956 2561 peragratis
983 2486 1223 2544 veteranorum

46 2580 209 2665 coloniis,
230 2581 395 2662 stipatum
416 2581 520 2655 armis
541 2579 732 2649 rettulistis
818 2605 820 2609 ¹

127 2679 389 2763 Opraeelaram
416 2678 508 2749 ilIam
536 2682 830 2762 percursationem
858 2694 949 2749 tuam
978 2701 1095 2749 mense
1115 2677 1224 2760 Aprili

47 2796 150 2869 atque
164 2783 271 2865 Maio,
293 2795 379 2868 tum,
401 2803 479 2851 eum
502 2782 603 2848 etiam
614 2782 766 2862 Capuam
788 2780 956 2850 colomam
978 2783 1147 2849 deducere
1166 2801 1224 2846 oo·

45 2896 149 2967 uatus
170 2882 222 2952 es!
246 2880 548 2974 Quemadmodum
569 2880 659 2949 illinc
681 2881 877 2951 abierisvel
897 2885 1011 2964 potius
1033 2901 1142 2977 paene
1154 2903 1226 2946 non

47 2985 189 3062 abieris,
212 2987 355 3061 ‘scimus
399 2983 520 3050 Cultu
540 2983 616 3048 urbi
636 2983 813 3051 dictitaris.
854 2983 991 3052 Utinam
1012 2995 1155 3063 conere,
1184 2982 1284 3044 utldl

47 3082 334 3169 aliquandoillud
349 3104 468 3170 paene
490 3081 647 3150 tollatur!
685 3084 854 3164 Aequam
876 3082 1070 3151 nobilis-est
1091 3092 1149 3145 tua
1168 3077 1226 3143 illa

49 3185 297 3268 peregrinatio!
321 3184 401 3266 quid
421 3183 642 3265 prandiorum
665 3195 865 3265 apparatus,
887 3183 967 3265 quid
986 3183 1154 3249 furiosam
1175 3180 1240 3243 vi·-

42 3286 232 3360 nolentiam
262 3297 356 3352 tuam
383 3284 590 3367 proferam?
636 3280 711 3350 Tua
731 3285 798 3351 ista
819 3284 1021 3350 detrimenta
1041 3293 1139 3359 sunt3
1168 3279 1226 3346 illa

38 3399 176 3457 nostra.
216 3387 349 3466 Agrum
372 3386 602 3468 Campanum,
625 3385 681 3466 qui
702 3403 783 3452 cum
804 3384 845 3451 de
860 3378 1081 3465 vectigalibus
1098 3382 1225 3448 exime·

41 3530 238 3546 *Ι

41 3644 102 3688 prot
130 3630 261 3675 Intmcmit
277 3630 345 3674 etaim.
384 3629 447 3681 Quid
464 3627 510 3687 (nl.
528 3640 581 3671 cnm
596 3628 629 3673 nl.
648 3625 726 3686 quem)
743 3629 863 3672 metuistii
894 3627 981 3680 Credo,
1000 3641 1027 3670 ne
1044 3633 1090 3671 cot.
1126 3625 1225 3680 „Inter

44 3711 141 3758 venisse
159 3709 248 3756 Cicero
266 3709 326 3755 dicit
343 3708 465 3769 aliquem,
483 3707 566 3767 quiid
584 3723 668 3757 munus
686 3717 777 3770 patruo
794 3709 901 3756 debitum
917 3709 1074 3767 interceperit
1092 3715 1115 3753 et
1127 3708 1162 3751 Μ.
1175 3705 1225 3751 An·

44 3793 113 3841 ionio
133 3792 282 3848 extorruit,
308 3793 374 3852 quod
399 3796 517 3837 metueret
542 3791 651 3859 scilicet,
678 3806 708 3838 ue
732 3793 802 3839 selvo
820 3792 903 3849 capite
919 3806 1010 3851 negare
1027 3790 1050 3837 ci
1066 3804 1115 3836 non
1133 3792 1225 3847 posset.

44 3870 124 3919 Notus
148 3878 202 3917 eret
218 3871 371 3917 senatoribus
389 3871 464 3917 bomo
482 3873 713 3932 contemptissimus,
739 3888 811 3934 quem
828 3874 863 3917 M.
881 3873 1002 3920 Antonius
1019 3880 1110 3932 patruo
1128 3871 1225 3929 detruso

45 3954 75 3998 ad
96 3967 155 4001 eum
178 3954 260 4000 locum
285 3959 420 4008 evexerut3
452 3969 483 3998 ne
507 3954 577 4001 nobis
595 3956 691 4016 quidem
708 3958 783 4014 plane
801 3956 915 4015 ignotus,
937 3970 998 4000 nnnr
1011 3960 1052 3998 aut
1071 3951 1165 3995 Nucula
1182 3951 1225 3991 aut

45 4033 123 4082 Lento
143 4035 197 4081 tuit.
234 4035 343 4093 Philipp.
361 4037 393 4088 6,
413 4036 442 4091 5,
463 4037 501 4081 14.
519 4038 550 4092 8,
568 4039 598 4092 9,
617 4038 723 4097 iuli,
741 4041 771 4094 6,
792 4039 829 4083 13.
857 4039 953 4104 lm,
971 4038 1004 4081 20
1022 4041 1046 4081 ct
1063 4036 1091 4084 9,
1109 4031 1226 4074 23³⁶-
1251 4102 1254 4109 ι

47 4113 165 4176 sororem]
184 4117 336 4175 patruelem,
365 4130 470 4177 quacum
495 4107 626 4164 divortium
643 4120 715 4174 lecit,
742 4127 768 4166 ut
786 4121 899 4166 Fulviam
916 4119 940 4163 in
958 4112 1136 4181 matrimonium
1153 4111 1226 4153 duce-

47 4203 92 4247 ret.
113 4222 147 4239 -
173 4230 189 4256 „
200 4199 310 4244 Condicio
328 4198 456 4246 dicebatur
472 4202 646 4246 munimentum
664 4217 680 4247 a
697 4202 786 4248 inbutis
802 4200 964 4258 nuptialibus,
991 4197 1015 4241 in
1034 4194 1118 4255 quibus
1136 4204 1226 4235 conve·

48 4277 148 4330 uetant
165 4282 196 4330 de
213 4280 298 4329 futuro
316 4280 433 4341 eumuglo
454 4288 567 4341 parentes
585 4289 628 4331 aut
649 4286 779 4334 perminii
796 4281 880 4340 sponsi
903 4276 1088 4336 sponsaeque.“
1124 4272 1225 4317 Gnnev.
1264 4334 1266 4337 Ι
