2850 4759
199 205 259 269 ιιι
456 185 458 194 ’
669 198 905 270 οιοιιιιοΝιε

159 368 178 426 1
278 359 307 423 1.
349 358 399 441 Si,
432 357 696 436 occultioris,
732 380 818 442 qrrae
840 361 1004 426 recitatae
1023 370 1120 447 mint,
1154 361 1272 430 Patres
1293 381 1366 430 eou-

197 460 335 553 soripti‚
356 457 698 526 sceleratissimorum
723 460 872 528 hostium
888 463 1078 528 exercitum
1092 482 1232 529 caesum
1247 463 1367 530 fusum·

199 581 264 644 que
286 561 448 639 cognovi,
472 561 595 639 aluid,
617 559 708 643 qnod
731 573 765 628 et
786 582 906 629 omues
928 563 1078 629 maxime
1099 577 1260 644 optamus
1283 578 1315 631 et
1331 587 1367 632 ex

199 682 240 730 ea
262 662 422 744 uictoria,
444 682 529 743 quac
544 673 638 743 parta
655 674 727 738 est,
748 676 971 731 consecutum
988 665 1216 743 arbitramur,
1238 667 1281 730 D.
1295 666 1366 732 Bru·

199 774 272 828 turn
301 782 476 842 egressum
505 764 571 829 iarn
599 764 742 831 Mutina
762 782 837 829 esse
864 756 1085 844 cognossem
1118 758 1265 847 propter
1284 768 1365 833 ouius

198 854 450 945 perionlrun'a'd
472 882 553 942 saga
575 864 739 940 issemus,
774 874 916 945 propter
942 865 1092 930 eiusdem
1115 865 1264 932 salutem
1286 867 1366 934 rede

197 963 327 1030 undum
349 963 391 1030 ad
411 964 593 1046 pristinum
616 966 777 1030 restitum
792 965 866 1030 sine
880 963 949 1031 ulla
965 963 1174 1032 dubitatione
1190 989 1366 1035 censerem.

197 1068 288 1132 Ante
310 1085 413 1149 vcro,
433 1084 534 1146 quam
556 1065 601 1132 ait
622 1083 660 1130 oa
682 1085 758 1143 res,
780 1086 881 1148 quam
903 1065 1097 1131 avidissime
1119 1067 1242 1136 civitas
1264 1090 1368 1152 exspe-

197 1176 284 1248 ctat,
316 1164 434 1245 allata,
460 1164 587 1232 laetitia
609 1165 677 1232 frui
697 1166 780 1233 satis
803 1178 856 1245 est
877 1166 1048 1233 maximae
1069 1168 1368 1249 praeclarissimae-

124 1304 130 1311 ·
196 1285 261 1348 que
281 1264 604 1348 pugnaep'reditum
627 1265 669 1333 ad
692 1268 852 1359 vestitum
876 1268 1054 1334 conlectae
1080 1270 1248 1337 victoriae
1269 1293 1368 1337 reser-

157 1371 287 1434 trate.
329 1366 509 1435 Confectio
530 1379 644 1435 autem
667 1365 768 1435 huius
790 1366 867 1433 belli
891 1380 942 1434 est
965 1368 1004 1434 D.
1023 1368 1116 1434 Bruti
1131 1367 1240 1436 salus.
1284 1371 1370 1459 Quae

197 1468 251 1533 'est
287 1474 402 1534 tutem
433 1468 498 1535 ista
529 1470 713 1545 seruientia,
750 1480 789 1534 ut
817 1469 851 1541 in
881 1467 1084 1535 hodiernum
1117 1468 1207 1535 diem
1239 1473 1370 1538 vestitus

196 1578 371 1646 mutetur,
409 1567 530 1635 deiude
557 1590 632 1636 cras
659 1569 768 1649 sagati
795 1567 1037 1650 prodeamus?
1086 1570 1160 1636 Nos
1187 1591 1274 1636 vero
1302 1592 1369 1637 onrn

197 1666 304 1735 semel
326 1667 368 1734 ad
390 1687 487 1754 euru,
522 1688 622 1752 quem
644 1673 801 1752 cupimus
824 1680 1065 1752 optamusque,
1088 1672 1254 1738 vestitum
1277 1672 1371 1738 redie-

197 1769 324 1847 rimus,
372 1768 406 1837 id
445 1790 609 1850 agamus,
654 1782 694 1837 ut
731 1779 817 1838 euru
852 1772 885 1836 in
919 1783 1122 1852 perpetuum
1159 1773 1368 1840 retineamus.

134 1948 136 1953 ¹
197 1870 286 1937 Natu
314 1870 379 1937 hoo
406 1871 542 1954 quidem
570 1894 650 1939 cnm
679 1884 778 1955 turpe
806 1883 876 1956 est,
909 1885 980 1937 turn
1008 1894 1050 1939 ne
1071 1873 1135 1940 diis
1157 1873 1297 1955 quidem
1316 1872 1370 1940 irn-

98 1960 127 2055 s
198 1971 400 2041 mortalibus
428 1984 584 2059 gratum,
617 1975 658 2040 ab
685 1995 806 2040 eornm
835 1975 921 2051 aris,
956 1972 997 2040 ad
1020 1995 1103 2055 quas
1126 1975 1237 2053 togati
1259 1974 1371 2040 adieri-

159 2073 177 2135 7
199 2093 293 2150 mus,
308 2072 350 2139 ad
366 2095 447 2153 saga
462 2074 627 2141 annuenda
642 2073 830 2142 discedere.
859 2078 969 2156 Atque
985 2075 1244 2153 animadverto,
1261 2077 1370 2143 Patres

199 2175 404 2257 conscripti,
426 2174 592 2257 quosdam
615 2175 694 2242 ltuio
709 2175 826 2241 favere
840 2177 1046 2253 sententiam
1067 2197 1214 2257 quornm
1232 2197 1271 2240 ea
1287 2192 1372 2241 ment

199 2275 299 2358 idque
321 2275 500 2343 eonsilium
524 2288 595 2356 est,
627 2288 681 2355 ut,
717 2298 795 2344 eum
817 2274 955 2341 videant
976 2275 1263 2354 gloriosissimum
1287 2275 1373 2341 illurn

199 2377 241 2444 D.
264 2376 370 2443 Bruto
392 2377 545 2444 futurum
569 2376 674 2459 diem,
701 2400 768 2458 quo
791 2377 844 2442 die
865 2387 1006 2459 propter
1020 2377 1092 2442 eius
1107 2374 1257 2442 salutern
1275 2378 1375 2444 redie-

200 2477 326 2554 rimus,
349 2477 438 2542 lruuu
453 2488 583 2544 tautum
600 2480 629 2555 ei
644 2478 794 2544 fructum
811 2478 942 2558 eripere
956 2476 1111 2557 cupiant,
1134 2496 1176 2541 ne
1192 2479 1376 2574 t'neruoriae

199 2580 392 2592 —————

267 2622 279 2683 l
300 2605 322 2669 t'.
339 2636 428 2668 eaerum
439 2618 576 2683 susumque]
595 2622 675 2682 primo
692 2621 790 2685 praelio
808 2623 840 2677 ad
857 2621 977 2668 Mutinam
994 2619 1028 2682 (d.
1050 2620 1088 2666 15.
1098 2619 1179 2680 April.
1198 2636 1223 2667 ι.
1234 2636 1261 2668 ιι.
1275 2636 1297 2669 c.
1310 2621 1377 2681 711.)

199 2703 293 2750 Nonius
310 2719 335 2764 p.
353 2705 412 2752 sta.
431 2706 507 2753 Mero.
518 2705 599 2764 surum
617 2718 763 2764 merumque,
781 2711 808 2751 ut
825 2718 886 2750 mox
903 2702 915 2764 5
932 2705 974 2750 27.
986 2703 1068 2762 fudit,
1087 2705 1181 2749 occidit.
1226 2704 1326 2750 Contra
1342 2705 1377 2751 Li·

199 2782 374 2857 ι1ιιι11ζ59,
390 2788 429 2834 10.
444 2791 560 2846 ingentem
576 2788 841 2846 terrorem-eaedemque
857 2800 886 2831 ae
896 2785 993 2844 sugam.
1028 2786 1066 2830 la.
1078 2786 1128 2843 at,
1148 2786 1198 2841 ot,
1215 2786 1241 2832 9.
1261 2800 1315 2831 eun
1330 2801 1377 2831 aaa·

197 2881 245 2927 pau
262 2871 349 2933 riarde,v
372 2871 461 2917 maiora
476 2869 549 2934 suen.
566 2892 600 2907 ·-
617 2870 651 2915 D.
677 2868 774 2915 Brutum
796 2881 913 2927 egressura
934 2870 981 2913 r'ara
999 2869 1090 2915 Mutirm
1107 2881 1244 2925 cognossem
1264 2869 1313 2929 (sie
1328 2869 1377 2915 rui.

196 2932 229 2997 li.
246 2965 293 3010 pro
311 2934 481 3010 rogrmrirrem‘,
500 2950 575 3012 BC.)]
594 2950 705 2999 videlicet
718 2952 750 2996 D.
762 2950 851 2997 Brutus
868 2952 963 2995 demam
981 2948 1055 2995 biduo
1068 2954 1125 3008 post
1139 2951 1245 2996 atterum
1258 2952 1378 3009 proelia·

196 3029 229 3080 ad
247 3034 365 3082 Mutinam
381 3034 418 3095 (rt.
435 3036 477 3081 27.
495 3033 575 3094 April.
585 3049 617 3080 a.
629 3048 653 3080 n.
666 3048 688 3081 c.
701 3031 773 3093 711.)
788 3036 822 3079 ad
840 3033 1032 3093 peraequandum
1044 3032 1177 3078 Antonium
1194 3033 1283 3092 egredi
1300 3033 1378 3092 petit

196 3116 306 3175 Munna,
336 3117 378 3165 ubi
401 3116 457 3164 indo
479 3132 495 3162 ι
518 3118 603 3164 Menae
625 3115 755 3163 Decembri
778 3131 803 3162 a.
821 3116 881 3163 710.
904 3115 1114 3181 obsessus-tuerat
1131 3115 1163 3160 ab
1182 3113 1309 3162 Antonio.
1327 3115 1376 3162 etr.

195 3199 227 3243 ad
246 3199 334 3246 Famil.
355 3201 400 3253 tl,
422 3200 460 3245 ta.
484 3199 560 3259 ipsius
577 3199 610 3244 D.
628 3198 698 3244 Bruti
716 3213 746 3244 ea
764 3181 795 3243 tle
812 3212 839 3244 re
856 3197 1030 3243 narrationem.
1064 3197 1130 3242 Hine
1147 3197 1261 3256 arguitur
1279 3197 1314 3255 ia,
1340 3197 1378 3258 qai

160 3318 162 3322 .
195 3274 230 3326 M.
249 3278 327 3328 Bruto
344 3282 474 3341 supposuit
492 3280 538 3340 Ep.
556 3281 581 3327 4.
599 3280 776 3327 Prendobrutir
806 3280 839 3325 D.
858 3281 928 3325 Bruti
944 3281 1070 3335 eruptio
1094 3293 1142 3323 rroa
1157 3281 1232 3324 rotaria
1252 3281 1379 3338 ι’μίηἱι·

194 3363 255 3409 turia
264 3362 330 3421 suit,
352 3365 392 3410 red
409 3365 478 3411 etium
495 3365 599 3410 murima
616 3356 650 3408 nd
665 3365 788 3411 victorum
804 3364 944 3409 adiumento.
956 3386 990 3399 -
1007 3363 1096 3407 tortitia
1107 3360 1164 3420 srur'
1179 3363 1239 3409 aetia
1257 3360 1380 3420 «31]11.

194 3441 252 3505 11οι
279 3458 526 3492 normanorum
551 3446 669 3501 contusis,
700 3452 727 3491 ut
750 3460 826 3507 saepe
849 3444 936 3490 litteris
954 3444 975 3488 F
992 3448 1016 3488 et
1030 3443 1070 3498 E,
1099 3444 1184 3488 addita
1209 3443 1379 3502 geminatione

194 3523 261 3569 dedit
278 3527 378 3572 loetitiae
394 3531 455 3574 risus
471 3531 528 3575 ratu
546 3528 575 3575 0.
592 3528 653 3584 aliie
681 3528 730 3575 lioc
748 3542 842 3583 rursus,
873 3540 928 3573 cum
946 3525 1055 3584 ineptum
1072 3539 1126 3570 esse
1143 3525 1274 3581 viderent,
1297 3526 1379 3571 irm-

193 3611 276 3653 tarunt
293 3610 413 3667 nonnulli,
436 3617 463 3658 ut
480 3612 557 3671 rotgo
575 3611 668 3658 oditur:
691 3611 864 3661 laetitiarum
880 3610 938 3653 ratis
954 3612 1003 3662 eutr
1026 3609 1070 3652 aed
1089 3606 1179 3657 Cicero
1196 3621 1300 3666 semper
1308 3608 1379 3666 fini.

190 3687 298 3758 perfrui,
316 3704 437 3752 nunqnam
455 3697 488 3738 utr'
506 3690 611 3749 laetitias
629 3693 705 3739 minna
717 3693 791 3739 etiam
805 3693 906 3736 laetitiae
918 3703 986 3743 usura
1003 3695 1030 3734 ut
1042 3694 1138 3733 taceam
1150 3690 1181 3733 de
1193 3690 1380 3737 comitantia-r

193 3772 314 3831 duplicem
336 3771 361 3817 ln
386 3775 481 3819 modum
504 3776 618 3821 intricata
643 3788 696 3819 urus
719 3778 776 3819 antis
797 3778 831 3818 ert
854 3779 878 3819 et
896 3769 999 3816 laetitiae
1014 3772 1130 3815 morimur
1143 3782 1250 3839 pugnae.
1288 3772 1378 3819 Noun

192 3855 217 3900 lu
234 3856 290 3902 leet.
307 3867 400 3911 pugnae
417 3855 512 3901 dativus
528 3862 573 3903 ert.
601 3857 672 3919 ⁴ind
690 3857 782 3902 multat
816 3853 1121 3914 antiquissimarum
1138 3865 1190 3898 sam
1208 3852 1295 3901 Codri.

194 3990 199 3998 ⁵
261 3936 314 3997 §2
332 3946 393 3993 quar
407 3939 439 3978 ert
456 3937 541 3995 autem]
559 3937 587 3983 G.
605 3950 653 3995 pro
669 3948 728 3996 quae
744 3941 819 3983 auum
837 3940 871 3981 eet
886 3934 965 3981 Anu.
1165 3972 1173 3983 .

246 4008 272 4076 't
289 4017 314 4061 8.
331 4013 478 4075 redierimui]
497 4016 537 4062 Sic
554 4016 607 4062 AB.
625 4020 658 4062 ad
675 4021 742 4078 qnod
759 4017 947 4063 facillimarum
964 4029 998 4079 ea
1008 4000 1162 4073 ¹praecedit,
1185 4020 1238 4059 tam
1257 4030 1294 4062 ex
1312 4028 1377 4077 κῃ.

191 4101 222 4144 ad
239 4103 321 4154 rogor,
339 4095 406 4154 quod
423 4096 503 4142 verbis
520 4097 601 4153 deest,
619 4099 772 4156 cogitatione
788 4098 924 4156 suppletur.
958 4097 1138 4154 Snpptererpnt
1160 4102 1246 4143 autem
1268 4097 1376 4158 interp

192 4176 297 4236 tutores,
309 4186 352 4232 'aa
369 4176 473 4232 „uterum
491 4177 535 4222 atii
553 4178 627 4237 (V.)‚
649 4179 693 4222 ulii
709 4180 741 4225 ud
757 4183 852 4236 togarur
871 4178 944 4238 qnod
962 4178 1040 4236 ipsum
1056 4178 1168 4232 νοθείας
1183 4177 1284 4237 signum
1301 4188 1349 4225 ert.
