2850 4759
222 286 391 354 aarum
413 286 500 355 ruo
524 286 876 378 insumantur,
899 312 929 357 ο.
948 294 979 364 a.
1089 262 1092 268 ’
1131 297 1190 359 ua
1284 281 1294 293 ’

28 466 94 511 carn
116 446 236 511 Poenis
257 443 343 511 bella
363 456 562 528 gesserunt,
589 457 716 527 quanto
739 466 801 511 ros
822 445 935 512 studio
957 450 1118 515 currreuit
1137 453 1190 517 iu·

28 547 109 611 iuriis
135 557 344 625 provocatos
368 547 545 612 ,sociorum
575 546 720 612 salutem
742 567 810 612 uua
831 566 912 612 cum
931 547 1064 627 imperii
1085 553 1198 634 vestri

28 646 174 724 dignitate
196 645 405 725 detenderet
425 647 625 727 praesertim
648 668 722 711 cmu
744 645 786 712 de
807 648 965 713 maximia
988 649 1110 716 restris
1130 669 1188 715 ve-

28 746 191 827 ctigalibus
213 758 347 825 agatur.
1042 776 1044 781 ¹

94 848 176 913 Nam
199 859 392 913 ceterarum
414 847 667 929 provinciarum
689 848 885 929 vectigalia,
908 849 1072 940 Quirites,
1095 863 1188 917 tanta

28 959 107 1024 saud,
141 960 178 1014 ut
208 949 249 1015 iis
271 947 313 1013 ad
340 949 430 1029 ipsas
452 948 644 1029 provincias
675 949 833 1015 tutandas
855 950 914 1015 vix
940 952 1092 1017 contenti
1112 970 1187 1017 esse

29 1050 202 1128 possimusa
236 1050 317 1114 Asia
339 1069 421 1113 vero
443 1060 512 1115 tam
536 1052 649 1129 opima
670 1060 723 1116 est
742 1070 783 1116 ae
804 1049 943 1127 fertilis,
973 1061 1012 1117 ut
1033 1062 1068 1116 et
1087 1052 1188 1117 uber-

31 1159 87 1214 tate
104 1169 264 1228 agrortmr
287 1161 321 1214 et
341 1150 505 1215 varietate
526 1150 701 1215 fraretuum
723 1161 757 1215 et
778 1148 1009 1229 magnitudine
1023 1151 1188 1231 pastionis

30 1261 58 1313 et
73 1248 285 1315 multitudine
306 1270 422 1315 earum
445 1271 577 1327 rerum,
600 1270 685 1332 quac
700 1258 944 1333 exportantur,
966 1250 1065 1317 facile
1080 1252 1199 1317 omni.

28 1348 80 1416 bus
98 1351 195 1416 terris
214 1349 410 1416 antecellat.
452 1350 572 1431 ltaque
591 1349 676 1416 liaeo
689 1352 787 1418 vobis
801 1351 997 1433 provincia,
1021 1344 1187 1440 Quirites,

30 1451 53 1513 si
71 1462 101 1515 et
120 1449 195 1518 belli
217 1448 399 1516 utilitatem
422 1461 455 1515 et
475 1451 569 1531 pacis
591 1451 788 1530 dignitatem
809 1451 961 1517 retinere*
977 1449 1096 1536 voltis,
1117 1472 1189 1517 non

31 1549 117 1617 inodo
138 1574 156 1618 a
177 1549 391 1628 calamitate,
412 1549 473 1617 sed
494 1551 594 1617 etiam
617 1571 635 1616 a
658 1544 751 1616 metu
774 1550 976 1625 calamitatis
997 1563 1049 1619 est
1070 1550 1187 1618 defen·

31 1648 134 1716 denda.
174 1652 266 1721 Nam
294 1651 327 1715 in
356 1651 479 1718 ceteris
505 1652 625 1728 rebus,
662 1672 739 1716 cum
767 1652 860 1719 venit
887 1650 1079 1729 calamitas,
1114 1663 1245 1725 tum15

32 1749 255 1818 detrimentum
277 1752 460 1832 accipitur3
484 1763 519 1817 at
539 1752 573 1817 in
594 1750 824 1829 vectigalibus
837 1774 907 1818 non
928 1751 1041 1819 solum
1062 1750 1188 1818 adren-

33 1853 191 1930 cumali,
227 1851 289 1919 sed
318 1852 418 1918 etiam
448 1864 558 1917 metus
587 1852 659 1932 ipse
685 1853 783 1917 affert
811 1851 1051 1920 calamitatem.
1099 1851 1187 1918 Nam
1217 1926 1219 1929 ,

31 1973 92 2017 rum
119 1952 270 2021 hosticam
288 1954 417 2033 ‘copiae
444 1975 511 2019 nou
548 1950 650 2031 longe
679 1953 819 2031 absunt,
857 1954 957 2018 etiarn
987 1953 1016 2019 si
1043 1954 1201 2034 irruptio

31 2050 105 2116 nnlla
133 2054 223 2119 lacta
257 2065 327 2131 est,
375 2065 486 2118 tamen
518 2073 626 2134 pecua
658 2053 908 2135 relinquuntur,
949 2055 1021 2131 agri
1052 2053 1190 2119 cultura

32 2149 194 2233 deseritur,
231 2165 462 2220 mercatorum
485 2155 657 2233 navigatio
678 2153 901 2236 conquiescit.
942 2153 992 2217 lta
1013 2171 1123 2232 neque
1144 2172 1189 2217 ex

31 2263 116 2327 portu
133 2276 244 2338 neque
264 2266 308 2318 ex
329 2251 482 2339 decumis
503 2275 612 2336 ireque
634 2275 678 2321 ex
699 2256 870 2336 scriptura
890 2251 1036 2330 vectigal
1051 2271 1189 2318 conaer-

31 2353 88 2416 rari
116 2367 247 2435 potesta
278 2374 382 2435 quare
414 2374 516 2434 saepe
548 2350 652 2421 totius
671 2355 763 2420 anni
792 2354 927 2420 fructus
953 2375 1021 2418 uam
1049 2371 1188 2418 rumore

31 2455 150 2528 periculi
171 2469 275 2538 atquc
295 2479 365 2522 uno
387 2452 464 2522 belli
488 2467 619 2521 terrore
639 2456 821 2520 amittitur.
865 2454 944 2541 Quo
968 2451 1103 2518 taudem
1124 2451 1188 2531 igi.
1211 2466 1248 2529 16

33 2562 76 2616 tur
99 2558 208 2622 aniano
242 2577 319 2623 csse
348 2557 550 2623 existimatis
582 2568 640 2623 aut
669 2576 747 2640 eos,
792 2555 847 2637 qui
879 2552 1058 2632 vectigalia
1088 2551 1189 2620 nobis

31 2657 195 2735 pensitant,
234 2668 294 2722 aut
323 2675 400 2722 cos.
432 2657 487 2738 qui
516 2667 680 2722 exercent
699 2668 802 2737 atque
823 2656 981 2733 eximunt,
1018 2674 1097 2720 cum
1119 2653 1187 2721 duo

32 2773 111 2833 tages
142 2779 219 2824 cum
255 2758 413 2822 unanimis
445 2759 551 2837 copiis
583 2768 724 2837 propter
751 2753 889 2821 adstnrt
930 2773 1008 2818 cunr
1036 2773 1104 2819 una
1130 2773 1190 2819 ex·

33 2857 126 2922 cursio
154 2861 325 2940 equitatus
352 2858 507 2939 perbrevi
536 2868 690 2937 tempure
723 2858 826 2922 totius
854 2854 932 2920 anni
959 2850 1104 2933 vectigal
1132 2873 1191 2918 au-

33 2952 106 3020 lerre
124 2959 265 3039 possiet
285 2980 363 3024 cum
385 2958 554 3040 publicani
573 2956 723 3032 ,familias
746 2955 931 3030 maximas,
954 2953 1090 3034 quasin
1112 2952 1191 3020 sali·

32 3054 73 3120 uis
91 3057 226 3138 habent,
251 3081 333 3141 quas
355 3060 387 3125 in
409 3063 519 3138 agris,
542 3077 624 3139 quas
646 3057 680 3120 in
700 3056 867 3136 portubus
889 3062 989 3133 atque
1011 3051 1190 3131 custodiis,

34 3175 136 3236 magno
164 3160 319 3243 periculo
348 3182 385 3227 se
414 3160 537 3226 lrabere
564 3154 798 3223 arbitrentur?
836 3153 1013 3219 Putatisne
1040 3173 1103 3219 voa
1123 3150 1190 3217 illis

34 3256 115 3326 rebus
136 3262 201 3327 frui
224 3283 345 3344 posse,
377 3261 439 3327 nisi
463 3281 542 3336 eos,
575 3257 630 3340 qui
652 3257 748 3322 vobis
769 3255 897 3320 fructui
919 3264 1017 3330 sunt,
1051 3272 1192 3319 conser-

34 3361 150 3439 rantis,
170 3386 241 3430 arou
262 3361 373 3429 sulum
396 3365 454 3436 (nt
474 3373 552 3426 ante
574 3358 663 3438 dixi)
678 3356 889 3435 calarnitate,
911 3353 972 3421 sed
987 3353 1089 3420 etiam
1104 3350 1192 3421 cala·

35 3458 140 3528 miletis
160 3464 345 3530 formidine
363 3460 557 3529 liberatos?
1277 3454 1281 3463 A

35 3591 208 3613 *Q-

88 3670 98 3731 l
118 3674 154 3720 ts.
175 3678 199 3720 ln
217 3673 308 3735 ceteris]
326 3675 356 3720 P.
375 3674 403 3720 E.
423 3675 502 3717 ceteris
520 3673 544 3715 r'rt
561 3671 619 3715 Ean.
630 3673 735 3713 —nulla
747 3667 828 3729 sucta]
848 3669 877 3713 Ρ.
896 3668 924 3712 E.
931 3667 1000 3725 sueta
1013 3669 1077 3712 trulla
1090 3666 1146 3711 Bru.
1162 3688 1195 3702 -·

37 3749 74 3810 au]
97 3755 122 3800 E.
138 3760 169 3801 ait
191 3757 255 3814 (P.)
279 3758 337 3802 Em.
355 3782 388 3794 -
405 3752 489 3816 pecua]
514 3753 609 3800 Servius
626 3754 659 3797 ad
676 3752 770 3810 Georg.
788 3752 820 3807 3,
838 3751 879 3795 64.
914 3750 1056 3796 Torrentius
1074 3749 1098 3793 ln
1116 3761 1193 3805 marg.

36 3830 126 3897 iladvig.
145 3840 265 3886 Benecke.
279 3855 368 3896 pecora
386 3839 416 3883 P.
435 3839 463 3882 E.
483 3838 539 3882 Em.

81 3919 100 3978 l
122 3924 157 3967 16.
179 3925 269 3967 taudem
287 3921 375 3982 igitur]
400 3921 511 3978 llittorp.
535 3920 625 3963 tandem
650 3918 679 3962 E.
703 3918 762 3962 Ean.
780 3942 811 3953 -
833 3918 909 3971 capite
932 3921 1033 3971 propter
1057 3909 1145 3970 adsint]
1165 3911 1195 3954 F..

37 4001 96 4051 cupii«
111 4006 190 4049 adtraat
207 4005 267 4065 (sic)
285 4004 416 4065 1‘.,(qn0d
435 4010 461 4048 ut
479 4001 489 4064 l
507 4002 547 4047 lS.
565 4002 635 4061 signo
654 4006 706 4055 est,
725 3999 849 4045 librarium
867 3998 973 4044 haesisse
990 3998 1014 4042 iu
1033 4011 1056 4042 v.
1075 3992 1194 4051 insolito.)

38 4100 209 4122 §tt——

92 4181 101 4241 l
122 4185 158 4230 16.
174 4191 241 4244 atque
258 4181 380 4243 custodiit]
396 4183 452 4228 Non
470 4186 538 4237 emt,
561 4194 603 4225 cur
622 4179 682 4227 ltaec
699 4177 724 4220 iu
743 4176 905 4234 suspicionem
922 4179 1054 4221 adduceret
1071 4168 1193 4218 Benecke.

39 4256 80 4305 Eae
95 4274 144 4311 sunt
160 4269 298 4323 custodiae,
316 4280 378 4327 quas
395 4279 438 4310 noa
451 4264 551 4309 dicimus
563 4262 734 4317 dlatttltporten.
769 4259 825 4304 Scit.
838 4258 995 4335 societatibus
1008 4256 1196 4314 publicanorum
