2850 4759
104 971 107 977 Δ
191 847 270 931 M·
313 852 593 934 TULLII
637 854 1071 938 CICERONIS

337 1067 601 1138 ACTIONIS
634 1069 922 1143 SECUNDAE

569 1264 691 1325 stvn

34 1452 596 1563 ACCUSATIONIS
649 1454 726 1563 ΙΝ
776 1457 839 1564 C.
892 1454 1224 1568 VERREM

324 1735 327 1742 -
441 1691 575 1782 omen
599 1710 823 1803 Qnannns.

515 1926 575 1997 (nn
601 1928 750 2005 smms.)
840 1927 845 1938 “

477 2168 793 2199 *⁶⁶*

343 2401 609 2478 MONITUM
650 2403 924 2476 EDITORIS·
1013 2469 1015 2472 .

124 2603 162 2672 ln
182 2601 247 2671 hac
271 2603 426 2671 oratione
446 2604 479 2671 id
501 2604 582 2671 mihi
603 2607 822 2689 propositum
837 2615 929 2690 erat,
951 2613 991 2669 ut
1010 2600 1222 2684 praeclaram

43 2727 197 2811 Zumptii
220 2730 456 2799 recensionem
481 2730 594 2814 quoad
615 2732 688 2800 eius
707 2702 792 2797 lieri
809 2739 929 2811 posset
953 2726 1172 2794 emendarem
1201 2746 1221 2792 e

44 2854 129 2926 Cod.
155 2855 262 2936 Regio
282 2856 362 2921 7774
381 2858 443 2934 Α.,
474 2867 507 2923 et
530 2855 697 2930 Leidensi.
744 2853 841 2923 Illius
868 2853 970 2922 habui
1001 2851 1220 2920 collationem
1265 2919 1271 2931 ,

45 2980 84 3045 ab
106 2978 240 3048 erudito
260 2982 382 3049 iuvene
402 2981 612 3062 confectam,
634 3001 737 3066 qnae,
761 2980 826 3048 etsi
846 3002 915 3046 non
937 2978 1060 3059 ubique
1080 2995 1219 3042 aecnea-

46 3101 209 3171 tissimam
231 3107 501 3190 essepsuspicor,
533 3119 647 3175 tamen
670 3108 786 3172 innota
808 3125 887 3172 cum
909 3100 1071 3171 simillimi
1092 3096 1220 3167 codicis

44 3224 226 3296 collatione
253 3231 438 3299 Havniensi
462 3230 647 3299 sufficiebat
677 3231 720 3297 ad
750 3227 847 3298 locos
873 3223 1057 3297 nonnullos
1085 3226 1220 3294 sanitati

44 3353 293 3434 restituendos;
312 3354 485 3425 Leidensis
505 3377 588 3423 vero
608 3376 735 3424 novam
750 3353 966 3424 collationem
988 3373 1130 3436 eamque
1148 3350 1222 3419 dili-

45 3477 241 3556 gentissime
263 3479 389 3550 factam
407 3482 503 3550 Bakii
522 3483 564 3549 V.
585 3484 623 3550 C.
643 3477 812 3548 amicitiae
838 3501 878 3547 ao
903 3477 1101 3559 benignitati
1122 3497 1219 3544 aece-

44 3614 137 3683 ptam
152 3605 274 3672 refero.
314 3607 489 3690 integram
502 3606 568 3675 alio
591 3606 670 3675 loeo
693 3605 870 3673 exhibebo.
912 3604 949 3671 ln
964 3601 1134 3671 nonnullis
1151 3623 1221 3670 ma·

45 3749 212 3809 gnosum
233 3730 348 3798 fructu
370 3732 537 3813 Madvigii
563 3732 768 3800 novissimas
790 3751 892 3799 suras
915 3729 1122 3811 (teas-ta)
1139 3727 1221 3795 con·

46 3851 146 3923 sului.
174 3855 301 3925 Breves
320 3856 464 3942 denique
482 3856 596 3925 addidi
620 3856 863 3939 explicationes
886 3876 1000 3923 rernm
1022 3874 1062 3923 ae
1083 3867 1219 3925 senten·

48 3976 189 4059 tiarum,
216 4002 298 4064 qnos
321 3981 533 4053 auditoribus
553 3982 753 4067 profuturas
771 3981 1019 4051 existimabam.

505 4224 754 4240 m
