2850 4759
118 285 125 292 “
179 301 349 372 enarro
372 301 518 371 enoc.
539 299 738 382 nennio,
760 322 790 369 c.
811 305 850 369 n
870 314 903 369 er
924 304 974 368 rs.
1100 302 1158 367 na

21 485 224 536 1αιιιεΑινιιΜ
242 483 332 531 «eser
359 491 450 531 νου.
489 462 577 530 Huic
599 463 676 529 voci
696 461 823 549 favae,
842 458 1024 554 Quirites,
1045 447 1158 553 rreqioe

21 580 105 635 estro
130 566 258 635 iubeto
285 566 496 637 abstuleritis
527 566 607 636 mihi
635 564 687 602 *⁴
704 565 723 601 ⁵
746 588 853 649 neque
882 566 1075 647 eripueritis
1102 567 1156 634 rei

21 668 153 739 »uiuae
171 691 269 754 spem
295 671 478 749 libertatis,
497 689 593 758 spem
618 668 752 748 salutis,
774 690 868 753 spem
889 667 1078 752 dipuitatis.

69 786 166 882 Quid
181 792 364 871 facerem,
385 792 413 859 si
437 791 478 858 Τ.
504 790 671 857 Labienus
691 787 829 856 caedem
852 788 976 855 civium
992 788 1152 866 fecisset,
1173 794 1213 858 35

21 893 91 964 Η.
118 895 343 973 Saturninus,
364 896 401 963 ’si
435 915 606 961 carcerem
634 892 856 977 refrcpissct‚
888 894 916 959 si
947 891 1154 974 Capitolium

21 1018 74 1062 ’um
96 997 254 1066 armatis
279 997 545 1090 occupavisset?
580 997 737 1065 Facerem
765 995 818 1073 id,
840 995 934 1088 quod
960 997 999 1061 C.
1020 996 1152 1064 Marius

21 1100 92 1166 icit:
118 1100 165 1168 cd
189 1114 347 1169 senatum
370 1102 557 1180 referrem,
588 1122 650 1169 vos
677 1101 816 1168 adrem
842 1097 1007 1184 publicam
1033 1097 1153 1177 desen·

21 1202 133 1273 leodem
163 1202 396 1298 cohortarerq
424 1218 573 1274 armatus
601 1207 677 1297 ipsc
700 1204 875 1272 vobiscum
900 1216 1037 1270 armato
1064 1203 1152 1271 obsi·

21 1317 126 1373 terens.
164 1304 294 1395 Nunc,
326 1311 482 1392 quoniam
506 1331 680 1377 armorum
707 1308 856 1391 suspicio
880 1303 970 1374 nulla
994 1318 1063 1385 est,
1085 1305 1152 1375 tela

21 1429 62 1474 nn
80 1407 191 1490 videm
221 1435 292 1479 non
314 1413 380 1492 vis,
409 1435 475 1481 non
499 1411 637 1493 caedes,
668 1434 737 1479 non
760 1408 913 1495 Capitolii
936 1423 1035 1493 atque
1062 1412 1149 1479 arcis

21 1511 138 1590 ibsessip
162 1526 232 1593 est,
269 1514 330 1582 sed
355 1517 525 1584 accusatio
550 1517 755 1599 perniciosa,
788 1513 948 1592 iudicium
973 1515 1150 1591 acerbum,

21 1634 53 1680 es
71 1626 173 1685 totaa
197 1619 332 1688 tribuno
357 1618 443 1703 plebi
467 1632 625 1703 suscepta
644 1632 855 1687 contrairem
876 1618 1061 1703 publicani,
1082 1641 1150 1687 non

21 1738 60 1785 tos
78 1718 115 1787 ad
136 1742 232 1789 arma
257 1723 430 1793 vocandos
453 1722 545 1791 mihi
567 1744 658 1809 csse,
692 1723 756 1791 sed
779 1721 821 1790 ad
844 1723 1006 1804 suffragia
1028 1721 1150 1789 cohor·

21 1819 109 1890 ssmdos
127 1835 251 1894 contra
274 1830 558 1912 oppugnationem
581 1841 714 1897 vestrae
739 1828 922 1896 maiestatis
942 1826 1070 1910 putavi.

72 1939 180 2027 ltaque
204 1953 382 2015 nunonis
409 1969 527 2017 omnes
556 1972 616 2017 oro
643 1960 743 2031 etque
772 1949 923 2016 obtestor
950 1945 1148 2031 hortorque:

21 2061 65 2108 sou
80 2046 122 2112 ita
144 2070 218 2117 mos
244 2061 314 2132 est,
334 2050 509 2119 consulem
529 2074 607 2120 curn
635 2073 670 2119 es
685 2058 730 2094 aa
743 2059 761 2093 ξ*

72 2166 158 2234 Xlll.
201 2167 220 2203 ³
239 2167 257 2203 ⁴
276 2169 391 2238 timet:
422 2172 477 2254 qui
500 2169 601 2237 hasce
626 2192 685 2238 ore
709 2169 852 2237 adverso
877 2193 939 2253 pro
960 2167 1149 2253 republica
1169 2172 1223 2264 36Ι

21 2263 215 2339 cicatricosae
233 2286 330 2341 notas
351 2274 484 2341 virtutis
501 2274 647 2355 accepit,
668 2276 695 2341 is
716 2296 758 2341 ne
776 2273 865 2357 qnod
882 2275 1023 2356 accipiat
1039 2273 1150 2340 famae

21 2366 110 2439 volnus
133 2374 407 2459 [perhorrescitlg
437 2398 536 2462 quem
560 2375 742 2461 numquam
765 2378 973 2444 incursiones
1000 2375 1149 2444 hostium

22 2469 217 2559 loto-movere
237 2492 439 2561 potuerunt,
459 2481 488 2548 is
508 2502 598 2548 nunc
616 2482 780 2565 impetum
799 2481 941 2559 civium,
961 2481 1015 2548 cui
1034 2501 1150 2548 neces·

22 2577 83 2644 sario
103 2582 288 2650 cedendum
315 2596 384 2662 est,
406 2584 647 2668 perhorrescit.

73 2697 178 2785 Neque
201 2725 221 2771 a
248 2704 342 2771 vobis
365 2703 429 2769 iarn
456 2705 539 2772 bene
562 2701 713 2787 uivendi,
741 2705 800 2773 sed
821 2703 963 2773 honeste
984 2703 1149 2773 moriendi
1169 2713 1209 2777 ii

22 2794 180 2876 laenitatem
203 2809 303 2890 petit:
332 2828 439 2890 neque
463 2819 532 2875 tam
552 2820 591 2875 ut
610 2807 712 2875 domo
738 2830 799 2876 sna
817 2812 965 2886 fruatur,
986 2831 1086 2893 quam
1106 2811 1149 2876 ne
1235 2837 1237 2844 <

22 2904 101 2979 patrio
124 2909 302 2992 sepulchro
323 2912 491 2992 privetur,
513 2910 653 2980 laborat.
692 2911 781 2979 Nihil
799 2912 896 2980 aliud
910 2914 975 2979 iarn
996 2934 1058 2980 vos
1073 2925 1149 2978 orat

22 3015 94 3089 tique
113 3013 285 3095 obsecrat,
304 3014 368 3082 nisi
389 3013 437 3080 uti
463 3036 504 3083 ne
529 3035 566 3082 se
593 3014 743 3099 legitimo
765 3016 883 3083 funere
902 3027 937 3082 et
963 3015 1149 3082 domestici

23 3187 195 3215 Q*—

23 3323 75 3370 rentii
92 3334 192 3387 postulat
209 3333 291 3395 potire
308 3336 426 3380 consulare
443 3336 579 3392 imperium,
603 3341 629 3382 ut
647 3341 682 3381 eat
698 3334 709 3396 l
723 3336 762 3393 2„
780 3337 818 3384 rel
835 3338 954 3382 consulare
968 3338 1016 3391 ius,
1034 3337 1149 3384 utrumvis

23 3415 134 3460 birotam
153 3418 244 3468 Coeia
262 3419 323 3465 Cod.
341 3420 468 3480 scriptum:
487 3420 531 3466 cfr.
549 3419 705 3466 Niebubrium
723 3435 748 3480 p.
768 3422 808 3467 78.
826 3422 1149 3483 „spatiumompliuequat·
1190 3443 1196 3448 ’
1239 3459 1247 3465 .

23 3491 61 3535 tror
72 3498 105 3542 ‚rel
121 3500 220 3564 quinque
237 3503 323 3551 litteris
346 3519 396 3551 uon
417 3504 540 3565 patitur.“
576 3483 649 3552 Veiis
665 3506 739 3553 etiem
756 3506 779 3552 iu
797 3514 900 3554 mentem
917 3521 931 3552 e
948 3505 959 3567 i
977 3506 1018 3553 38.
1035 3509 1149 3567 supplere

23 3576 99 3626 inicam,

69 3685 128 3747 lli·
145 3695 283 3758 Sequentia,
302 3698 384 3759 utique
401 3696 512 3755 liberius,
528 3697 564 3745 itu
581 3699 705 3748 conatitnit
722 3699 833 3749 Beieruai
856 3701 939 3760 Itaque
950 3715 1008 3746 nunc
1021 3693 1060 3746 noi
1072 3714 1149 3745 ornnes

23 3775 63 3832 Μ.
82 3775 184 3833 obtestor,
209 3784 304 3836 hortor,
331 3784 360 3836 Q.
385 3780 505 3845 (uiritea),
530 3784 601 3828 nolite
624 3798 666 3831 tros
688 3791 710 3832 et
735 3787 796 3832 Coss.
814 3800 891 3831 omnes
904 3787 1000 3843 priunre
1010 3784 1150 3843 firmissimo

23 3856 110 3902 prurio
125 3865 178 3920 rep.
195 3865 353 3924 uparanete.
1147 3854 1152 3860 ’

70 3961 131 4023 836.
152 3975 229 4046 uolnus
248 3974 584 4033 perhorrescit-wederedam
607 3982 654 4031 eat,
682 3973 852 4039 perhorrescit]
882 3974 922 4021 Ita
939 3976 1014 4030 Coche
1042 3975 1065 4021 id
1083 3977 1150 4036 quod

23 4051 65 4090 itte
76 4049 145 4100 locum
160 4071 206 4104 non
224 4060 303 4107 babet
337 4060 480 4108 Niebubrius
498 4060 570 4122 igitur
587 4061 710 4108 correxit:
736 4077 760 4107 o.
774 4063 957 4118 pertimescit·
969 4062 1016 4107 cert.
1033 4065 1080 4113 est,
1093 4075 1150 4117 per·

24 4121 115 4182 loberii.
146 4141 188 4189 Sed
210 4160 233 4191 r.
250 4148 393 4203 pertimescit
414 4149 595 4206 perictioni
616 4145 712 4192 minime
729 4147 823 4207 placete
849 4159 893 4191 uec
916 4159 974 4192 vero
997 4144 1151 4204 probabilior

25 4210 206 4273 ethelestano:
223 4242 244 4275 u.
258 4231 417 4287 perhorrescit
427 4254 439 4265 ·
450 4253 462 4265 ·
474 4232 521 4278 ceri.
539 4211 579 4289 ert,
594 4233 742 4289 pertimescit.
777 4231 832 4290 Ego
849 4230 915 4289 prius
929 4230 1087 4286 perhorrescit
1103 4241 1150 4286 pro
1202 4223 1209 4232 ⁴

26 4291 77 4347 ⁸¹⁰⁸&
91 4300 160 4354 babeo
177 4312 284 4375 adeoque
301 4313 443 4361 eliciendum
460 4322 536 4376 putor
565 4329 595 4363 ac
612 4329 670 4364 sane
687 4315 803 4364 facillime
819 4313 938 4375 posterior
956 4327 978 4360 r.
995 4312 1152 4369 perhorrescit

27 4376 48 4419 ’ἀ
61 4383 112 4439 illita
127 4395 247 4445 membrum
264 4399 347 4447 referri
365 4405 468 4460 potest„
889 4412 891 4416 ’
