2850 4759
377 1060 457 1136 nr.
497 1021 779 1143 runnu
817 1063 1250 1158 clennonls

1114 1225 1118 1231 ·
1393 1200 1394 1277 i

771 1305 868 1353 PRO

231 1502 1367 1667 nnuauurorano

695 2560 932 2653 nonnum.

309 2724 514 2802 Praeterea,
537 2743 619 2804 quae
632 2721 1044 2803 praebueruntMadrigii,
1061 2723 1278 2807 Steinmetzii,
1295 2726 1366 2794 frot·
1392 2724 1393 2735 ’

172 2858 176 2867 ·
231 2827 340 2894 scheri
363 2827 544 2900 editiones,
573 2824 728 2897 consului
750 2825 885 2892 codices
905 2828 1084 2911 praecipue
1104 2842 1190 2907 tres,
1219 2832 1367 2898 Erfurtcn·

230 2952 321 3004 sem,
344 2931 539 2997 Leidensem
555 2931 812 2996 Perizonianum
831 2930 872 2996 Ν.
887 2932 935 2997 12.
956 2929 1223 3015 etsserncnsem‚
1245 2936 1365 3002 eosdem

231 3057 375 3119 quorum
410 3034 536 3102 auxilio
571 3035 747 3100 emendavi
775 3034 997 3114 Ligarianam.
1041 3035 1197 3118 Optimus
1226 3036 1365 3107 interior

228 3151 281 3203 est
304 3138 511 3211 Erfurtensis
542 3139 626 3218 (e.)·,
656 3158 698 3203 ex
726 3135 843 3202 cadem
865 3135 993 3203 familia
1017 3138 1188 3207 Leid'eusis
1214 3142 1292 3229 (1.),
1312 3159 1364 3223 per·

230 3240 345 3309 multis
379 3255 490 3311 tamen
524 3244 612 3309 vitiis
646 3242 856 3324 inquinatusr
893 3241 1071 3311 bernensis
1099 3245 1171 3322 (b.)
1203 3245 1364 3311 simillimus

230 3344 461 3428 stephaniam,
477 3344 641 3427 volgaris,
656 3345 713 3411 sed
731 3346 920 3411 accuratius
937 3347 1083 3429 scriptus
1098 3369 1197 3430 quam
1210 3344 1363 3416 Leidensis·
1391 3350 1392 3371 ¹

229 3449 356 3516 Verum
372 3450 426 3516 ubi
443 3448 475 3517 hi
491 3446 571 3536 tres,
593 3449 660 3517 duo
674 3448 836 3526 melioris,
858 3470 943 3515 unus
958 3450 1081 3532 peioris
1097 3449 1251 3533 originis,
1271 3452 1299 3517 in
1312 3465 1363 3512 ver·

228 3553 350 3620 borum
365 3552 482 3620 ordine
499 3554 711 3634 conspirant,
724 3555 751 3620 is
766 3575 827 3634 pro
843 3572 922 3617 vera
938 3551 1039 3620 Tuttii
1054 3576 1155 3622 manu
1171 3553 1283 3622 baberi
1294 3550 1363 3620 debet

230 3668 330 3738 atque
355 3658 491 3723 omuino
516 3653 702 3722 notandum
724 3668 776 3724 est
799 3652 959 3721 familiam
980 3654 1202 3734 deteriorem,
1235 3648 1362 3740 quemad·
1391 3728 1392 3743 χ

229 3759 370 3826 modum
393 3762 424 3827 b.
445 3772 479 3824 et
499 3757 723 3829 Havniensem
746 3758 927 3840 Madvigii,
949 3759 1028 3825 item
1054 3760 1189 3830 Oxonn.
1215 3754 1361 3827 nonnullas
1391 3812 1392 3845 ,

188 3950 192 3953 ι
229 3884 383 3932 servasse
398 3862 557 3931 lectiones
572 3861 669 3927 unice
687 3882 802 3940 veras,
831 3863 863 3928 in
880 3860 1018 3928 meliore
1033 3862 1157 3929 familia
1173 3863 1362 3931 oblitteratas»
1391 3886 1392 3931 v

227 3966 344 4050 ltaque
383 3968 415 4033 iu
450 3965 595 4032 rectiore
629 3969 812 4031 verborum
846 3964 964 4033 ordine
1001 3964 1212 4035 restituendo
1248 3964 1362 4034 maxine

228 4071 447 4154 profecimus,
506 4058 590 4136 Cu'nr
624 4081 737 4134 autem
765 4069 1018 4136 innumerabilia
1043 4071 1112 4138 sint
1140 4071 1174 4136 iu
1205 4069 1256 4138 his
1285 4058 1361 4135 endi·

132 4180 135 4191 ‘
228 4177 414 4258 scripturae
437 4172 534 4248 vitia,
556 4173 589 4238 in
610 4193 649 4238 eo
673 4194 727 4238 me
748 4171 917 4250 continui,
938 4186 994 4250 ut,
1015 4173 1072 4242 ubi
1086 4175 1126 4241 ab
1139 4174 1293 4241 Ernestio
1306 4162 1360 4249 (a.)

171 4286 175 4297 ¹
228 4276 467 4344 discedendum
493 4286 600 4351 esset,
635 4287 692 4340 aut
717 4276 773 4339 ubi
793 4275 955 4344 dubitatio
972 4273 1081 4358 aliqua
1098 4266 1231 4345 devera
1249 4277 1359 4343 lectione
1390 4360 1391 4365 γ

228 4392 434 4458 remaneret,
466 4377 627 4444 librorum
657 4399 776 4445 eorum
801 4381 1018 4449 auctoritates
1048 4402 1263 4464 apponerem·
1390 4372 1391 4375 ¹
