2850 4759
192 240 253 307 ιιι
404 198 409 201 ’
662 234 934 307 crcnnonrs

190 396 309 495 parta
334 400 433 471 male
455 397 681 469 dilabuntur.
723 393 925 466 incredibile
948 415 988 463 ac
1012 393 1123 483 simile
1146 393 1302 478 portenti
1317 404 1386 481 cer,

196 526 344 589 quonam
371 504 475 573 modo
499 503 650 571 illatam
676 499 784 567 multa
808 519 910 582 quarn
930 498 1069 582 paucis,
1088 519 1159 564 non
1180 495 1261 563 dico
1289 518 1388 562 rnen·

96 628 101 635 ’
197 607 310 684 sibus,
344 605 406 674 sed
436 605 555 672 diebus
591 601 761 670 effuderit.
802 601 978 668 Maximus
1009 600 1077 665 vini
1104 617 1275 666 numerus
1301 597 1385 683 tuit,
1416 666 1417 675 χ

198 706 570 791 permagnumoptimi
596 703 732 787 pondus
754 703 907 784 argenti,
939 702 1092 784 pretiosa
1119 700 1243 788 vestis,
1278 697 1386 766 multa
1416 734 1417 753 ι

200 819 235 875 ot
256 806 349 875 lauta
373 806 533 891 supellex·
554 819 588 874 et
612 805 791 886 magnilica
814 802 930 872 multis
948 801 1052 891 locis,
1072 825 1148 870 non
1165 800 1223 869 illa
1239 800 1383 884 quidem

32 972 40 981 ,
199 907 370 979 luxuriosi
398 910 565 986 hominis,
601 908 663 978 sed
693 919 807 974 tamen
835 904 1051 973 abundantis.
1105 903 1237 972 Horum
1267 905 1384 986 panus

138 1020 180 1085 67
201 1007 318 1079 diebus
333 1010 429 1077 ¹nihil
453 1023 539 1078 erat.
583 1010 682 1101 Quae
706 1008 896 1089 Charybdis
921 1020 989 1074 tam
1011 1005 1156 1074 'vorari
1188 1005 1384 1087 Charybdin

201 1111 307 1181 dicct>
328 1133 415 1195 quas
435 1113 562 1189 siluit,
584 1113 649 1179 l'uit
667 1109 791 1179 animal
815 1131 937 1177 unum:
957 1108 1116 1203 Oceanus
1134 1105 1270 1174 medius
1288 1107 1384 1174 lidius
1416 1138 1417 1189 3

200 1216 261 1281 vix
282 1214 418 1282 videtur
440 1225 491 1281 tot
520 1233 574 1281 res
603 1225 671 1280 tam
697 1210 897 1294 dissipatas,
920 1223 987 1304 tam
1014 1210 1218 1277 distantibus
1241 1211 1280 1276 in
1302 1208 1384 1277 locis

200 1315 331 1397 positas
360 1327 430 1383 tam
466 1317 534 1384 sito
564 1315 748 1384 absorbere
775 1314 939 1395 potuisse.
992 1309 1084 1378 Nihil
1114 1323 1188 1378 erat
1217 1309 1383 1390 clausum,
1416 1342 1417 1365 ι

201 1415 285 1482 nihil
307 1417 541 1496 obsignatum,
571 1414 653 1484 nihil
677 1416 857 1498 scriptum.
907 1411 1108 1496 Apothecae
1133 1424 1225 1480 totae
1247 1414 1384 1497 nequis·

201 1519 297 1586 simis
325 1515 520 1585 hominibus
544 1518 840 1586 condonabantur.
881 1515 959 1584 Alia
985 1517 1079 1583 mimi
1102 1516 1304 1599 rapiebant,
1324 1514 1382 1582 alia

202 1618 343 1686 mimae:
375 1617 498 1686 domus
529 1631 603 1687 erat
635 1619 841 1688 aleatoribus
871 1619 1017 1700 referta,
1054 1616 1155 1701 plerra
1187 1618 1379 1685 ebriorum:

203 1730 297 1787 totos
323 1718 394 1787 dies
415 1721 738 1806 potabatur,‚atque
760 1720 795 1788 id
816 1720 900 1789 locis
921 1719 1381 1804 pluribuszsuggere'hantur

203 1822 307 1887 etiam
333 1842 435 1903 saepe
457 1823 542 1897 (non
569 1824 660 1891 enim
686 1843 823 1906 semper
846 1821 1030 1901 iste-felix)
1056 1820 1183 1889 damna
1208 1821 1379 1890 aleatoris.

204 1921 436 2005 Conelryliatis
466 1925 528 1992 Cn.
558 1925 711 2007 Pompeii
738 1925 989 2008 peristromatis
1017 1924 1201 1992 servorum
1231 1925 1266 1990 in
1295 1920 1380 1990 cellis

201 2020 311 2092 lectos
342 2035 471 2093 stratos
500 2024 646 2094 videres.
698 2026 934 2118 Quamobrem
959 2025 1103 2093 desinite
1134 2027 1273 2103 mirari,
1306 2024 1381 2091 haec

202 2136 271 2192 tarn
290 2123 447 2197 celeriter
464 2148 539 2195 esse
556 2140 774 2209 consumpta.
795 2128 873 2196 Non
889 2128 993 2196 modo
1010 2128 1109 2196 unius
1127 2128 1377 2211 patrimonium,
1416 2182 1417 2187 ,

201 2229 358 2308 quamvis
380 2226 550 2311 amplum,
572 2241 611 2295 ut
633 2228 717 2296 illud
739 2230 821 2310 fnit,
843 2230 904 2299 sed
925 2233 1026 2300 urbes
1047 2243 1082 2298 et
1102 2251 1212 2311 regna
1230 2229 1380 2297 celeriter
1416 2250 1418 2342 ι

204 2333 471 2415 tants-nequitia
495 2328 658 2398 devorare
686 2332 866 2413 potuisset.
906 2336 954 2400 At
980 2331 1078 2399 idem
1096 2331 1199 2401 aedes
1219 2333 1329 2398 etiam
1351 2341 1382 2396 et
1415 2414 1416 2417 Ἴ

139 2437 180 2499 68
201 2433 337 2501 hortos.
380 2434 408 2501 Ο
434 2432 611 2500 audaciam
636 2432 838 2500 immanem!
861 2446 898 2501 tu
923 2435 1025 2500 etiam
1050 2433 1184 2514 ingredi
1207 2432 1304 2500 illam
1328 2432 1382 2498 do·

201 2555 297 2599 mum
315 2554 419 2600 ausus
441 2534 504 2600 esi
521 2549 563 2602 ‚tu
583 2533 666 2602 illud
685 2535 941 2602 sanctissimum
959 2533 1063 2601 limen
1082 2535 1242 2602 intrare?
1264 2548 1302 2602 tu
1320 2533 1381 2600 illa-
1415 2560 1416 2603 ι

201 2654 279 2700 rum
312 2632 447 2701 aedium
482 2635 546 2704 diis
581 2637 759 2719 penatibus
796 2657 835 2704 os
870 2637 1142 2719 impurissimum
1181 2635 1381 2705 ostenderet

131 2784 134 2787 .
204 2733 319 2824 Quam
353 2735 493 2805 donnum
522 2737 860 2820 aliquamdiunemo
888 2737 1065 2819 adspicere
1096 2750 1257 2821 poterat,
1284 2758 1381 2811 nemo

201 2838 275 2904 sine
302 2836 452 2908 lacrimis
481 2841 687 2925 praeterire,
719 2836 784 2905 hac
808 2851 841 2906 te
865 2840 899 2905 in
924 2838 1027 2905 domo
1058 2838 1190 2906 tamdiu
1215 2838 1381 2907 deversari

200 2959 271 3004 non
291 2936 426 3020 pudet?
459 2941 600 3027 inqua,
637 2942 793 3024 quamvis
812 2940 896 3008 nihil
919 2941 1049 3024 sapias,
1082 2953 1200 3010 tamen
1222 2939 1309 3011 nihil
1331 2939 1381 3008 tibi
1414 2990 1415 3013 ι

200 3051 414 3120 potestesse
439 3040 642 3109 iucundum.
950 3078 952 3091 .
1103 3035 1105 3039 ’
1150 3071 1153 3075 <
1414 3048 1415 3073 ¹

268 3144 450 3216 «xxvnt.
489 3146 545 3210 An
573 3156 630 3224 tn,
662 3143 721 3211 illa
747 3146 782 3212 in
810 3142 978 3212 vestibulo
1005 3155 1119 3212 rostra
1148 3142 1288 3227 [spolia]
1309 3163 1377 3210 curn

201 3240 408 3329 adspexisti,
432 3243 573 3313 domum
593 3257 686 3315 tuam
705 3258 738 3313 te
757 3248 901 3314 introire
916 3246 1044 3328 putas?
1065 3246 1155 3312 Pieri
1172 3269 1242 3314 non
1259 3256 1375 3328 potest·

203 3342 371 3429 Quamvis
394 3346 485 3414 enim
510 3349 583 3414 sine
603 3359 741 3431 mente,
763 3348 835 3414 sine
858 3367 960 3435 sensu
986 3349 1055 3426 sis,
1075 3360 1114 3414 ut
1135 3368 1192 3428 es,
1215 3361 1329 3416 temen
1347 3358 1376 3414 ct
1413 3410 1414 3439 ¹

203 3454 291 3509 teet
317 3456 374 3511 tna
399 3459 432 3513 et
462 3458 539 3515 tuos
562 3450 664 3516 nosti·
714 3449 788 3517 Nec
814 3470 896 3516 vero
930 3461 964 3515 te
990 3472 1141 3533 unquam
1165 3471 1277 3532 neque
1302 3450 1375 3531 vigi·

199 3541 328 3611 lantem
358 3567 469 3630 neque
502 3550 536 3616 in
569 3550 701 3618 somnis
737 3550 845 3639 credo
879 3571 983 3633 posse
1022 3562 1138 3619 mente
1183 3553 1373 3620 consistere.

199 3643 352 3713 Necesse
373 3659 445 3729 cst,
464 3651 620 3732 quemvis
644 3651 711 3727 sis,
735 3662 773 3726 ut
797 3673 850 3736 es,
872 3650 1067 3720 vinolentus
1093 3653 1283 3728 stibrene,
1303 3674 1372 3720 cnm

202 3746 261 3813 tihi
290 3749 424 3817 obiecta
457 3754 503 3819 sit
529 3753 661 3833 species
689 3751 871 3830 singularis
900 3755 983 3834 viri,
1018 3755 1243 3837 perterritum
1275 3766 1307 3821 te
1336 3751 1371 3818 de
1412 3730 1413 3807 l

199 3892 395 3909 ψ

196 3990 199 3993 ’
266 3977 338 4041 567.
356 3976 501 4038 Apothecae]
515 3985 584 4025 erent
596 3978 620 4024 in
633 3979 762 4039 superlore
773 3982 885 4028 tabulato
897 3986 923 4026 et
935 3981 1016 4028 riuum
1028 3980 1053 4027 in
1066 3982 1204 4041 amphoras
1215 3982 1368 4033 defnsnnrrco
1411 4000 1412 4017 ι

199 4060 306 4119 sabanis
325 4065 404 4110 cellae
422 4062 534 4110 vinariae
551 4061 595 4107 sub
614 4067 679 4129 torro
697 4071 768 4109 erant
785 4071 810 4111 et
828 4065 907 4112 riuum
926 4064 1022 4125 dolisre
1039 4064 1209 4114 continebant.
1229 4064 1326 4113 Auens.
1340 4083 1367 4100 -
1410 4026 1413 4173 h

199 4148 353 4204 conchyliatis
372 4146 431 4205 ech]
448 4145 559 4206 stragula
578 4143 651 4191 restis
669 4144 792 4202 pretioso,
809 4161 919 4207 purpura
937 4147 1023 4194 fincta.
1410 4178 1411 4199 2

268 4250 339 4311 ἣδε.
357 4248 447 4312 spolia]
465 4252 588 4310 glossema
605 4249 701 4298 ridetur
719 4251 793 4299 etium
809 4253 946 4315 Madvigio.
