2850 4759
276 304 444 377 ourrro
471 305 555 375 ruo
581 305 617 373 r.
639 305 795 392 suurn,
825 329 855 374 ο.
880 308 929 377 n.
1119 308 1182 372 eas
1247 364 1249 370 .

33 465 236 547 regionibus,
258 488 324 549 quo
346 486 383 533 se
406 464 545 533 Catilina
566 466 757 534 inserebat?
783 465 895 535 Multo
918 467 1017 534 etiam
1039 464 1182 548 longius.

33 571 165 638 Nuntio
188 591 270 649 agro
291 570 456 656 Camerti,
485 571 626 650 Piceno,
651 569 799 646 Gallico,
836 592 917 654 quas
939 592 1016 639 oras
1036 573 1184 637 maxime

33 675 114 757 qnasi
141 676 281 742 morbus
312 675 446 757 quidam
474 673 562 742 illius
588 675 712 742 furoris
735 674 955 756 pervaserat?
987 672 1079 742 Nihil
1101 697 1183 741 vero

33 779 139 844 minus.
182 778 260 845 Fuit
285 782 392 857 enirn,
427 788 464 844 ut
491 779 557 849 iam
584 790 660 845 ante
689 777 774 856 dixi,
809 777 970 861 Neapoli,
1004 778 1122 845 fuitiu
1144 799 1184 845 ea

33 893 112 963 parte
134 880 270 960 ltaliae,
292 903 377 966 quae
398 882 545 949 maxime
566 902 605 948 ea
625 882 817 965 suspicione
832 883 952 948 caruit.
995 881 1086 973 Quid
1102 903 1182 963 ergo
1204 889 1242 957 54

33 985 141 1052 iudicat
162 997 223 1055 aut
243 985 322 1070 quid
343 986 440 1052 affert
461 998 519 1052 aut
538 987 609 1068 ipse
625 984 801 1055 Cornelius
823 997 880 1052 aut
900 1007 981 1061 vos.
1003 988 1058 1068 qui
1079 987 1119 1052 ab
1141 1008 1182 1053 eo

33 1086 102 1155 haee
136 1088 296 1157 mandata
333 1088 499 1159 defertis?
547 1087 759 1157 Gladiatores
796 1102 929 1172 emptos
964 1110 1038 1156 esse
1069 1088 1184 1156 Fausti

33 1192 233 1260 simulatione
259 1192 301 1261 ad
331 1191 469 1259 eaedem
498 1213 538 1259 ac
564 1191 760 1261 tumultum.
812 1192 863 1261 lta
887 1214 1048 1276 pr·orsus;
1079 1192 1183 1261 inter·-

33 1298 117 1378 positi
137 1310 219 1365 sunt
239 1295 463 1383 gladiatores,
495 1319 579 1381 quos
609 1308 811 1364 testamento
832 1297 936 1380 patris
958 1294 1071 1364 deberi
1091 1295 1183 1362 vide·

33 1422 106 1468 mus.
146 1406 294 1485 Arrepto
316 1412 368 1473 est
387 1398 534 1478 familia,
556 1399 689 1483 quaesi
712 1412 803 1467 esset
823 1400 1080 1482 praetermissa,
1105 1419 1185 1480 pos·

33 1517 75 1569 set
91 1503 152 1572 alia
172 1503 303 1573 familia
323 1503 436 1571 Fausti
450 1526 572 1573 munus
587 1504 760 1587 praebere.
801 1503 936 1577 Utinam
952 1502 1086 1587 quidem
1101 1499 1185 1569 haee

33 1607 92 1689 ipsa
110 1632 176 1676 non
198 1607 303 1677 modo
324 1609 515 1692 iniquorum
537 1607 698 1684 invidiae,
720 1604 781 1676 sed
801 1627 987 1690 aequorum
1010 1617 1186 1687 exspecta·

36 1711 103 1778 tioni
122 1713 321 1780 satisfacere
340 1716 477 1796 posset!
496 1712 718 1794 Properntum
733 1709 973 1789 vehementer,
991 1731 1068 1777 cum
1083 1705 1185 1790 longe

37 1826 152 1899 ternpus
175 1817 326 1885 muneris
348 1818 491 1885 abesset.
535 1815 642 1907 Quasi
662 1835 745 1881 vero
767 1826 900 1897 tempus
922 1812 1022 1880 dandi
1037 1815 1186 1883 muneris

35 1939 91 1987 uon
118 1920 215 1988 valde
245 1921 541 2004 appropinquaret.
593 1919 666 1986 Neo
694 1920 850 2002 opinante
877 1918 1020 1997 Fausto,
1051 1939 1129 1984 cunr
1156 1919 1185 1984 ia

36 2044 127 2107 neque
146 2031 251 2094 sciret
271 2046 379 2108 neque
399 2022 517 2107 vellet,
539 2021 665 2089 Familia
686 2034 738 2091 est
753 2035 957 2106 comparata.
997 2027 1043 2088 At
1056 2020 1186 2088 litterae
1208 2037 1247 2100 55

37 2140 102 2194 suut
120 2128 248 2209 Fausti,
270 2150 330 2211 per
351 2151 431 2211 quas
453 2125 508 2194 ille
528 2128 682 2208 precibus
703 2149 724 2193 a
744 2129 780 2193 P.
803 2124 894 2193 Sulla
915 2126 1015 2209 petit,
1036 2136 1075 2192 nt
1096 2137 1187 2192 emat

38 2227 247 2312 gladiatores,
280 2245 313 2299 et
334 2244 371 2299 ut
391 2230 454 2300 hos
475 2232 567 2314 ipsos
589 2241 700 2305 emat3
734 2249 840 2311 neque
861 2228 973 2297 solum
995 2228 1036 2295 ad
1058 2227 1185 2296 Sullam

40 2334 160 2415 missae,
181 2337 242 2407 sed
264 2334 306 2402 ad
326 2337 361 2406 L.
383 2337 581 2415 Caesarem,
604 2332 650 2423 Q
673 2332 890 2419 Pompeium,
914 2335 949 2403 C.
971 2333 1186 2416 Memmium,

40 2458 164 2518 quorum
186 2439 228 2506 de
250 2439 416 2508 sententia
439 2449 509 2511 tota
526 2458 585 2513 res
605 2447 701 2518 gesta
716 2451 779 2504 est.
821 2436 1027 2520 Atpraefuit
1039 2433 1186 2504 familiae

46 2558 244 2577 ⁸⁸²⁸——

93 2650 104 2714 l
125 2654 164 2701 st.
188 2656 268 2700 deleri
287 2650 398 2718 uidemus]
422 2653 452 2701 P.
469 2653 541 2702 Bern.
562 2652 653 2701 Gener.
676 2653 777 2698 aldemaro
800 2652 878 2697 dederi
903 2651 994 2713 Volgo.
1016 2677 1049 2691 -
1071 2649 1185 2713 Arrepto]

42 2732 68 2776 Al
80 2740 144 2793 empta
162 2737 203 2796 1²„
220 2744 248 2783 ut
263 2736 327 2784 cod.
343 2737 376 2783 H.
391 2736 517 2798 Stephani.
552 2737 614 2785 Item
628 2737 726 2785 Arcens.
747 2735 988 2800 153l.—praedere]
1003 2750 1148 2794 praeparere
1156 2736 1187 2782 P.

94 2840 160 2904 555.
181 2851 230 2891 totu
251 2859 288 2891 rer
310 2843 440 2907 gestaret]
461 2858 497 2890 rer
514 2849 580 2903 gnta
600 2849 634 2891 ert
656 2851 705 2891 tota
724 2845 754 2892 P.
773 2869 808 2883 -
827 2842 955 2910 Cornelius]
973 2859 1026 2892 curn
1042 2844 1125 2891 Lamb.
1138 2846 1185 2892 del.

44 2923 173 2975 uterne-
188 2926 310 2994 parando]
334 2929 364 2975 P.
384 2928 456 2976 Rern.
481 2930 565 2976 Oxou.
585 2929 615 2975 Τ.
637 2931 770 2991 eodemque
795 2932 884 2976 ducunt
906 2932 1060 2991 corruptelae
1080 2930 1187 2991 reliquo·

43 3020 83 3055 uun
100 3013 192 3061 Oxonu.
216 3017 372 3073 comparanda
394 3014 575 3075 volgo-sea
591 3013 676 3073 tamen]
691 3014 759 3061 Fort.
773 3017 813 3060 red
829 3019 1066 3062 tantum-munere
1085 3011 1184 3075 seruili]

43 3092 99 3142 'llere
117 3107 228 3161 corrupta
250 3115 302 3146 erse
322 3099 411 3162 liquetr
437 3114 468 3145 ue
489 3099 548 3146 ratis
569 3098 664 3159 quidem
685 3098 796 3144 Latinum
816 3099 910 3145 videtur
932 3113 1012 3144 manna
1034 3101 1116 3143 annila
1139 3112 1186 3157 pro

44 3191 101 3233 (Peto
115 3186 205 3241 motti,
222 3185 366 3245 praesertim
383 3197 436 3230 cum
457 3189 494 3230 ter
510 3178 641 3244 praecedat
659 3198 681 3232 v.
698 3197 778 3229 mauro
794 3180 935 3243 gladiatorii
957 3183 1092 3229 certaminis
1113 3182 1186 3243 rigui·

46 3264 111 3312 litata.
152 3268 188 3316 Ac
214 3270 235 3316 si
262 3270 300 3318 vel
325 3269 432 3315 maxims
460 3267 507 3315 dici
534 3269 568 3316 ric
596 3275 692 3327 posset,
720 3282 762 3315 cur
785 3270 882 3314 taudem
905 3270 1014 3329 gratuito
1036 3268 1186 3327 vituperaret

45 3346 122 3396 sallem
138 3361 265 3413 patronus,
291 3355 356 3416 quod
376 3353 458 3400 seruili
479 3367 557 3413 opera
576 3352 671 3398 iunctm
690 3354 763 3399 essetl
798 3353 836 3400 An
855 3355 938 3399 Servili
955 3360 991 3400 ert
1006 3352 1108 3399 nominis
1128 3367 1186 3413 pro·

47 3432 84 3488 prii
97 3438 206 3496 genitivus
224 3439 360 3500 antiquior,
388 3438 478 3507 nteit:
504 3438 529 3484 iu
543 3452 667 3484 munerea
683 3436 712 3483 P.
731 3437 834 3485 Servilio
855 3439 964 3485 Isaurico
983 3440 1041 3484 dato
1060 3436 1127 3483 Sulla
1141 3438 1186 3486 olr-

48 3517 91 3563 tulit
106 3535 128 3568 re
146 3525 176 3569 ad
194 3525 339 3570 ferramenta
361 3525 524 3581 prospiciendo
547 3523 611 3579 sive,
637 3528 662 3568 ut
686 3523 771 3569 moluit
794 3523 877 3570 Lamb.
894 3516 1073 3581 perspicienda?
1090 3523 1135 3583 (-’
1154 3524 1186 3569 ad
1273 3540 1277 3547 *

44 3597 97 3653 strat
113 3611 282 3667 prorpr'cieudas
301 3607 343 3670 P.)
357 3634 387 3648 -
403 3606 504 3673 Battum]
523 3608 621 3653 Battum
635 3607 688 3655 nef.
723 3607 788 3655 Nihil
806 3607 908 3656 eParc.
925 3609 1020 3658 notarit
1036 3608 1185 3657 Torrentius.

49 3705 248 3733 xQ-

104 3783 167 3849 554.
187 3795 283 3863 Fausti]
307 3800 410 3847 Faustus
433 3799 502 3846 Sulla
528 3799 555 3844 L.
580 3798 662 3844 Sullae
679 3799 805 3847 dictatorie
822 3801 884 3849 stiur
900 3816 934 3848 ex
950 3806 1094 3849 testamento
1110 3800 1186 3861 patris
1236 3790 1238 3799 ¹

53 3879 120 3920 nunus
140 3881 307 3937 gladiatorium
330 3887 402 3932 edere
418 3884 533 3936 debebat.
552 3897 606 3929 cum
623 3899 667 3944 per
683 3892 789 3931 aetatem
806 3893 903 3945 posset,
920 3900 1085 3948 annorumque
1101 3886 1186 3932 saltem

52 3945 108 4000 xvt.
128 3963 245 4011 terminum
267 3966 425 4013 constituerat
447 3968 531 4026 legato
549 3969 703 4026 praestando.
738 3968 800 4015 Tum
817 3970 853 4015 illi
870 3969 899 4016 P.
918 3969 1010 4018 Sullam
1027 3969 1186 4017 criminabun-

53 4035 94 4093 lllr
108 4054 154 4088 tum
169 4048 315 4108 gladiatores
332 4058 434 4106 emeret,
451 4051 574 4100 simulasse
590 4067 634 4100 eos
651 4055 682 4100 ad
701 4054 761 4100 illud
778 4068 861 4102 manns
878 4070 904 4101 ss
921 4069 1013 4112 emere,
1035 4070 1062 4101 ro
1078 4068 1135 4100 vern
1153 4053 1185 4097 ad

54 4123 134 4172 caedem
150 4136 172 4176 et
187 4137 310 4182 tumultum
327 4113 417 4183 emiale.
435 4135 562 4184 Seruum.
597 4138 709 4186 Ceterum
726 4140 770 4186 cfr.
788 4139 874 4187 Garat.

105 4229 166 4292 l55·
181 4244 210 4287 ad
230 4246 259 4291 L.
286 4226 403 4293 &murem
426 4260 476 4293 cos.
495 4261 518 4291 a.
536 4261 560 4293 u.
577 4261 598 4294 c.
621 4247 693 4302 690..
722 4241 823 4295 Antonii
844 4248 961 4295 triumviri
983 4247 1134 4295 avunculum.
1151 4267 1186 4287 -μ

57 4309 79 4360 Q·
98 4316 228 4390 Pomppum]
254 4331 334 4375 Sullas
360 4337 473 4390 nepotem
497 4346 531 4378 ex
555 4331 613 4377 ntia.
648 4330 768 4378 Asconius
792 4333 816 4380 in
838 4347 890 4393 arg.
914 4346 951 4379 or.
969 4346 1016 4391 pro
1033 4330 1133 4376 Milone.
1150 4353 1184 4367 -

58 4394 207 4473 Mammium]
224 4413 253 4461 P.
270 4414 353 4462 Sullae
370 4415 520 4476 privignumr
536 4417 599 4464 v-ad·
610 4417 640 4470 Q.
657 4416 697 4462 Fr.
709 4414 740 4472 3,
757 4414 781 4461 3.
