2850 4759
203 263 264 347 sss
473 296 497 341 2
665 255 910 339 ,crcsaoms

203 423 290 511 fuit,
324 439 444 490 ornnes
468 416 684 500 consulares,
716 419 774 503 qui
800 439 863 502 per
885 413 1117 484 valetudinem
1145 413 1301 498 exsequi
1331 411 1398 480 ela-

205 527 286 595 dem
309 524 403 593 illam
429 523 614 605 fugamque
640 517 851 606 potuissent,
872 531 1067 603 praetores,
1089 519 1320 601 praetorios,
1343 517 1398 582 tri·

206 630 319 697 bunos
346 626 455 710 plebi,
477 645 636 707 magnam
663 635 798 706 partem
820 633 978 701 senatus,
1000 641 1137 690 omnem
1158 618 1331 688 subolem
1350 619 1393 682 ιἰι-

205 729 357 798 ventutis
378 745 515 810 unoque
539 727 644 797 verbo
666 745 740 792 rem
762 723 933 807 publicam
951 721 1129 806 expulsam
1152 735 1260 804 atque
1286 732 1394 819 exterf

148 849 187 917 55
208 834 370 903 minatam
391 831 463 897 suis
484 827 638 896 sedibus!
659 827 707 895 Ut
723 827 825 907 igitur
841 827 877 893 in
894 826 1079 895 seminibus
1099 837 1152 892 est
1167 845 1283 892 eausa
1302 823 1392 889 arbe

206 956 285 1001 rum
306 945 342 1000 et
363 930 539 1015 stirpium,
562 930 611 996 sic
627 926 727 996 huius
741 924 988 996 luctuosissimi
1003 926 1080 995 belli
1095 947 1213 994 semen
1228 938 1272 992 tu
1293 925 1391 992 fuisti.

207 1034 339 1103 Doletis
365 1046 434 1101 tres
463 1032 635 1123 exercitus
661 1028 780 1113 populi
805 1031 949 1097 Romani
971 1030 1189 1096 interlectos:
1220 1027 1389 1097 interfecit

208 1137 393 1205 Antonius.
449 1134 658 1201 Desideratis
681 1129 892 1200 clarissimos
916 1134 1025 1201 cives:
1056 1152 1116 1198 eos
1136 1151 1282 1213 quoque
1305 1128 1388 1196 vobis

209 1240 333 1320 eripuit
353 1237 537 1304 Antonius.
578 1233 778 1301 Auctoritas
802 1232 903 1301 huius
926 1232 1055 1302 ordinis
1074 1234 1195 1300 afflicta
1217 1244 1296 1300 csta
1318 1232 1385 1313 atili·

208 1343 261 1408 xit
288 1338 469 1409 Antonius.
510 1336 633 1404 Omnia
661 1334 825 1417 denique,
860 1355 946 1417 quae
973 1347 1093 1418 postea
1121 1333 1269 1402 vidimus
1301 1329 1383 1415 (mit

208 1454 323 1511 autem
343 1439 422 1507 mali
439 1462 506 1507 ιιοιι
524 1436 722 1514 vidimusl')
743 1438 772 1504 si
792 1448 886 1505 recte
904 1436 1205 1513 ratiocinabimur,
1220 1437 1284 1501 uni
1301 1453 1382 1502 aece-

207 1556 267 1627 pta
287 1543 477 1610 referemus
500 1540 664 1607 Antonio·
710 1539 762 1627 ¹Ut
784 1535 915 1606 Helena
938 1537 1115 1615 Troianis,
1144 1539 1195 1605 sio
1222 1539 1292 1605 iste
1315 1535 1381 1603 huic

205 1641 431 1726 reipublicae
452 1663 554 1710 causa
574 1639 672 1722 belli,
694 1660 798 1707 causa
815 1641 921 1722 pestis
943 1651 1043 1723 atque
1065 1640 1161 1707 exitii
1179 1639 1261 1706 fuit.
1304 1637 1380 1705 Reli·

208 1763 296 1826 quae
315 1754 430 1826 partes
457 1732 648 1811 tribunatus
677 1741 851 1825 principiis
885 1740 1025 1810 similes.
1077 1740 1203 1812 Omnia
1234 1740 1377 1822 perfecit,

208 1866 294 1929 quac
318 1856 474 1923 senatus,
497 1844 591 1912 salva
615 1843 809 1928 republica
832 1843 969 1910 nefieri
993 1854 1153 1926 possent,
1183 1843 1374 1925 perfecerat

209 1946 315 2014 Cuius
341 1957 454 2013 tamen
478 1944 590 2012 scelus
614 1945 650 2011 in
672 1944 803 2014 scelere
823 1945 1035 2028 cognoscite.

149 2061 189 2123 56
286 2050 421 2114 XXIII.
463 2047 675 2114 Restituebat
707 2048 836 2116 multos
869 2046 1100 2118 calamitosos.
1141 2046 1248 2115 iniis
1279 2044 1374 2130 patrui

207 2148 300 2218 nulla
319 2150 460 2218 mentio.
503 2150 538 2216 Si
555 2170 714 2235 severus,
738 2171 801 2218 cur
814 2165 882 2217 non
896 2152 932 2217 in
950 2148 1098 2217 omnes‘.l
1129 2149 1163 2216 Si
1179 2150 1370 2225 misericors,

208 2272 272 2319 cur
291 2274 358 2319 non
379 2254 414 2319 in
434 2250 544 2319 suast
566 2250 632 2318 Sed
654 2252 784 2320 omitto
794 2264 941 2319 ceteros.
983 2252 1149 2319 Licinium
1164 2249 1370 2333 Lenticulam,

208 2355 251 2423 de
281 2352 355 2421 alea
382 2352 669 2440 condemnatum,
700 2353 907 2423 collusorem
935 2375 1057 2431 suum,
1091 2355 1256 2421 restituit:
1290 2353 1372 2436 quasi

211 2475 292 2522 vero
319 2454 439 2522 ludere
467 2474 546 2520 cum
567 2457 795 2524 coudcmnato
815 2480 883 2525 ιιοιι
902 2455 1037 2523 liceret!
1071 2454 1133 2523 sed
1154 2467 1209 2539 ut,
1240 2456 1326 2538 quod
1344 2458 1371 2521 in

208 2555 282 2622 alea
310 2555 521 2638 perdiderat,
554 2557 716 2624 beneficio
738 2557 822 2640 legis
848 2556 1060 2626 dissolveret.
1104 2557 1218 2648 Quam
1244 2557 1369 2626 attulisti

207 2657 376 2722 rationem
399 2655 527 2739 populo
552 2659 726 2736 Romano,
749 2680 820 2727 cur.
834 2681 913 2726 eum
934 2661 1068 2729 restitui
1094 2661 1296 2742 oporteret?
1313 2661 1369 2727 Ab

208 2768 360 2835 sentem,
390 2753 511 2842 credo,
537 2761 570 2825 iu
597 2760 674 2827 reos
697 2759 863 2851 relatum3
895 2783 968 2828 rem
988 2762 1116 2828 indicta
1136 2783 1239 2842 causa
1257 2765 1367 2830 iudica·

209 2870 297 2934 tamt
319 2858 448 2925 nullum
475 2861 581 2928 fuisse
606 2859 648 2925 de
672 2859 745 2927 alea
768 2859 844 2940 lege
868 2860 1048 2947 iudicium,
1069 2867 1102 2931 vi
1128 2887 1321 2947 oppressum
1340 2878 1366 2932 et

207 2961 333 3040 armis,
367 2973 561 3042 postremo,
594 2960 685 3044 quod
710 2961 752 3027 de
777 2976 901 3044 patruo
931 2976 990 3031 t-uo
1017 2963 1213 3046 dicebatur,
1242 2966 1365 3048 pecunia

206 3062 371 3129 iudicium
403 3085 478 3132 esec
511 3077 726 3146 corruptum.
767 3063 862 3131 Nihil
892 3065 1029 3132 horum.
1054 3106 1091 3120 -
1115 3070 1161 3132 At
1186 3068 1363 3143 virbonus,

207 3177 242 3232 et
263 3186 300 3230 re
323 3164 457 3247 publica
476 3164 768 3246 dignus-*Nihil
788 3165 822 3230 id
844 3168 980 3248 quidem
1001 3168 1151 3236 adrem:
1173 3191 1236 3249 ego
1256 3183 1360 3245 tamen,

207 3267 364 3351 quoniam
378 3265 649 3336 ‚condemnatum
672 3288 748 3333 esse
763 3290 825 3350 pro
841 3268 946 3334 nihilo
961 3284 1030 3348 est,
1052 3273 1082 3338 si
1103 3274 1149 3337 ita
1164 3285 1266 3354 esset,
1285 3270 1358 3352 igno

125 3402 129 3409 ·
206 3388 353 3433 acerem.
395 3368 575 3434 Hominem
596 3371 749 3434 onmium
767 3372 1033 3451 nequissimum,
1055 3374 1197 3455 quinon
1217 3373 1358 3439 dubitaret

206 3467 262 3532 vel
286 3469 319 3534 in
341 3468 417 3535 loro
438 3468 519 3535 'alea
544 3469 679 3547 ludere,
702 3469 796 3551 lege,
818 3494 903 3554 quae
926 3486 979 3539 est
1004 3473 1045 3538 de
1065 3473 1157 3557 alca,
1180 3476 1356 3542 condemua-

209 3579 300 3648 turn,
323 3570 378 3651 qui
403 3570 435 3635 in
460 3571 629 3651 integrum
655 3574 821 3659 restituit,
852 3576 880 3641 is
905 3598 975 3659 non
1005 3573 1215 3658 apertissime
1233 3577 1356 3645 studium

275 3831 286 3894 l
305 3831 346 3878 55.
365 3836 411 3876 tres
422 3830 548 3893 exercitas]
562 3831 640 3883 Unum
653 3830 677 3878 in
690 3831 832 3890 Thessalis,
849 3810 951 3879 alterum
963 3833 987 3880 in
998 3833 1097 3892 Africa,
1115 3828 1211 3881 tertium
1222 3833 1353 3895 inllisparis.

205 3915 353 3962 Masurius.

273 4037 458 4099 liberatrici]
477 4038 506 4084 G.
524 4036 641 4091 Antonii,
672 4037 799 4086 Ciceronis
820 4041 845 4088 in
869 4007 997 4088 consulatu
1023 4042 1150 4101 collegae,
1175 4049 1223 4090 tan
1241 4042 1352 4089 erulis.-

206 4120 313 4177 lersefie'r'o
331 4117 401 4182 legia]
420 4116 549 4179 Significat
561 4119 696 4165 Antonium
713 4121 787 4167 fuisse
805 4125 909 4182 pecunia
926 4125 1051 4171 inductum
1068 4127 1101 4170 sd
1118 4126 1237 4173 ferendam
1252 4128 1314 4185 legen
1327 4124 1351 4167 ie

206 4203 359 4251 restitutione
376 4202 533 4259 Lenticulae‚
551 4208 577 4248 ut
595 4201 710 4247 videlicet
728 4207 829 4253 nammis
846 4208 879 4253 olr
897 4209 961 4254 hanc
979 4210 1058 4268 legem
1076 4209 1201 4256 ferendam
1216 4209 1305 4268 arreptis
1318 4221 1349 4252 sss

207 4284 311 4330 alienum
329 4285 473 4331 dissolveret
490 4284 619 4331 Antonius.
655 4282 760 4330 durau.
