2850 4759
189 387 192 393 Ἴ
267 300 436 370 ORATIO
458 300 504 368 ΙΙ.
527 297 575 369 ΙΝ
599 297 874 381 CATILINAM,
897 321 926 371 e.
947 303 978 370 7.
1137 303 1197 372 att

38 464 115 533 domi
131 483 212 531 suae
233 462 377 541 lecerat,
396 461 518 530 scirem
541 482 616 530 esse
635 464 874 545 praemissam.
914 462 952 529 In
974 463 1110 532 exilium
1137 467 1195 533 eii·
1216 467 1255 533 lt

38 570 166 643 aiebam,
187 588 288 650 quem
305 568 370 633 iam
396 567 586 647 ingressum
611 569 685 634 esse
705 568 743 633 in
766 565 888 633 bellum
912 567 1094 635 videbant
1115 569 1195 638 Ete-

35 674 107 749 nim,
140 672 260 748 eredo,
294 668 433 737 Mallius
460 671 525 737 iste
555 671 727 746 centurio,
762 671 877 753 quiin
906 691 989 751 agro
1007 671 1192 743 Faesulano

36 789 133 846 eastra
155 775 290 859 posuit,
324 772 450 841 bellum
475 770 601 857 populo
630 774 784 841 Romano
807 795 870 841 suo
896 776 1032 842 nomine
1051 775 1193 857 indixit3

37 891 63 944 et
84 877 135 945 illa
161 892 275 946 castra
301 899 391 944 arrae
412 899 480 944 non
509 874 687 944 Catilinam
716 874 837 943 ducem
860 889 1059 960 exspectant
1082 891 1117 945 et
1136 877 1192 947 ille
1222 873 1224 880 '

36 984 145 1049 eiectus
163 984 196 1048 in
217 981 357 1049 exilium
375 1003 413 1051 se
427 980 639 1067 Massiliam,
655 994 694 1047 ut
711 980 825 1061 aiunt,
846 1003 914 1049 non
928 983 963 1048 in
978 980 1062 1048 haee
1079 994 1192 1052 castra

36 1087 181 1157 conferet.
256 1137 260 1144 ,

98 1189 246 1259 vl1.0
262 1188 496 1256 condicionem
512 1204 683 1266 miseram,
695 1212 764 1256 non
780 1189 882 1257 modo
896 1176 1191 1270 administrandae,

35 1312 134 1359 rerum
161 1294 264 1360 etiam
293 1292 546 1361 conservandae
565 1314 613 1358 rer
636 1292 807 1375 publicae!
841 1294 957 1370 Nune,
989 1294 1073 1360 siL.
1099 1293 1191 1360 Cati·

34 1393 89 1464 lina
110 1397 258 1465 consiliis
279 1396 448 1466 laboribus
472 1395 630 1480 periculis
651 1396 736 1464 meis
761 1396 1007 1464 circumclusus
1031 1418 1073 1463 ao
1099 1397 1191 1465 debi-

34 1497 130 1569 litatus
149 1503 263 1569 subito
290 1502 519 1583 pertimuerit,
547 1504 747 1568 sententiam
771 1501 972 1579 mutaverit,
1001 1501 1190 1569 deseruerit

35 1622 119 1688 suos,
150 1603 332 1672 consilium
358 1604 434 1672 belli
458 1605 607 1672 faciundi
633 1605 811 1684 abiecerit,
841 1603 973 1671 exhor
995 1626 1096 1672 eursu
1115 1625 1189 1673 sce·
1214 1685 1218 1698 Ι

35 1702 98 1774 loris
127 1720 159 1774 et
187 1705 266 1776 belli
294 1710 359 1775 iter
390 1708 433 1774 ad
462 1710 580 1788 fugam
611 1720 711 1790 atque
726 1708 770 1773 'in
795 1707 934 1775 exilium
963 1711 1186 1789 converterit,

35 1831 91 1877 non
110 1809 162 1878 ille
186 1837 204 1880 a
229 1834 286 1879 me
305 1811 470 1895 spoliatus
499 1812 601 1879 armis
629 1812 810 1889 audaciae,
838 1834 908 1877 non
930 1812 1187 1895 obstupefactus

36 1933 66 1977 ao
81 1918 275 2006 perterritus
301 1938 386 1988 inea
401 1914 590 1996 diligentia,
613 1937 681 1980 non
706 1914 748 1980 de
772 1936 831 1996 spe
854 1929 1044 1999 conatuque
1070 1916 1186 2008 depul-

35 2036 94 2101 sus,
113 2019 171 2087 sed
187 2019 450 2105 indemnatus,
441 2039 623 2095 innocens,
645 2017 678 2084 in
701 2017 839 2084 exilium
859 2020 986 2085 eiectus
1008 2041 1027 2084 a
1048 2018 1187 2087 consule

34 2121 60 2186 ri
76 2135 105 2188 et
122 2125 218 2191 minis
247 2143 322 2190 esse
342 2123 490 2189 dicetur:
519 2135 553 2188 et
574 2134 691 2198 erunt,
712 2124 767 2203 qui
787 2120 899 2200 illum,
922 2124 950 2188 si
971 2121 1185 2203 horrerent,

34 2244 88 2291 non
107 2227 315 2311 improbum,
338 2224 398 2292 sed
422 2194 598 2301 miserum,
619 2246 674 2290 me
695 2249 763 2292 non
788 2224 1081 2305 diligentissimum
1106 2249 1186 2293 corr·

35 2325 139 2409 sulem,
166 2330 227 2399 sed
255 2328 528 2395 crudelissimum
554 2341 735 2409 tyrannum
758 2330 943 2395 existimari
965 2328 1079 2395 velint.
1121 2329 1185 2396 Est
1205 2340 1244 2405 15

34 2430 97 2497 mihi
116 2436 213 2522 tanti,
240 2434 410 2525 Quirites,
432 2431 531 2499 huius
549 2433 692 2500 invidiae
708 2431 813 2499 falsae
830 2444 929 2515 atque
947 2433 1080 2514 iniquae
1100 2444 1185 2498 tem-

33 2547 173 2612 pestatem
195 2540 329 2615 subire,
360 2536 544 2604 dummodo
567 2558 589 2626 a
612 2537 707 2603 vobis
732 2535 831 2604 huius
856 2535 1024 2603 horribilis
1046 2534 1122 2602 belli
1143 2558 1184 2603 ao

33 2638 129 2706 nefarii
155 2640 346 2724 perieulum
375 2640 574 2724 depellatur.
630 2641 770 2707 Dicatur
787 2663 881 2708 ¹sane
906 2643 1032 2708 eiectus
1062 2662 1137 2709 esse
1163 2663 1185 2708 a

32 2758 89 2818 me,
116 2742 302 2813 dummodo
330 2757 385 2812 eat
407 2747 441 2811 in
467 2743 616 2813 exilium.
661 2743 727 2811 Sed
744 2743 836 2819 ¹mihi
864 2745 1007 2823 credite,
1037 2769 1104 2812 uon
1131 2757 1184 2812 est

32 2839 132 2913 iturus.
172 2849 354 2931 Nunquam
375 2870 438 2927 ego
465 2869 484 2914 a
502 2847 565 2915 diis
586 2847 835 2915 immortalibus
854 2850 993 2930 optabo,
1017 2849 1181 2939 Quirites,

31 2941 152 3017 invidiae
170 2973 267 3018 meae
289 2949 451 3018 levandae
472 2973 593 3029 causa,
610 2964 657 3018 <ut
678 2951 716 3020 L.
738 2951 914 3018 Catilinam
938 2951 1061 3017 dueere
1081 2973 1183 3017 exer·

32 3046 116 3117 citum
138 3055 288 3123 hostium
310 3069 409 3138 atque
432 3056 589 3122 inarmis
619 3053 762 3122 volitare
786 3055 948 3135 audiatis;
982 3054 1041 3120 sed
1067 3055 1180 3121 triduo
1222 3143 1224 3145 .

34 3160 126 3224 tamen
150 3161 310 3252 audietis:
343 3157 519 3242 multoque
552 3160 659 3239 magis
691 3140 774 3224 illud
801 3160 922 3236 timeo,
956 3179 999 3223 ne
1026 3158 1105 3224 mihi
1136 3159 1181 3225 sit

32 3246 225 3338 invidiosum
234 3263 433 3346 aliquando,
468 3263 558 3347 qnod
586 3263 681 3329 illum
709 3264 877 3329 emiserim
908 3262 1040 3345 potins,
1079 3285 1179 3346 quam

33 3360 103 3438 quod
135 3367 303 3433 eiecerirn.
356 3367 420 3438 Sed
454 3385 531 3433 eum
558 3368 625 3433 sint
650 3363 823 3441 homines,
860 3366 914 3447 qui
948 3362 1062 3443 illurn,
1101 3386 1178 3431 eum

32 3462 181 3537 profectus
214 3470 276 3546 sit,
318 3463 463 3535 eiectum
490 3490 565 3537 esse
599 3469 729 3549 dicant,
775 3468 895 3547 iidem,
927 3469 954 3535 si
979 3470 1203 3542 interfectus,

32 3578 116 3651 esset,
145 3570 223 3651 quid
246 3570 423 3639 dicerent?
467 3572 680 3664 Quamquam
705 3572 778 3652 isti,
811 3573 866 3655 qui
888 3571 1063 3641 Catilinam
1086 3574 1178 3641 Mas·
1199 3580 1238 3643 16

32 3680 199 3705 -ι--ι

82 3748 143 3810 ΙΙΙ.
160 3758 286 3814 ingressum
303 3769 349 3800 eme
365 3756 389 3798 r'a
406 3751 500 3818 bellum]
518 3755 592 3801 TRP.
610 3758 738 3813 ingressum
755 3758 779 3800 in
797 3756 818 3801 Ι.
837 3756 943 3803 Wunder
961 3765 985 3803 et
997 3756 1105 3817 Madvig.
1124 3772 1177 3804 curn

31 3823 126 3883 Diomede
147 3855 172 3899 p.
188 3840 247 3887 466.
265 3866 298 3878 -
321 3842 363 3885 iste
385 3838 486 3885 Montius
509 3841 539 3885 R.
563 3837 692 3902 [Mattius]
723 3840 831 3899 Madvig.
868 3841 950 3897 „Cod
975 3856 1034 3887 unus
1058 3841 1177 3889 omittit.“

31 3926 73 3968 qm,
87 3921 109 3964 ia
123 3924 151 3969 n.
168 3951 200 3963 -
218 3940 263 3970 noa
280 3940 338 3971 nunc
354 3925 385 3970 P.
402 3925 462 3986 (non
480 3923 603 3981 ΤΙΙ.Ι-
625 3938 649 3970 se
673 3927 698 3969 r'm
722 3923 897 3969 MassiliamT.
915 3925 976 3984 (non
995 3923 1086 3985 ΙΙ,-)
1106 3930 1129 3969 et
1146 3940 1175 3969 ea·

31 3994 106 4049 loc-T.
133 4005 191 4067 (non
215 4006 311 4068 R.·-)
279 4015 398 4069 -otque
420 4011 517 4055 exilium
538 4008 567 4056 P.
590 4007 651 4071 (non
674 4006 739 4069 TR.)
757 4033 787 4045 -
809 4007 927 4085 miserum]
951 4008 1040 4065 TRP„
1069 4013 1096 4054 nt
1117 4007 1175 4053 Era.

32 4076 76 4139 lton
91 4090 188 4168 timidum
205 4092 309 4155 Manat.)

83 4192 444 4255 §rememorantem
462 4203 668 4264 (moncellum,
696 4210 721 4249 nt
739 4155 808 4252 Orat.
829 4198 1174 4262 l,9,22.)-lminrmodi

34 4271 159 4330 mutarn.
176 4284 236 4348 (non
253 4284 293 4350 T.)
311 4312 346 4325 -
365 4302 411 4334 erse
428 4288 556 4333 eiectusP.
575 4292 635 4352 (non
652 4288 768 4349 TR.-)
736 4290 854 4333 -timeo
872 4287 977 4331 illudit.
996 4283 1057 4346 (non
1074 4281 1114 4343 T.)

83 4385 94 4448 Ι
111 4390 146 4438 ld.
163 4397 297 4443 mehercules
314 4396 344 4444 T.
361 4422 392 4437 ·-
411 4402 477 4443 ama
494 4395 546 4444 TR.
566 4423 598 4436 -
615 4400 682 4444 erent
698 4398 723 4441 ira
738 4398 771 4443 lt.
788 4395 849 4457 (non
861 4391 904 4451 T.)
