2850 4759
134 338 140 346 .
210 273 382 344 ottarto
406 272 660 341 PHILIPPICA
684 273 801 349 xlv„
824 295 856 340 c.
877 277 914 339 ts
933 287 968 343 et
986 279 1033 343 ll.
1154 277 1214 344 4²9

17 438 92 505 ‚atis
117 453 191 505 ara
213 431 372 499 VirtntIs!
415 431 647 522 Quamobrem
676 432 866 500 maximum
895 433 1030 516 quidem
1052 433 1213 505 solatium
1234 441 1273 505 st

17 540 76 606 erit
99 536 385 621 propinquorum
415 534 536 601 eodem
565 545 787 601 monumento
810 534 975 603 declarari
996 549 1031 603 et
1051 538 1213 605 virtutem

17 662 169 707 snorum
196 648 230 702 et
249 634 367 719 populi
382 635 523 702 Romani
544 636 703 716 pietatem
727 649 762 703 et
787 648 925 703 senatus
954 637 1055 705 fidem
1082 654 1115 706 et
1136 662 1214 706 ern·

17 739 195 809 delissitni
216 737 419 805 memoriam
442 734 537 812 belli,
570 736 602 802 in
623 759 708 819 qno,
738 737 801 803 nisi
824 749 915 804 tanta
938 739 1081 806 militum
1103 742 1212 810 virtus

17 843 239 924 exstitisset,
260 837 443 920 parricidio
460 838 510 903 M.
526 838 666 903 Antonii
685 859 811 904 nomen
832 837 948 919 populi
961 841 1107 909 Romani
1123 845 1214 909 oeci·

17 943 141 1012 disset.
192 943 305 1022 Atque
320 940 423 1005 etlam
438 958 582 1014 censeo,
603 939 721 1017 Patres
737 941 939 1021 conscripti,
962 961 1046 1023 quae
1062 944 1213 1023 praemia

17 1034 194 1117 militibus
223 1041 442 1124 promisimus
470 1061 533 1108 tros
561 1058 599 1105 re
626 1038 762 1121 publiea
790 1057 990 1123 rectrperata
1012 1042 1212 1122 tributuros,

18 1130 177 1215 ea‘vivis
201 1143 458 1223 victoribusque
478 1138 669 1220 cumulate,
699 1161 778 1208 eum
801 1154 935 1223 tempus
956 1144 1104 1220 venerit,
1136 1165 1214 1226 per-

20 1244 214 1325 solvenda3
245 1244 301 1327 qui
325 1256 440 1310 autern
462 1263 507 1308 cx
526 1242 583 1327 iis,
614 1244 735 1323 quibus
758 1241 812 1309 illa
834 1243 1002 1324 promissa
1023 1257 1120 1321 sunt,
1147 1268 1211 1326 pro

21 1350 135 1428 patula
177 1346 405 1422 occiderunt,
440 1364 559 1410 eorum
596 1344 792 1425 parentibus
832 1342 970 1427 liberis,
1011 1346 1213 1425 coniugibus

23 1449 195 1515 fratribus
218 1446 335 1513 eadem
359 1445 536 1511 tribuenda
558 1464 692 1512 eertseo.
1057 1492 1061 1520 ,.

102 1552 211 1617 XIV.
252 1546 331 1625 Sed,
346 1546 579 1629 utaliquando
594 1547 762 1615 sententia
776 1548 997 1634 complectar,
1013 1550 1057 1617 ita
1073 1569 1210 1619 censeo:
1234 1550 1273 1614 36

27 1651 113 1719 Cum
144 1652 185 1717 G.
215 1651 342 1726 Pausa,
378 1648 517 1732 consul,
553 1649 757 1731 imperator,
790 1651 921 1717 initium
950 1673 1029 1718 cnm
1059 1650 1212 1719 hostibus

28 1751 236 1832 confligendi
258 1752 395 1832 lecerit,
416 1772 483 1832 quo
506 1750 635 1832 proelio
656 1750 745 1829 legio
760 1750 887 1818 Martia
901 1752 1213 1825 admirabiliiucre·

29 1853 189 1936 dibilique'
211 1854 336 1919 virtute
357 1852 548 1921 libertatem
575 1846 694 1935 populi
713 1854 857 1920 Romani
879 1851 1089 1932 defenderit,
1123 1854 1214 1938 quod

31 1953 117 2025 idem
146 1955 303 2036 legiones
332 1954 482 2021 tironum
503 1953 663 2030 feeerint3
699 1953 838 2035 ipseque
861 1954 900 2020 0·
921 1954 1050 2033 Pansa,
1081 1954 1215 2031 consul,

31 2056 239 2140 Imperator,
260 2077 338 2121 cum
361 2056 448 2122 inter
465 2054 575 2123 media
589 2053 739 2120 hostium
756 2054 822 2121 tela
838 2067 1053 2134 versaretur,
1074 2056 1216 2122 volnera

34 2159 223 2240 acceperim
254 2178 401 2241 cutuque
421 2160 463 2223 A.
486 2156 634 2228 Hirtius.
669 2152 808 2233 consul,
843 2155 1047 2236 imperator,
1082 2154 1214 2236 proelio

36 2258 167 2339 audito,
190 2280 229 2325 re
248 2260 386 2338 cognita
405 2258 595 2325 fortissimo
610 2256 974 2338 praestantIssimoque
988 2257 1102 2322 auimo
1118 2276 1217 2322 exer·

36 2360 136 2428 citum
165 2361 290 2428 eastris
318 2361 476 2426 eduxerit
503 2361 737 2439 impetumque
764 2358 799 2423 iu
826 2357 878 2422 M.
907 2359 1095 2423 Antonium
1117 2378 1231 2423 exer·x

37 2462 208 2543 citumque
230 2461 379 2530 hostium
402 2460 523 2527 lecerit
543 2460 681 2541 eiusque
703 2448 819 2540 ronias
841 2457 1018 2529 occidione
1040 2458 1216 2539 occiderit,

39 2581 95 2628 suo
132 2565 295 2630 exercitu
317 2564 364 2628 ita
390 2560 578 2646 incolumi,
623 2573 663 2628 nt
697 2581 742 2632 ne
767 2581 874 2626 unum
902 2559 1217 2642 quidemmiIitem

39 2660 259 2744 desiderante
297 2685 444 2747 cumque
472 2665 511 2729 C.
543 2664 685 2737 Caesar,
718 2683 780 2744 pro
810 2666 985 2743 praetore,
1017 2664 1278 2745 impendenti

40 2764 178 2832 consilio
199 2764 439 2846 diligentiaque
459 2785 521 2832 sua
542 2776 654 2832 castra
674 2762 819 2829 feliciter
834 2762 1025 2829 defenderit
1038 2766 1220 2846 copiasque

41 2859 204 2943 hostiurn,
233 2887 319 2948 quae
333 2865 375 2932 ad
391 2887 429 2931 ea
445 2856 558 2933 cas'tra
574 2878 809 2941 accesserant,
831 2864 1023 2946 profligarit
1037 2866 1218 2932 occiderit:

44 2963 84 3028 ob
102 2987 157 3034 eas
180 2988 237 3034 res
259 2978 414 3035 senatum
437 2967 633 3034 existimare
662 2981 695 3031 et
716 2966 866 3031 indicare
888 2980 1007 3032 eorum
1031 2968 1134 3031 trium
1155 2967 1220 3030 im-

42 3080 233 3141 peratorum
248 3069 377 3155 ,virtute
394 3069 549 3150 imperio,
573 3064 714 3133 consilio
729 3058 908 3153 gravitate,
930 3067 1133 3150 constantia,
1150 3084 1222 3132 rna·
1269 3067 1271 3071 ’

43 3167 212 3241 guitudine
245 3169 564 3254 animi„i“elicitate
597 3166 762 3250 populum
794 3169 987 3234 Romanum
1021 3166 1221 3234 foedissima

46 3266 341 3352 crudelissimaque
361 3271 526 3336 servitute
548 3267 744 3336 liberatum:
773 3289 919 3352 eumque
942 3291 1013 3335 rem
1036 3266 1219 3352 publicam,

46 3366 182 3449 urbem,
219 3370 345 3453 templa
384 3370 528 3437 deorum
566 3368 834 3455 immortalium,
869 3372 958 3436 boue
997 3370 1220 3449 fortunasque

49 3470 195 3538 omnium
217 3470 409 3553 litterasque
430 3471 667 3537 conservarint
686 3471 902 3539 dimicatione
918 3482 951 3537 et
966 3469 1118 3552 periculo
1131 3470 1221 3534 vitae

49 3584 141 3651 snae,
162 3574 212 3639 uti
234 3574 277 3640 ob
298 3593 354 3639 eas
371 3594 423 3639 res
439 3573 522 3639 bene
537 3573 673 3641 fortiter
689 3571 898 3656 feliciterque
913 3584 1026 3653 gestas
1043 3572 1082 3639 C.
1100 3571 1220 3652 Pansa,

52 3709 235 3729 Q*—

111 3812 181 3873 §Sb
203 3823 227 3864 et
244 3820 330 3877 populi
352 3818 398 3863 rto.
418 3813 539 3876 pietatem]
564 3814 605 3861 sic
624 3815 654 3862 A.
672 3822 699 3861 ut
717 3830 790 3875 snpra
809 3814 821 3876 ᾗ
838 3815 880 3860 29.
896 3813 953 3869 fidei
966 3817 1105 3873 pietatisque
1122 3815 1221 3856 nostrae.

52 3886 118 3939 BCV.
139 3900 251 3947 omittunt
269 3917 309 3949 vv.
323 3903 411 3958 populi
427 3901 473 3945 Ro.
513 3898 634 3944 Pietatem
651 3898 671 3943 el
689 3899 803 3944 militibus
820 3897 906 3944 occisis
923 3899 1075 3945 tribuendam
1093 3893 1222 3941 reuertisset

53 3970 144 4035 Cicero,
161 3982 225 4029 band
243 3983 315 4030 dublo
332 3983 462 4029 addidisset
480 3994 537 4038 erga
552 3984 656 4037 patriam
673 3986 741 4039 etque
757 3986 864 4039 parentes
880 3984 920 4029 vel
932 3982 1009 4027 simile
1021 3981 1086 4041 qnid.
1138 4028 1140 4031 ,

115 4084 184 4144 ἓὸθ.
202 4085 333 4152 occidione]
353 4091 446 4135 Firmot
463 4089 622 4136 formularum
642 4089 788 4137 vocabulum
806 4104 853 4148 pro
871 4091 985 4133 occisione
1008 4086 1070 4131 Cod.
1090 4083 1121 4129 A.

58 4265 96 4314 η
114 4190 126 4251 i
143 4195 184 4243 ili.
202 4199 233 4242 ad
250 4214 276 4244 ea
293 4197 382 4257 eastre]
400 4198 443 4245 Sle
462 4199 504 4255 0.,
526 4200 593 4258 quod
610 4196 668 4246 itero
687 4197 781 4244 videtur
796 4196 956 4243 formularum
973 4203 1107 4239 sermonem
1124 4187 1221 4235 referre.
1283 4190 1287 4201 '

98 4271 125 4320 ll·
141 4279 172 4326 ud
189 4285 271 4329 eostre.
