2850 4759
270 277 441 348 ORATIO
463 276 550 346 Ptto
576 277 615 346 0.
637 276 840 359 RABIRIO,
869 299 900 347 c.
919 282 952 347 3.
1144 283 1206 348 tit

1199 358 1211 389 2i

33 448 77 505 est
92 454 253 519 umquam
273 447 427 504 vocatus.
468 437 523 503 An
545 436 587 503 de
608 439 738 504 sororis
760 435 830 504 lilio
853 437 1048 520 diligentius
1062 460 1203 525 respon·

33 538 165 605 deudurn
193 538 276 605 est?
307 559 406 621 quem
434 539 475 606 ab
503 537 568 606 hoe
594 551 754 606 necatrun
782 560 858 608 esse
887 539 1019 618 dixtsti,
1052 563 1130 610 cum
1158 545 1203 612 ad
1303 623 1312 637 .

32 639 132 706 iudicii
147 660 280 709 moram
298 639 474 707 larniliaris
489 640 619 708 funeris
634 644 812 709 excusatio
828 655 1062 725 quaereretur.
1107 645 1201 736 Quid

33 743 108 808 enim
129 754 181 809 est
210 754 278 809 tam
301 742 371 809 veri
392 741 502 810 simile
524 763 623 825 quam
653 743 824 811 cariorem
846 744 926 812 huic
946 747 1076 813 sororis
1098 750 1201 815 ruari-

34 859 93 910 tum
120 865 220 927 quam
249 843 380 914 sororis
414 842 520 910 lilium
555 844 690 912 titisse?
738 856 840 929 atque
869 847 913 913 ita
940 849 1127 928 cariorem,
1161 861 1201 918 ut

34 944 106 1012 alter
125 947 192 1012 vita
214 944 451 1015 crudelissime
471 946 683 1029 privaretur,
706 967 786 1015 cum
802 947 899 1015 alteri
913 947 956 1016 ad
970 948 1199 1032 prolationem

33 1047 130 1114 iudicii
160 1048 303 1117 biduum
334 1048 583 1132 quaereretur?
633 1051 687 1115 An
719 1048 761 1116 de
791 1051 900 1118 servis
930 1050 1047 1121 altenis
1079 1065 1200 1123 contra·

34 1149 126 1231 legem
147 1151 284 1218 Fabiam
307 1152 447 1219 retentis
470 1162 528 1217 aut
549 1151 590 1217 de
612 1151 742 1219 civibus
763 1152 924 1220 Romanis
946 1165 1066 1221 contra
1088 1154 1198 1236 legem

35 1253 172 1319 Porciam
196 1254 383 1320 verberatis
406 1265 464 1320 aut
478 1254 606 1320 necatis
623 1255 720 1336 plura
736 1252 877 1323 dicenda
891 1267 985 1332 sunt,
1007 1277 1085 1325 cum
1102 1268 1199 1326 tanto

34 1354 129 1422 s'tutlio
150 1356 189 1422 O.
214 1356 370 1423 Rabirius
394 1351 498 1423 totius
520 1355 682 1438 Apuliae,
711 1354 875 1436 singulari
904 1355 1078 1426 voluntate
1099 1360 1202 1427 Cam··

34 1477 124 1535 panae
153 1458 337 1525 vicinitatis
367 1458 538 1525 ornetur?
584 1479 730 1541 eumque
756 1457 799 1525 ad
828 1459 901 1527 eius
928 1459 1197 1543 propulsandum

34 1559 204 1638 periculum
241 1583 310 1627 non
342 1560 446 1627 modo
480 1559 655 1638 homines,
695 1559 757 1627 sed
783 1581 890 1644 prope
918 1563 1074 1644 regiones
1103 1565 1200 1645 ipsae

33 1662 255 1738 convenerint,
290 1661 462 1745 aliquanto
491 1664 592 1729 etiam
620 1661 722 1730 latius
749 1664 934 1742 excitatae,
967 1687 1068 1747 quarn
1090 1668 1197 1749 ipsius

35 1761 193 1831 vicinitatis
216 1785 406 1831 nomenato
429 1764 562 1831 termini
584 1762 835 1847 postulabant?
855 1765 943 1832 Nam
966 1756 1044 1849 qnid
1068 1788 1132 1850 ego
1154 1770 1199 1836 atl

34 1862 59 1927 id
77 1863 203 1946 longam
226 1867 417 1934 orationem
440 1887 654 1948 comparent,
688 1865 779 1949 quod
801 1866 907 1934 estin
930 1868 1048 1936 eadem
1071 1870 1197 1939 multae

34 1967 222 2046 irrogatione
251 1971 519 2051 praescriptum,
550 1967 641 2035 hunc
669 1988 734 2034 neo
761 1988 843 2034 suae
864 1989 927 2035 uec
948 1970 1077 2037 alienae
1099 1972 1196 2054 pudi·
1250 2006 1254 2011 -

34 2068 113 2134 titire
133 2069 356 2153 pepercisset>
393 2071 485 2159 Quin
512 2072 614 2137 etiam
636 2071 795 2152 suspicor
822 2091 862 2137 eo
884 2070 965 2137 milri
987 2073 1196 2143 semihoram
1216 2092 1237 2155 9

35 2172 197 2240 alatiano
221 2175 459 2255 praestitutam
483 2193 573 2247 esse,
601 2183 638 2237 ut
659 2192 701 2235 ne
721 2169 821 2253 plura
842 2171 885 2238 de
905 2170 1087 2254 pudicitiae
1107 2174 1199 2240 ‹lice-

35 2290 102 2337 rem.
137 2273 229 2353 Ergo
254 2272 295 2338 ad
318 2274 401 2339 lraec
423 2273 584 2347 crimina,
614 2292 700 2355 quae
720 2275 855 2354 patroni
877 2272 1085 2354 diligentiam
1108 2273 1197 2343 desi·

35 2370 147 2455 lerant,
163 2374 327 2455 intelligis
343 2373 424 2442 mihi
439 2373 645 2442 semihoram
661 2375 759 2442 istaut
775 2375 917 2441 nimium
934 2373 1069 2457 longam
1082 2376 1198 2445 sitisse.

34 2530 206 2549 Q

36 2649 140 2698 halot-
153 2657 227 2713 tegern
248 2651 356 2714 Fabiam]
375 2655 405 2699 de
423 2652 559 2713 plagiariis.
594 2652 652 2699 Eius
670 2653 732 2700 lmcc
750 2651 786 2699 ris
803 2650 860 2708 tuit,
890 2666 921 2698 rae
938 2654 992 2714 quis
1008 2658 1052 2699 ant
1068 2650 1197 2713 ingenuum

34 2742 67 2779 aut
82 2737 211 2784 libertinum
230 2746 276 2783 aut
293 2752 389 2784 serrum
407 2736 512 2783 alienum
530 2736 631 2784 invitum
649 2752 731 2783 seeum
748 2736 849 2782 haberet
867 2734 1006 2783 antipatro
1022 2738 1062 2783 rel
1082 2736 1198 2784 insciente

34 2817 115 2865 domino
127 2823 248 2884 prenderet
266 2827 308 2866 aut
326 2828 417 2867 emeret
434 2820 518 2866 scions.
555 2822 614 2866 Sunt
626 2820 668 2882 qni
680 2822 756 2866 latam
770 2825 855 2879 putent
867 2834 890 2864 a.
903 2834 927 2865 u.
940 2834 961 2866 t.
975 2819 1034 2865 511.
1046 2834 1062 2865 a
1074 2822 1104 2874 Q.
1116 2820 1197 2867 Fabio

34 2899 142 2966 ltlreurte,
166 2906 329 2952 tttuctsuoto
347 2906 430 2961 Cosa,
453 2906 494 2950 sed
513 2903 567 2950 sine
581 2906 730 2964 argumentis
748 2904 850 2950 idoneis.
868 2903 912 2948 cl'r.
931 2904 989 2949 Bru.
1007 2903 1061 2947 lud.
1079 2903 1155 2963 Legg.
1173 2910 1198 2949 et

34 2982 103 3033 Bucltii
124 2990 207 3037 lristur.
231 2989 363 3048 iurirprud.
387 2989 434 3034 Ro.
459 3003 485 3047 p.
505 2989 563 3033 tut.
584 3014 615 3025 -
638 2989 713 3044 legem
736 2981 863 3047 Porciam]
888 2986 940 3032 Cic.
963 2987 994 3031 de
1012 2985 1076 3044 Rep.
1094 2986 1122 3041 2,
1140 2985 1196 3032 31.1

34 3066 93 3124 Leges
108 3074 204 3117 Porciae
227 3078 276 3117 tres
292 3077 346 3116 eunt
367 3074 438 3117 trium
456 3073 610 3123 Porciorum,
640 3072 753 3114 11111111.
779 3068 859 3115 Livius
874 3069 918 3123 10,
944 3069 1077 3112 aforet«
1095 3070 1135 3112 les·
1149 3082 1197 3124 pro

34 3153 86 3208 tergo
100 3157 178 3202 cloiam
198 3160 246 3205 luta
266 3157 374 3211 amatura
402 3156 465 3213 puori
487 3156 558 3211 graui
579 3167 669 3209 poena,
694 3155 717 3196 ei
738 3155 789 3210 quie
813 3152 953 3196 cerbon-sset
974 3155 1101 3196 trecaseetre
1124 3154 1197 3196 ciuem

35 3234 157 3294 Romnum,
175 3244 265 3299 ›sartrit
279 3249 326 3286 eet.
369 3240 436 3285 Unus
453 3254 486 3285 ex
505 3237 580 3283 tribus
597 3224 646 3284 illis
663 3237 759 3282 Porciis
776 3236 822 3282 fuit
839 3237 869 3280 Ρ.
886 3235 990 3281 Porcius
1007 3236 1104 3292 Laeca,
1129 3235 1197 3287 errius

35 3325 91 3365 aaut
105 3325 214 3370 denarius
232 3325 400 3382 Harurearup.
419 3324 491 3369 Thes.
510 3323 609 3367 tttorott.
628 3336 652 3380 p.
666 3320 726 3366 ast.
745 3323 776 3365 Ρ.
795 3322 878 3365 Leaen
895 3322 979 3366 Roru.
994 3321 1089 3381 (Caput
1101 3321 1197 3366 Romae
1251 3310 1260 3319 ’

34 3402 137 3456 satorum
154 3422 208 3453 curn
226 3408 321 3454 denarii
339 3414 414 3457 uota:
430 3403 475 3460 Χ.)
493 3408 615 3450 Pnoroco
628 3404 692 3464 (scil.
705 3404 753 3449 hae
765 3404 885 3451 formula:
907 3405 977 3449 Cim
989 3418 1110 3449 nonan
1122 3403 1197 3462 uu.)

35 3484 124 3546 (Figura
141 3497 208 3537 stans
225 3490 310 3536 liabitu
329 3490 443 3547 militati,
469 3489 548 3536 media
567 3489 630 3535 inter
648 3490 708 3534 duas
727 3490 831 3547 ligurus,
857 3503 874 3533 a
892 3489 985 3535 dextris
1003 3487 1077 3534 habet
1095 3489 1197 3547 figuram

35 3572 140 3629 togatam,
164 3574 227 3621 ciris
244 3575 292 3620 tto.
310 3575 463 3634 symbulum,
487 3588 503 3618 a
522 3575 596 3620 laeva
612 3573 725 3619 lictorem
743 3586 797 3618 cum
814 3570 902 3630 virgis3
931 3571 986 3631 ipsa
1004 3585 1064 3618 reru
1082 3573 1198 3617 dextram

35 3655 127 3701 extendit
142 3671 216 3716 supra
234 3665 310 3717 eaput
333 3658 394 3707 ciris
418 3656 529 3716 110.)-
551 3654 710 3717 coaoemn'nt]
734 3662 839 3716 propter
857 3655 975 3701 librorum
993 3655 1081 3715 (etiam
1097 3656 1197 3717 Ambr.)

35 3745 155 3784 scamarum
173 3743 339 3800 reponendum
358 3742 412 3788 luit.
447 3741 539 3788 Graev.
557 3741 616 3787 Eru.
635 3756 648 3787 e
665 3742 723 3787 eud.
766 3740 906 3786 franciotto
923 3739 1014 3799 passim
1031 3739 1197 3799 interpoletur

35 3826 179 3869 rorrearrerr'at.
194 3850 225 3862 -·
239 3806 324 3870 multae
341 3822 499 3887 irrogatione]
526 3826 645 3883 „multans
663 3825 774 3881 irrogare
791 3837 912 3883 uunquam
930 3830 966 3870 eat
983 3825 1074 3884 privati
1092 3827 1197 3882 actoris,

34 3902 66 3944 ted
81 3906 243 3964 magistratus,
262 3915 288 3953 ut
305 3907 394 3953 tribuni
412 3908 447 3966 pl.
466 3909 496 3953 de
514 3908 588 3968 Legg.
607 3890 742 3963 1,3,6.ε
760 3920 812 3950 carn
829 3909 979 3963 magistratus
997 3909 1117 3952 iudicaret!
1132 3911 1198 3953 inro-

34 3987 128 4041 rantra,
153 4005 198 4046 per
221 3994 332 4048 populana
354 3994 454 4045 mattae,
482 4004 570 4047 poenae
593 3993 690 4035 certatio
709 3993 782 4034 esto.“
799 3989 883 4034 Tana.
897 3989 946 4035 cfr.
960 4005 1008 4051 pro
1022 3991 1075 4035 ttttt.
1091 3991 1135 4046 11,
1155 3992 1197 4037 311.

35 4062 57 4108 Ρ.
71 4067 161 4118 Clodius
179 4073 234 4119 trib.
253 4075 287 4133 pl.
311 4077 372 4120 diem
390 4076 460 4127 milti,
488 4075 573 4125 cretio,
598 4076 707 4125 eliserat,
734 4074 830 4125 multam
848 4075 985 4130 irrogarat,
1012 4068 1197 4131 actionern‘per·

35 4147 139 4197 duellionis
155 4157 291 4203 intenderat.
303 4183 337 4194 -
351 4155 534 4218 praescriptum]
554 4157 610 4203 scit.
628 4155 675 4216 ipsi
694 4157 786 4201 multae
804 4155 965 4215 irrogatioui,
991 4156 1054 4200 iuter
1072 4156 1195 4207 rationes,

36 4240 122 4291 propter
137 4252 197 4298 quas
214 4239 324 4302 irrogata
342 4246 412 4287 esset.
448 4240 487 4286 Sie
505 4240 583 4286 Codri.
603 4241 677 4287 etiam
694 4238 809 4285 Antros.
822 4239 916 4286 Contra
932 4240 1088 4297 perscriptum
1101 4238 1194 4283 Manui.

25 4309 74 4363 ,itm
89 4332 110 4365 a.
129 4322 200 4370 1554.
219 4338 271 4371 cum
289 4324 412 4386 plerisque
430 4323 600 4371 recentiorum.
