2850 4759
245 297 423 369 ousno
447 290 698 367 ιιιιιιιιιιιιοι
723 297 1008 385 11.,0.1iu1s.
1146 296 1205 363 ιιι

35 457 152 528 ubliou
172 457 270 526 bene
294 458 437 536 mereris
468 455 569 526 babet
594 457 691 527 istius
711 454 932 540 pulcherrimi
953 457 1034 525 loeti
1054 456 1204 529 clarissi-

35 585 90 633 nos
111 563 211 631 viros
233 582 298 631 res
318 560 454 645 publiea
472 572 650 643 auctorem
675 583 739 647 ego
754 573 932 629 tetantum
948 558 1096 641 gaudere
1111 561 1202 655 dieo,

34 667 139 734 'eoisse
150 687 228 735 nou
240 687 368 748 arguo.
402 662 574 749 Respondi
588 665 757 735 maximis
762 665 975 746 orituinibusq
995 687 1085 735 nune
1100 668 1201 739 etim

34 769 153 855 eliquis
177 766 464 852 respondendum
485 780 551 838 est·
696 768 701 779 '

88 875 177 942 XV
222 873 352 940 Csstm
383 871 464 940 mibi
492 873 644 958 Pompeii
676 885 778 958 atque
811 831 895 942 illud
930 892 1031 941 omne
1065 832 1200 957 tempus
1221 881 1261 950 37

34 977 184 1045 biecisti.
230 974 319 1067 Quo
347 975 481 1059 quidem
510 990 662 1062 tempore
690 978 739 1055 si,
774 988 812 1044 ut
831 976 920 1057 dini,
953 996 1067 1047 meum
1089 979 1201 1045 oonsi-

34 1080 94 1147 ium
121 1081 391 1163 auctoritasque
416 1078 601 1161 valuisset,
639 1092 675 1149 tu
706 1076 807 1149 hodie
832 1102 975 1168 egeres,
1012 1103 1077 1150 nos
1101 1080 1201 1151 liberi

34 1204 189 1265 essemus3
221 1204 285 1253 res
311 1182 447 1267 publius
472 1206 541 1253 non
569 1196 619 1252 tot
644 1182 750 1252 duces
772 1196 806 1251 et
825 1186 999 1257 exercitus
1017 1186 1199 1255 sinistimu

34 1285 135 1355 lateor
157 1287 255 1361 enim
280 1307 361 1366 me,
378 1308 456 1354 eum
477 1309 534 1365 en,
562 1308 649 1372 quse
668 1285 884 1369 aeciderunt.
903 1288 1121 1372 prouiderem
1142 1291 1198 1358 lu·

34 1411 111 1471 ¹urs,
147 1391 309 1459 tantuin
330 1390 499 1459 maestitia
517 1391 641 1471 fuisse,
674 1404 801 1475 quanta
828 1393 931 1463 ceteri
953 1394 1070 1476 optimi
1091 1394 1198 1483 dves,

33 1493 48 1558 ιί
66 1493 153 1562 idem
174 1493 435 1578 providissent,
463 1493 619 1562 fuissent.
662 1494 860 1576 Dolebsm,
875 1494 1047 1586 dolebam,
1076 1499 1197 1567 Patres

33 1600 224 1682 tonsoripti,
249 1620 332 1667 rem
352 1598 667 1682 publicarn‚vestris
683 1598 857 1683 quosdam
878 1601 1028 1685 meisque
1047 1600 1197 1671 eorrsiliis

33 1715 264 1769 conservatam
285 1701 381 1770 breui
402 1714 556 1785 ternpore
576 1720 652 1769 esse
670 1703 867 1787 perituram.
908 1704 984 1775 Neo
1001 1727 1197 1777 vernorum

33 1814 89 1870 tam
108 1803 276 1874 indootus
299 1805 502 1890 ignarusque
524 1817 717 1885 1·erurn„ut
737 1807 1039 1889 li'augetenanitno
1054 1821 1197 1894 propter

33 1907 109 1975 vitae
133 1909 381 1993 cupiditatem,
421 1929 506 1992 quse
538 1930 593 1976 mo
618 1930 758 1979 maneus
782 1912 970 1981 ,conficeret
1001 1914 1197 1994 angoribus,

33 2007 158 2080 dimissa
179 2011 354 2083 molestiis
372 2013 527 2081 omnibus
548 2010 718 2083 liberaret.
763 2013 844 2084 lllos
865 2017 1197 2100 egoprnestsutissi·

34 2134 99 2182 mos
118 2118 229 2203 viros,
251 2117 383 2187 lumina
404 2118 452 2184 rei
472 2114 644 2199 publicae,
666 2116 782 2185 vivere
801 2116 976 2205 volebam,
1004 2131 1055 2187 tot
1074 2140 1197 2187 corisu-

34 2213 129 2309 lares,
159 2232 214 2289 tot
235 2220 448 2304 praetorios,
485 2232 536 2286 tot
556 2218 812 2288 honestissimos
832 2232 1024 2300 senatores,
1057 2243 1195 2291 omnem

36 2333 197 2398 praeterea
225 2324 350 2393 florem
375 2321 558 2391 nobilitatis
585 2343 626 2390 ao
650 2324 853 2406 iuventutis,
881 2337 956 2395 turn
987 2327 1195 2410 optimorum

37 2422 368 2505 oivium'exenoitus:
402 2428 457 2511 qui
491 2426 521 2496 si
545 2425 709 2495 ‚virerent
744 2429 898 2510 quamvis
929 2429 1042 2513 iniqua
1078 2429 1196 2499 eondi-

39 2525 121 2595 oione
140 2533 255 2614 pasis,
287 2530 388 2615 (mibi
414 2529 504 2601 enim
525 2530 635 2598 omnis
656 2551 725 2612 pax
744 2552 823 2600 oum
844 2532 974 2602 civibus
996 2531 1083 2601 bello
1104 2534 1196 2602 oivili

38 2628 138 2700 utilior
163 2636 378 2713 videbatur),
407 2633 676 2717 rem-publicam
706 2632 807 2701 hodie
833 2645 1037 2704 teneremus.
1095 2635 1196 2728 Quae
1215 2650 1256 2715 38

40 2740 189 2806 sententie
209 2740 239 2810 si
261 2735 441 2815 valuisset,
472 2757 513 2805 ao
532 2739 643 2806 nonii
665 2739 812 2807 maxime
832 2736 932 2816 mihi,
963 2760 1109 2821 qnorum
1130 2760 1194 2822 ego

40 2835 117 2905 vitae
142 2843 386 2922 consulebam,
422 2862 482 2925 spe
509 2841 672 2911 victoriae
699 2839 778 2909 elati
806 2840 1038 2922 obstitissent,
1070 2842 1195 2914 utalia

42 2941 202 3033 omittam,
239 2959 276 3014 tu
304 2957 397 3013 certe
421 2966 595 3029 uunquam
619 2946 653 3014 iu
674 2943 878 3019 booordine
898 2942 952 3012 vel
971 2946 1085 3028 potius
1106 2969 1195 3015 nun·

43 3062 128 3120 titiam
152 3049 185 3117 in
212 3047 278 3123 hso
304 3050 387 3117 urbe
413 3050 607 3118 mansisses.
647 3049 695 3115 At
713 3067 796 3119 vero
818 3049 879 3115 Cn.
898 3049 1051 3130 Pompeii
1074 3045 1195 3115 volun·
1295 3072 1298 3081 ’
1355 3082 1364 3095 s

45 3155 130 3214 tatem
152 3172 169 3216 a
192 3174 246 3220 me
274 3152 440 3220 alienabat
466 3152 586 3221 oratio
604 3173 689 3221 mea.
731 3157 785 3218 An
801 3149 867 3218 ille
893 3171 1095 3236 quemquam
1117 3149 1193 3233 plus

45 3242 171 3320 dilexit?
191 3280 271 3324 oum
294 3255 362 3323 ullo
386 3271 444 3324 ant
456 3277 631 3325 sermones
647 3267 705 3322 aut
720 3253 860 3327 consilia
874 3253 1018 3337 eontulit
1030 3254 1193 3337 saepius?

46 3345 133 3435 Quod
153 3346 287 3441 quidem
309 3373 382 3428 erat
402 3382 581 3441 magnum,
616 3359 658 3426 de
683 3376 819 3425 summu
844 3379 882 3426 re
912 3356 1045 3443 publica
1065 3359 1194 3437 dissen-

47 3451 150 3525 tientes
168 3462 201 3528 in
223 3463 341 3530 eadem
363 3463 606 3531 cousuetudine
627 3461 794 3530 amicitiae
813 3482 1030 3545 permanere.
1067 3461 1136 3530 ¹Sed
1158 3474 1194 3532 et
1251 3526 1255 3543 ,

48 3569 116 3637 ego,
143 3564 220 3645 quid
241 3565 313 3654 ille,
345 3578 379 3633 et
398 3578 515 3634 coirtro
536 3563 610 3645 ille,
641 3564 720 3649 quid
741 3584 805 3646 ego
826 3565 984 3633 sentirem
1007 3577 1040 3632 et
1060 3578 1194 3649 speeta-

48 3673 125 3748 rem,
151 3666 294 3737 videbat.
334 3672 410 3752 Ego
432 3669 654 3738 incolumitati
676 3669 799 3736 civium
820 3668 987 3752 primum,
1015 3681 1054 3736 ut
1074 3683 1195 3753 postea

49 3756 183 3839 dignitati
203 3794 401 3859 possemus,
422 3771 477 3840 ille
497 3772 665 3855 praesenti
686 3771 839 3854 dignitati
853 3773 966 3856 potius
981 3772 1191 3842 consulebat.

53 3857 139 3948 Ouod
159 3887 265 3945 autem
288 3876 430 3957 babebat
449 3886 590 3958 uterque
611 3873 689 3971 quid
710 3888 926 3960 sequeretur,
957 3874 1084 3952 ideireo
1108 3873 1194 3944 tole-

51 3962 260 4044 utiliorum
280 3991 397 4047 nostra
418 3977 595 4049 dissensio
649 3977 740 4096 Quid
762 3997 841 4047 vero
862 3976 918 4045 ille
939 3978 1173 4060 singularis
1140 4001 1205 4044 ιιιι
1214 3986 1254 4050 39

54 4079 85 4127 ³¹⁰
101 4086 197 4149 Paene
217 4080 347 4156 divinus
370 4083 410 4150 de
431 4104 485 4150 me
506 4080 665 4158 senserit,
687 4082 818 4161 sciunt,
848 4082 903 4166 qui
924 4104 1001 4148 euin
1024 4081 1065 4147 de
1087 4079 1193 4146 Phar-

54 4165 140 4240 salica
158 4178 235 4262 luga
248 4185 399 4267 Paphum
420 4186 590 4269 persecuti
609 4195 701 4256 sunt
742 4187 920 4272 Nunquam
942 4185 983 4253 ab
1004 4206 1044 4252 eo
1065 4185 1192 4286 mentio

58 4297 225 4336 *Q—

111 4383 173 4448 l89.
195 4398 310 4464 Poptum]
333 4400 415 4452 urbem
437 4354 514 4466 Cypri
537 4352 637 4455 insulae.
658 4435 689 4453 ..
713 4397 867 4450 amentissimi
888 4407 920 4446 ss
942 4407 992 4445 sno
1016 4389 1078 4445 cod.
1096 4393 1191 4448 lenensi
