<?xml version="1.0" encoding="UTF-8"?>
<!DOCTYPE html PUBLIC "-//W3C//DTD XHTML 1.0 Transitional//EN"
    "http://www.w3.org/TR/xhtml1/DTD/xhtml1-transitional.dtd">
<html xmlns="http://www.w3.org/1999/xhtml" xml:lang="en" lang="en">
 <head>
  <title>
</title>
<meta http-equiv="Content-Type" content="text/html;charset=utf-8" />
  <meta name='ocr-system' content='tesseract 3.04.00' />
  <meta name='ocr-capabilities' content='ocr_page ocr_carea ocr_par ocr_line ocrx_word'/>
</head>
<body>
  <div class='ocr_page' id='page_1' title='image "./mtulliiciceroni00orelgoog_0272.png"; bbox 0 0 2850 4759; ppageno 0'>
   <div class='ocr_carea' id='block_1_1' title="bbox 148 277 941 362">
    <p class='ocr_par' dir='ltr' id='par_1_1' title="bbox 148 277 941 362">
     <span class='ocr_line' id='line_1_1' title="bbox 148 277 941 362; baseline 0.001 -15"><span class='ocrx_word' id='word_1_1' title='bbox 148 353 151 362; x_wconf 54' lang='grc'><strong>,</strong></span> <span class='ocrx_word' id='word_1_2' title='bbox 237 281 296 347; x_wconf 70' lang='grc'>234</span> <span class='ocrx_word' id='word_1_3' title='bbox 705 277 941 348; x_wconf 80' lang='lat' dir='ltr'><strong>CICERONIS</strong></span> 
     </span>
    </p>
   </div>
   <div class='ocr_carea' id='block_1_2' title="bbox 158 440 1405 3330">
    <p class='ocr_par' dir='ltr' id='par_1_2' title="bbox 236 440 1385 832">
     <span class='ocr_line' id='line_1_2' title="bbox 236 440 1381 524; baseline -0.005 -9"><span class='ocrx_word' id='word_1_4' title='bbox 236 446 361 516; x_wconf 84' lang='lat' dir='ltr'>simum</span> <span class='ocrx_word' id='word_1_5' title='bbox 386 457 439 514; x_wconf 90' lang='lat' dir='ltr'>est</span> <span class='ocrx_word' id='word_1_6' title='bbox 463 443 536 511; x_wconf 84' lang='lat' dir='ltr'>otii.</span> <span class='ocrx_word' id='word_1_7' title='bbox 576 441 709 509; x_wconf 79' lang='lat' dir='ltr'>Etenim</span> <span class='ocrx_word' id='word_1_8' title='bbox 734 461 834 507; x_wconf 83' lang='lat' dir='ltr'>omrre</span> <span class='ocrx_word' id='word_1_9' title='bbox 860 441 1141 519; x_wconf 75' lang='lat' dir='ltr'><strong>instrumentum,</strong></span> <span class='ocrx_word' id='word_1_10' title='bbox 1163 440 1265 509; x_wconf 87' lang='lat' dir='ltr'>omnis</span> <span class='ocrx_word' id='word_1_11' title='bbox 1285 461 1381 524; x_wconf 87' lang='lat' dir='ltr'>opera</span> 
     </span>
     <span class='ocr_line' id='line_1_3' title="bbox 238 544 1381 633; baseline -0.004 -17"><span class='ocrx_word' id='word_1_12' title='bbox 238 562 338 633; x_wconf 89' lang='lat' dir='ltr'>atque</span> <span class='ocrx_word' id='word_1_13' title='bbox 366 562 526 633; x_wconf 76' lang='lat' dir='ltr'>quaestus</span> <span class='ocrx_word' id='word_1_14' title='bbox 556 546 745 630; x_wconf 72' lang='lat' dir='ltr'>frequentia</span> <span class='ocrx_word' id='word_1_15' title='bbox 770 544 892 612; x_wconf 83' lang='lat' dir='ltr'>uirium</span> <span class='ocrx_word' id='word_1_16' title='bbox 919 555 1149 621; x_wconf 74' lang='lat' dir='ltr'>sustentatur,</span> <span class='ocrx_word' id='word_1_17' title='bbox 1183 544 1275 611; x_wconf 90' lang='lat' dir='ltr'>alitur</span> <span class='ocrx_word' id='word_1_18' title='bbox 1301 547 1381 611; x_wconf 87' lang='lat' dir='ltr'>otio:</span> 
     </span>
     <span class='ocr_line' id='line_1_4' title="bbox 236 646 1385 741; baseline -0.006 -19"><span class='ocrx_word' id='word_1_19' title='bbox 236 675 383 741; x_wconf 89' lang='lat' dir='ltr'>quorum</span> <span class='ocrx_word' id='word_1_20' title='bbox 408 654 436 721; x_wconf 84' lang='lat' dir='ltr'>si</span> <span class='ocrx_word' id='word_1_21' title='bbox 457 662 617 736; x_wconf 77' lang='lat' dir='ltr'>quaestus</span> <span class='ocrx_word' id='word_1_22' title='bbox 639 649 783 717; x_wconf 82' lang='lat' dir='ltr'>occlusis</span> <span class='ocrx_word' id='word_1_23' title='bbox 811 647 954 714; x_wconf 74' lang='lat' dir='ltr'>tabernis</span> <span class='ocrx_word' id='word_1_24' title='bbox 976 648 1082 715; x_wconf 88' lang='lat' dir='ltr'>minui</span> <span class='ocrx_word' id='word_1_25' title='bbox 1102 646 1204 728; x_wconf 89' lang='lat' dir='ltr'>solet,</span> <span class='ocrx_word' id='word_1_26' title='bbox 1225 647 1300 732; x_wconf 90' lang='lat' dir='ltr'>quid</span> <span class='ocrx_word' id='word_1_27' title='bbox 1324 661 1385 715; x_wconf 79' lang='lat' dir='ltr'>tau</span> 
     </span>
     <span class='ocr_line' id='line_1_5' title="bbox 239 751 1295 832; baseline -0.01 -6"><span class='ocrx_word' id='word_1_28' title='bbox 239 757 316 826; x_wconf 88' lang='lat' dir='ltr'>dem</span> <span class='ocrx_word' id='word_1_29' title='bbox 340 756 484 824; x_wconf 81' lang='lat' dir='ltr'>incensis</span> <span class='ocrx_word' id='word_1_30' title='bbox 511 757 662 822; x_wconf 88' lang='lat' dir='ltr'>futurum</span> <span class='ocrx_word' id='word_1_31' title='bbox 690 751 782 820; x_wconf 73' lang='lat' dir='ltr'>fuist&gt;</span> <span class='ocrx_word' id='word_1_32' title='bbox 1290 827 1295 832; x_wconf 65' lang='lat'><em>,</em></span> 
     </span>
    </p>

    <p class='ocr_par' dir='ltr' id='par_1_3' title="bbox 179 854 1405 2073">
     <span class='ocr_line' id='line_1_6' title="bbox 179 854 1385 952; baseline -0.002 -27"><span class='ocrx_word' id='word_1_33' title='bbox 179 856 219 920; x_wconf 86' lang='lat'>18</span> <span class='ocrx_word' id='word_1_34' title='bbox 316 863 381 925; x_wconf 87' lang='lat' dir='ltr'>IX.</span> <span class='ocrx_word' id='word_1_35' title='bbox 421 860 521 952; x_wconf 79' lang='lat' dir='ltr'>Quae</span> <span class='ocrx_word' id='word_1_36' title='bbox 541 879 621 924; x_wconf 92' lang='lat' dir='ltr'>oum</span> <span class='ocrx_word' id='word_1_37' title='bbox 644 857 689 923; x_wconf 90' lang='lat' dir='ltr'>ita</span> <span class='ocrx_word' id='word_1_38' title='bbox 705 856 792 929; x_wconf 89' lang='lat' dir='ltr'>sint,</span> <span class='ocrx_word' id='word_1_39' title='bbox 814 854 930 922; x_wconf 85' lang='lat' dir='ltr'>Patres</span> <span class='ocrx_word' id='word_1_40' title='bbox 951 856 1153 940; x_wconf 84' lang='lat' dir='ltr'>conscripti,</span> <span class='ocrx_word' id='word_1_41' title='bbox 1173 858 1263 925; x_wconf 87' lang='lat' dir='ltr'>vobis</span> <span class='ocrx_word' id='word_1_42' title='bbox 1278 857 1385 940; x_wconf 89' lang='lat' dir='ltr'>populi</span> 
     </span>
     <span class='ocr_line' id='line_1_7' title="bbox 239 957 1387 1047; baseline -0.007 -12"><span class='ocrx_word' id='word_1_43' title='bbox 239 965 383 1034; x_wconf 86' lang='lat' dir='ltr'>Romani</span> <span class='ocrx_word' id='word_1_44' title='bbox 408 962 575 1047; x_wconf 88' lang='lat' dir='ltr'>praesidia</span> <span class='ocrx_word' id='word_1_45' title='bbox 602 984 668 1029; x_wconf 93' lang='lat' dir='ltr'>uon</span> <span class='ocrx_word' id='word_1_46' title='bbox 698 958 835 1038; x_wconf 83' lang='lat' dir='ltr'>desunt:</span> <span class='ocrx_word' id='word_1_47' title='bbox 860 979 927 1026; x_wconf 76' lang='lat' dir='ltr'>,ros</span> <span class='ocrx_word' id='word_1_48' title='bbox 957 979 999 1024; x_wconf 90' lang='lat' dir='ltr'>ne</span> <span class='ocrx_word' id='word_1_49' title='bbox 1020 957 1146 1041; x_wconf 91' lang='lat' dir='ltr'>populo</span> <span class='ocrx_word' id='word_1_50' title='bbox 1170 961 1316 1027; x_wconf 85' lang='lat' dir='ltr'>Romano</span> <span class='ocrx_word' id='word_1_51' title='bbox 1340 962 1387 1027; x_wconf 87' lang='lat' dir='ltr'>de-</span> 
     </span>
     <span class='ocr_line' id='line_1_8' title="bbox 241 1061 1385 1148; baseline -0.006 -10"><span class='ocrx_word' id='word_1_52' title='bbox 241 1089 316 1138; x_wconf 81' lang='lat' dir='ltr'>esse</span> <span class='ocrx_word' id='word_1_53' title='bbox 342 1066 541 1147; x_wconf 87' lang='lat' dir='ltr'>rideamini,</span> <span class='ocrx_word' id='word_1_54' title='bbox 576 1062 764 1148; x_wconf 80' lang='lat' dir='ltr'>providete.</span> <span class='ocrx_word' id='word_1_55' title='bbox 817 1062 954 1131; x_wconf 80' lang='lat' dir='ltr'>Habetis</span> <span class='ocrx_word' id='word_1_56' title='bbox 980 1061 1155 1130; x_wconf 84' lang='lat' dir='ltr'>consulem</span> <span class='ocrx_word' id='word_1_57' title='bbox 1183 1085 1225 1131; x_wconf 82' lang='lat' dir='ltr'>ex</span> <span class='ocrx_word' id='word_1_58' title='bbox 1249 1064 1385 1147; x_wconf 84' lang='lat' dir='ltr'>piurimis</span> 
     </span>
     <span class='ocr_line' id='line_1_9' title="bbox 240 1164 1386 1258; baseline -0.004 -18"><span class='ocrx_word' id='word_1_59' title='bbox 240 1169 399 1258; x_wconf 84' lang='lat' dir='ltr'>perieulis</span> <span class='ocrx_word' id='word_1_60' title='bbox 427 1182 460 1238; x_wconf 83' lang='lat' dir='ltr'>et</span> <span class='ocrx_word' id='word_1_61' title='bbox 487 1168 613 1237; x_wconf 85' lang='lat' dir='ltr'>insidiis</span> <span class='ocrx_word' id='word_1_62' title='bbox 646 1180 746 1252; x_wconf 91' lang='lat' dir='ltr'>atque</span> <span class='ocrx_word' id='word_1_63' title='bbox 773 1186 818 1233; x_wconf 87' lang='lat' dir='ltr'>ex</span> <span class='ocrx_word' id='word_1_64' title='bbox 847 1164 955 1232; x_wconf 81' lang='lat' dir='ltr'>media</span> <span class='ocrx_word' id='word_1_65' title='bbox 984 1179 1094 1234; x_wconf 86' lang='lat' dir='ltr'>morte</span> <span class='ocrx_word' id='word_1_66' title='bbox 1124 1191 1194 1235; x_wconf 90' lang='lat' dir='ltr'>non</span> <span class='ocrx_word' id='word_1_67' title='bbox 1225 1168 1268 1235; x_wconf 92' lang='lat' dir='ltr'>ad</span> <span class='ocrx_word' id='word_1_68' title='bbox 1296 1170 1386 1236; x_wconf 83' lang='lat' dir='ltr'>vitam</span> 
     </span>
     <span class='ocr_line' id='line_1_10' title="bbox 241 1271 1387 1363; baseline -0.006 -18"><span class='ocrx_word' id='word_1_69' title='bbox 241 1297 355 1363; x_wconf 87' lang='lat' dir='ltr'>auam,</span> <span class='ocrx_word' id='word_1_70' title='bbox 377 1274 437 1344; x_wconf 84' lang='lat' dir='ltr'>sed</span> <span class='ocrx_word' id='word_1_71' title='bbox 461 1271 502 1342; x_wconf 86' lang='lat' dir='ltr'>ad</span> <span class='ocrx_word' id='word_1_72' title='bbox 526 1271 669 1342; x_wconf 89' lang='lat' dir='ltr'>salutern</span> <span class='ocrx_word' id='word_1_73' title='bbox 698 1283 844 1339; x_wconf 85' lang='lat' dir='ltr'>vestram</span> <span class='ocrx_word' id='word_1_74' title='bbox 869 1281 1096 1349; x_wconf 68' lang='lat' dir='ltr'>reservaturus</span> <span class='ocrx_word' id='word_1_75' title='bbox 1128 1292 1246 1340; x_wconf 87' lang='lat' dir='ltr'>omues</span> <span class='ocrx_word' id='word_1_76' title='bbox 1271 1272 1387 1340; x_wconf 83' lang='lat' dir='ltr'>ordines</span> 
     </span>
     <span class='ocr_line' id='line_1_11' title="bbox 242 1371 1387 1460; baseline -0.007 -11"><span class='ocrx_word' id='word_1_77' title='bbox 242 1379 285 1449; x_wconf 88' lang='lat' dir='ltr'>ad</span> <span class='ocrx_word' id='word_1_78' title='bbox 307 1376 574 1448; x_wconf 84' lang='lat' dir='ltr'>conservandam</span> <span class='ocrx_word' id='word_1_79' title='bbox 599 1397 672 1443; x_wconf 87' lang='lat' dir='ltr'>rem</span> <span class='ocrx_word' id='word_1_80' title='bbox 697 1371 868 1458; x_wconf 84' lang='lat' dir='ltr'>publicam</span> <span class='ocrx_word' id='word_1_81' title='bbox 894 1384 1027 1451; x_wconf 86' lang='lat' dir='ltr'>ruente,</span> <span class='ocrx_word' id='word_1_82' title='bbox 1056 1372 1248 1460; x_wconf 85' lang='lat' dir='ltr'>voluntate,</span> <span class='ocrx_word' id='word_1_83' title='bbox 1281 1375 1387 1452; x_wconf 80' lang='lat' dir='ltr'>sturlo,</span> 
     </span>
     <span class='ocr_line' id='line_1_12' title="bbox 242 1476 1387 1563; baseline -0.005 -12"><span class='ocrx_word' id='word_1_84' title='bbox 242 1484 384 1563; x_wconf 88' lang='lat' dir='ltr'>virtute,</span> <span class='ocrx_word' id='word_1_85' title='bbox 417 1503 502 1551; x_wconf 86' lang='lat' dir='ltr'>voce</span> <span class='ocrx_word' id='word_1_86' title='bbox 535 1479 769 1556; x_wconf 82' lang='lat' dir='ltr'>eonsentiunt;</span> <span class='ocrx_word' id='word_1_87' title='bbox 803 1478 941 1545; x_wconf 90' lang='lat' dir='ltr'>obsessa</span> <span class='ocrx_word' id='word_1_88' title='bbox 966 1476 1095 1544; x_wconf 84' lang='lat' dir='ltr'>faribus</span> <span class='ocrx_word' id='word_1_89' title='bbox 1121 1490 1156 1544; x_wconf 89' lang='lat' dir='ltr'>et</span> <span class='ocrx_word' id='word_1_90' title='bbox 1183 1477 1257 1546; x_wconf 90' lang='lat' dir='ltr'>telis</span> <span class='ocrx_word' id='word_1_91' title='bbox 1285 1481 1387 1562; x_wconf 83' lang='lat' dir='ltr'>impiae</span> 
     </span>
     <span class='ocr_line' id='line_1_13' title="bbox 244 1579 1405 1666; baseline -0.004 -11"><span class='ocrx_word' id='word_1_92' title='bbox 244 1585 483 1655; x_wconf 77' lang='lat' dir='ltr'>coniurationis</span> <span class='ocrx_word' id='word_1_93' title='bbox 507 1586 601 1652; x_wconf 91' lang='lat' dir='ltr'>robis</span> <span class='ocrx_word' id='word_1_94' title='bbox 626 1582 771 1666; x_wconf 79' lang='lat' dir='ltr'>supplex</span> <span class='ocrx_word' id='word_1_95' title='bbox 791 1601 911 1648; x_wconf 88' lang='lat' dir='ltr'>manus</span> <span class='ocrx_word' id='word_1_96' title='bbox 937 1579 1042 1647; x_wconf 90' lang='lat' dir='ltr'>tendit</span> <span class='ocrx_word' id='word_1_97' title='bbox 1065 1582 1174 1664; x_wconf 86' lang='lat' dir='ltr'>patria</span> <span class='ocrx_word' id='word_1_98' title='bbox 1197 1581 1405 1661; x_wconf 55' lang='lat' dir='ltr'>communias</span> 
     </span>
     <span class='ocr_line' id='line_1_14' title="bbox 244 1685 1388 1778; baseline -0.006 -21"><span class='ocrx_word' id='word_1_99' title='bbox 244 1692 350 1760; x_wconf 89' lang='lat' dir='ltr'>robis·</span> <span class='ocrx_word' id='word_1_100' title='bbox 342 1711 412 1767; x_wconf 88' lang='lat' dir='ltr'>·se,</span> <span class='ocrx_word' id='word_1_101' title='bbox 433 1690 529 1757; x_wconf 90' lang='lat' dir='ltr'>vobis</span> <span class='ocrx_word' id='word_1_102' title='bbox 550 1691 654 1755; x_wconf 89' lang='lat' dir='ltr'>vitam</span> <span class='ocrx_word' id='word_1_103' title='bbox 675 1687 826 1778; x_wconf 88' lang='lat' dir='ltr'>omniurn</span> <span class='ocrx_word' id='word_1_104' title='bbox 848 1685 989 1761; x_wconf 86' lang='lat' dir='ltr'>civium,</span> <span class='ocrx_word' id='word_1_105' title='bbox 1011 1686 1105 1752; x_wconf 87' lang='lat' dir='ltr'>robis</span> <span class='ocrx_word' id='word_1_106' title='bbox 1124 1707 1237 1752; x_wconf 85' lang='lat' dir='ltr'>arcem</span> <span class='ocrx_word' id='word_1_107' title='bbox 1260 1700 1293 1753; x_wconf 89' lang='lat' dir='ltr'>et</span> <span class='ocrx_word' id='word_1_108' title='bbox 1310 1687 1388 1769; x_wconf 85' lang='lat' dir='ltr'>Capi·</span> 
     </span>
     <span class='ocr_line' id='line_1_15' title="bbox 247 1788 1405 1875; baseline -0.01 -11"><span class='ocrx_word' id='word_1_109' title='bbox 247 1796 386 1875; x_wconf 91' lang='lat' dir='ltr'>tolium,</span> <span class='ocrx_word' id='word_1_110' title='bbox 419 1794 515 1863; x_wconf 90' lang='lat' dir='ltr'>vobis</span> <span class='ocrx_word' id='word_1_111' title='bbox 546 1814 621 1860; x_wconf 83' lang='lat' dir='ltr'>aras</span> <span class='ocrx_word' id='word_1_112' title='bbox 656 1790 849 1864; x_wconf 84' lang='lat' dir='ltr'>Penatium,</span> <span class='ocrx_word' id='word_1_113' title='bbox 881 1788 1020 1855; x_wconf 87' lang='lat' dir='ltr'>vobis</span> <span class='ocrx_word' id='word_1_114' title='bbox 1011 1810 1122 1870; x_wconf 84' lang='lat' dir='ltr'>agnem</span> <span class='ocrx_word' id='word_1_115' title='bbox 1157 1788 1253 1857; x_wconf 88' lang='lat' dir='ltr'>illum</span> <span class='ocrx_word' id='word_1_116' title='bbox 1289 1790 1405 1860; x_wconf 65' lang='lat' dir='ltr'>Vestae}</span> 
     </span>
     <span class='ocr_line' id='line_1_16' title="bbox 245 1863 1405 1985; baseline -0.006 -16"><span class='ocrx_word' id='word_1_117' title='bbox 245 1901 505 1985; x_wconf 86' lang='lat' dir='ltr'>sempiternum,</span> <span class='ocrx_word' id='word_1_118' title='bbox 535 1896 631 1965; x_wconf 89' lang='lat' dir='ltr'>vobis</span> <span class='ocrx_word' id='word_1_119' title='bbox 662 1894 775 1962; x_wconf 89' lang='lat' dir='ltr'>omnia</span> <span class='ocrx_word' id='word_1_120' title='bbox 804 1892 943 1960; x_wconf 88' lang='lat' dir='ltr'>deorum</span> <span class='ocrx_word' id='word_1_121' title='bbox 975 1891 1100 1975; x_wconf 89' lang='lat' dir='ltr'>templa</span> <span class='ocrx_word' id='word_1_122' title='bbox 1126 1906 1226 1977; x_wconf 91' lang='lat' dir='ltr'>atque</span> <span class='ocrx_word' id='word_1_123' title='bbox 1260 1863 1405 1977; x_wconf 78' lang='lat' dir='ltr'>delubral</span> 
     </span>
     <span class='ocr_line' id='line_1_17' title="bbox 245 1983 1405 2073; baseline -0.008 -2"><span class='ocrx_word' id='word_1_124' title='bbox 245 2005 341 2073; x_wconf 88' lang='lat' dir='ltr'>vobis</span> <span class='ocrx_word' id='word_1_125' title='bbox 359 2023 475 2070; x_wconf 87' lang='lat' dir='ltr'>muros</span> <span class='ocrx_word' id='word_1_126' title='bbox 496 2013 530 2067; x_wconf 91' lang='lat' dir='ltr'>et</span> <span class='ocrx_word' id='word_1_127' title='bbox 550 1999 640 2068; x_wconf 89' lang='lat' dir='ltr'>urbis</span> <span class='ocrx_word' id='word_1_128' title='bbox 661 2011 750 2065; x_wconf 85' lang='lat' dir='ltr'>tenta</span> <span class='ocrx_word' id='word_1_129' title='bbox 770 1996 997 2064; x_wconf 86' lang='lat' dir='ltr'>commendat.</span> <span class='ocrx_word' id='word_1_130' title='bbox 1038 1997 1218 2065; x_wconf 88' lang='lat' dir='ltr'>Praeterea</span> <span class='ocrx_word' id='word_1_131' title='bbox 1239 1998 1282 2066; x_wconf 89' lang='lat' dir='ltr'>de</span> <span class='ocrx_word' id='word_1_132' title='bbox 1298 1983 1405 2067; x_wconf 83' lang='lat' dir='ltr'>vestral</span> 
     </span>
    </p>

    <p class='ocr_par' dir='ltr' id='par_1_4' title="bbox 158 2055 1405 2187">
     <span class='ocr_line' id='line_1_18' title="bbox 158 2099 1389 2187; baseline -0.009 -12"><span class='ocrx_word' id='word_1_133' title='bbox 158 2141 162 2150; x_wconf 78' lang='lat'><em>=</em></span> <span class='ocrx_word' id='word_1_134' title='bbox 246 2108 333 2187; x_wconf 87' lang='lat' dir='ltr'>vita,</span> <span class='ocrx_word' id='word_1_135' title='bbox 368 2106 408 2173; x_wconf 86' lang='lat' dir='ltr'>de</span> <span class='ocrx_word' id='word_1_136' title='bbox 434 2107 619 2186; x_wconf 78' lang='lat' dir='ltr'>coniugum</span> <span class='ocrx_word' id='word_1_137' title='bbox 647 2114 836 2170; x_wconf 84' lang='lat' dir='ltr'>vestrarum</span> <span class='ocrx_word' id='word_1_138' title='bbox 866 2112 964 2183; x_wconf 87' lang='lat' dir='ltr'>atque</span> <span class='ocrx_word' id='word_1_139' title='bbox 997 2099 1179 2168; x_wconf 89' lang='lat' dir='ltr'>liberorum</span> <span class='ocrx_word' id='word_1_140' title='bbox 1209 2103 1331 2180; x_wconf 89' lang='lat' dir='ltr'>anima,</span> <span class='ocrx_word' id='word_1_141' title='bbox 1359 2099 1389 2164; x_wconf 86' lang='lat' dir='ltr'>de</span> 
     </span>
    </p>

    <p class='ocr_par' dir='ltr' id='par_1_5' title="bbox 189 2202 1389 3330">
     <span class='ocr_line' id='line_1_19' title="bbox 247 2202 1387 2306; baseline -0.009 -28"><span class='ocrx_word' id='word_1_142' title='bbox 247 2212 392 2306; x_wconf 71' lang='lat' dir='ltr'>foptunis</span> <span class='ocrx_word' id='word_1_143' title='bbox 415 2210 583 2283; x_wconf 89' lang='lat' dir='ltr'>omniurn,</span> <span class='ocrx_word' id='word_1_144' title='bbox 605 2205 646 2272; x_wconf 91' lang='lat' dir='ltr'>de</span> <span class='ocrx_word' id='word_1_145' title='bbox 669 2204 823 2282; x_wconf 88' lang='lat' dir='ltr'>sedibus,</span> <span class='ocrx_word' id='word_1_146' title='bbox 847 2202 889 2271; x_wconf 91' lang='lat' dir='ltr'>de</span> <span class='ocrx_word' id='word_1_147' title='bbox 910 2206 996 2272; x_wconf 82' lang='lat' dir='ltr'>focis</span> <span class='ocrx_word' id='word_1_148' title='bbox 1023 2205 1144 2272; x_wconf 89' lang='lat' dir='ltr'>vestris</span> <span class='ocrx_word' id='word_1_149' title='bbox 1167 2202 1333 2274; x_wconf 81' lang='lat' dir='ltr'>hodierno</span> <span class='ocrx_word' id='word_1_150' title='bbox 1350 2204 1387 2269; x_wconf 87' lang='lat' dir='ltr'>die</span> 
     </span>
     <span class='ocr_line' id='line_1_20' title="bbox 189 2307 1388 2386; baseline -0.007 -7"><span class='ocrx_word' id='word_1_151' title='bbox 189 2316 228 2381; x_wconf 78' lang='lat'>19</span> <span class='ocrx_word' id='word_1_152' title='bbox 248 2316 343 2384; x_wconf 88' lang='lat' dir='ltr'>vobis</span> <span class='ocrx_word' id='word_1_153' title='bbox 370 2312 591 2386; x_wconf 85' lang='lat' dir='ltr'>ludioauduru</span> <span class='ocrx_word' id='word_1_154' title='bbox 623 2324 686 2381; x_wconf 86' lang='lat' dir='ltr'>est.</span> <span class='ocrx_word' id='word_1_155' title='bbox 740 2309 876 2375; x_wconf 83' lang='lat' dir='ltr'>Habetis</span> <span class='ocrx_word' id='word_1_156' title='bbox 914 2307 1034 2375; x_wconf 87' lang='lat' dir='ltr'>ducem</span> <span class='ocrx_word' id='word_1_157' title='bbox 1072 2328 1261 2376; x_wconf 89' lang='lat' dir='ltr'>memorem</span> <span class='ocrx_word' id='word_1_158' title='bbox 1296 2307 1388 2382; x_wconf 87' lang='lat' dir='ltr'>vestri,</span> 
     </span>
     <span class='ocr_line' id='line_1_21' title="bbox 249 2409 1389 2500; baseline -0.011 -13"><span class='ocrx_word' id='word_1_159' title='bbox 249 2417 389 2487; x_wconf 90' lang='lat' dir='ltr'>oblitum</span> <span class='ocrx_word' id='word_1_160' title='bbox 405 2420 473 2493; x_wconf 86' lang='lat' dir='ltr'>sui,</span> <span class='ocrx_word' id='word_1_161' title='bbox 496 2438 581 2500; x_wconf 89' lang='lat' dir='ltr'>quae</span> <span class='ocrx_word' id='word_1_162' title='bbox 602 2438 669 2482; x_wconf 89' lang='lat' dir='ltr'>non</span> <span class='ocrx_word' id='word_1_163' title='bbox 691 2434 824 2496; x_wconf 89' lang='lat' dir='ltr'>semper</span> <span class='ocrx_word' id='word_1_164' title='bbox 842 2410 984 2479; x_wconf 82' lang='lat' dir='ltr'>facultas</span> <span class='ocrx_word' id='word_1_165' title='bbox 1006 2409 1125 2492; x_wconf 77' lang='lat' dir='ltr'>datur&#39;3</span> <span class='ocrx_word' id='word_1_166' title='bbox 1146 2412 1276 2481; x_wconf 84' lang='lat' dir='ltr'>habetis</span> <span class='ocrx_word' id='word_1_167' title='bbox 1295 2430 1389 2481; x_wconf 86' lang='lat' dir='ltr'>omues</span> 
     </span>
     <span class='ocr_line' id='line_1_22' title="bbox 250 2513 1389 2601; baseline -0.004 -9"><span class='ocrx_word' id='word_1_168' title='bbox 250 2522 403 2601; x_wconf 87' lang='lat' dir='ltr'>ordines,</span> <span class='ocrx_word' id='word_1_169' title='bbox 439 2540 556 2588; x_wconf 89' lang='lat' dir='ltr'>omues</span> <span class='ocrx_word' id='word_1_170' title='bbox 591 2517 760 2595; x_wconf 89' lang='lat' dir='ltr'>homiues,</span> <span class='ocrx_word' id='word_1_171' title='bbox 795 2517 988 2583; x_wconf 89' lang='lat' dir='ltr'>universum</span> <span class='ocrx_word' id='word_1_172' title='bbox 1017 2513 1180 2599; x_wconf 88' lang='lat' dir='ltr'>populum</span> <span class='ocrx_word' id='word_1_173' title='bbox 1208 2518 1389 2588; x_wconf 82' lang='lat' dir='ltr'>Romanum</span> 
     </span>
     <span class='ocr_line' id='line_1_23' title="bbox 249 2618 1389 2709; baseline -0.009 -16"><span class='ocrx_word' id='word_1_174' title='bbox 249 2624 283 2693; x_wconf 88' lang='lat' dir='ltr'>id</span> <span class='ocrx_word' id='word_1_175' title='bbox 303 2624 392 2709; x_wconf 90' lang='lat' dir='ltr'>quod</span> <span class='ocrx_word' id='word_1_176' title='bbox 410 2625 443 2690; x_wconf 90' lang='lat' dir='ltr'>in</span> <span class='ocrx_word' id='word_1_177' title='bbox 464 2621 554 2690; x_wconf 87' lang='lat' dir='ltr'>civili</span> <span class='ocrx_word' id='word_1_178' title='bbox 573 2642 675 2689; x_wconf 87' lang='lat' dir='ltr'>causa</span> <span class='ocrx_word' id='word_1_179' title='bbox 692 2618 857 2688; x_wconf 90' lang='lat' dir='ltr'>hodierno</span> <span class='ocrx_word' id='word_1_180' title='bbox 876 2618 929 2686; x_wconf 90' lang='lat' dir='ltr'>die</span> <span class='ocrx_word' id='word_1_181' title='bbox 945 2619 1092 2703; x_wconf 91' lang='lat' dir='ltr'>primum</span> <span class='ocrx_word' id='word_1_182' title='bbox 1113 2619 1287 2700; x_wconf 88' lang='lat' dir='ltr'>videmus,</span> <span class='ocrx_word' id='word_1_183' title='bbox 1308 2640 1389 2688; x_wconf 82' lang='lat' dir='ltr'>rmum</span> 
     </span>
     <span class='ocr_line' id='line_1_24' title="bbox 250 2721 1389 2814; baseline -0.009 -17"><span class='ocrx_word' id='word_1_184' title='bbox 250 2743 348 2814; x_wconf 91' lang='lat' dir='ltr'>atque</span> <span class='ocrx_word' id='word_1_185' title='bbox 375 2726 463 2796; x_wconf 90' lang='lat' dir='ltr'>idern</span> <span class='ocrx_word' id='word_1_186' title='bbox 491 2727 705 2800; x_wconf 86' lang='lat' dir='ltr'>sentientem.</span> <span class='ocrx_word' id='word_1_187' title='bbox 747 2725 918 2809; x_wconf 82' lang='lat' dir='ltr'>Cogitate,</span> <span class='ocrx_word' id='word_1_188' title='bbox 939 2726 1071 2807; x_wconf 89' lang='lat' dir='ltr'>quantis</span> <span class='ocrx_word' id='word_1_189' title='bbox 1095 2722 1266 2793; x_wconf 86' lang='lat' dir='ltr'>laboribus</span> <span class='ocrx_word' id='word_1_190' title='bbox 1292 2721 1389 2792; x_wconf 88' lang='lat' dir='ltr'>funda·</span> 
     </span>
     <span class='ocr_line' id='line_1_25' title="bbox 251 2827 1389 2915; baseline -0.008 -15"><span class='ocrx_word' id='word_1_191' title='bbox 251 2846 323 2900; x_wconf 91' lang='lat' dir='ltr'>tum</span> <span class='ocrx_word' id='word_1_192' title='bbox 346 2832 542 2913; x_wconf 88' lang='lat' dir='ltr'>imperium,</span> <span class='ocrx_word' id='word_1_193' title='bbox 572 2842 696 2915; x_wconf 78' lang='lat' dir='ltr'>quarata</span> <span class='ocrx_word' id='word_1_194' title='bbox 716 2830 841 2896; x_wconf 85' lang='lat' dir='ltr'>virtute</span> <span class='ocrx_word' id='word_1_195' title='bbox 862 2827 1041 2897; x_wconf 86' lang='lat' dir='ltr'>stabilitam</span> <span class='ocrx_word' id='word_1_196' title='bbox 1061 2829 1269 2914; x_wconf 86' lang='lat' dir='ltr'>libertatern,</span> <span class='ocrx_word' id='word_1_197' title='bbox 1291 2838 1389 2913; x_wconf 85' lang='lat' dir='ltr'>quauta</span> 
     </span>
     <span class='ocr_line' id='line_1_26' title="bbox 253 2933 1387 3018; baseline -0.011 -14"><span class='ocrx_word' id='word_1_198' title='bbox 253 2936 393 3004; x_wconf 87' lang='lat' dir='ltr'>deorum</span> <span class='ocrx_word' id='word_1_199' title='bbox 416 2936 617 3016; x_wconf 84' lang='lat' dir='ltr'>benignitate</span> <span class='ocrx_word' id='word_1_200' title='bbox 633 2945 750 3000; x_wconf 86' lang='lat' dir='ltr'>auctas</span> <span class='ocrx_word' id='word_1_201' title='bbox 772 2941 1059 3018; x_wconf 80' lang='lat' dir='ltr'>exaggeratasque</span> <span class='ocrx_word' id='word_1_202' title='bbox 1079 2933 1233 3018; x_wconf 78' lang='lat' dir='ltr'>fortunas</span> <span class='ocrx_word' id='word_1_203' title='bbox 1254 2956 1320 3001; x_wconf 91' lang='lat' dir='ltr'>una</span> <span class='ocrx_word' id='word_1_204' title='bbox 1339 2949 1387 2997; x_wconf 84' lang='lat' dir='ltr'>nor</span> 
     </span>
     <span class='ocr_line' id='line_1_27' title="bbox 253 3034 1388 3123; baseline -0.011 -15"><span class='ocrx_word' id='word_1_205' title='bbox 253 3062 357 3123; x_wconf 85' lang='lat' dir='ltr'>paene</span> <span class='ocrx_word' id='word_1_206' title='bbox 384 3039 515 3108; x_wconf 83' lang='lat' dir='ltr'>delerit.</span> <span class='ocrx_word' id='word_1_207' title='bbox 569 3036 672 3105; x_wconf 88' lang='lat' dir='ltr'>Idne</span> <span class='ocrx_word' id='word_1_208' title='bbox 704 3059 850 3119; x_wconf 89' lang='lat' dir='ltr'>unquam</span> <span class='ocrx_word' id='word_1_209' title='bbox 877 3037 1017 3119; x_wconf 86' lang='lat' dir='ltr'>posthae</span> <span class='ocrx_word' id='word_1_210' title='bbox 1046 3060 1113 3104; x_wconf 89' lang='lat' dir='ltr'>nou</span> <span class='ocrx_word' id='word_1_211' title='bbox 1145 3038 1248 3104; x_wconf 92' lang='lat' dir='ltr'>modo</span> <span class='ocrx_word' id='word_1_212' title='bbox 1281 3034 1388 3106; x_wconf 83' lang='lat' dir='ltr'>coniri,</span> 
     </span>
     <span class='ocr_line' id='line_1_28' title="bbox 253 3138 1387 3227; baseline -0.01 -15"><span class='ocrx_word' id='word_1_213' title='bbox 253 3145 311 3213; x_wconf 89' lang='lat' dir='ltr'>sed</span> <span class='ocrx_word' id='word_1_214' title='bbox 337 3166 378 3212; x_wconf 91' lang='lat' dir='ltr'>ne</span> <span class='ocrx_word' id='word_1_215' title='bbox 398 3144 538 3227; x_wconf 81' lang='lat' dir='ltr'>cogitari</span> <span class='ocrx_word' id='word_1_216' title='bbox 562 3141 694 3227; x_wconf 90' lang='lat' dir='ltr'>quidem</span> <span class='ocrx_word' id='word_1_217' title='bbox 720 3140 828 3225; x_wconf 86' lang='lat' dir='ltr'>possit</span> <span class='ocrx_word' id='word_1_218' title='bbox 854 3162 872 3206; x_wconf 89' lang='lat' dir='ltr'>a</span> <span class='ocrx_word' id='word_1_219' title='bbox 898 3141 1040 3217; x_wconf 90' lang='lat' dir='ltr'>civibus,</span> <span class='ocrx_word' id='word_1_220' title='bbox 1071 3138 1236 3208; x_wconf 87' lang='lat' dir='ltr'>hodierno</span> <span class='ocrx_word' id='word_1_221' title='bbox 1258 3140 1311 3207; x_wconf 89' lang='lat' dir='ltr'>die</span> <span class='ocrx_word' id='word_1_222' title='bbox 1332 3159 1387 3224; x_wconf 88' lang='lat' dir='ltr'>pro·</span> 
     </span>
     <span class='ocr_line' id='line_1_29' title="bbox 254 3241 1387 3330; baseline -0.009 -16"><span class='ocrx_word' id='word_1_223' title='bbox 254 3248 433 3327; x_wconf 81' lang='lat' dir='ltr'>videndum</span> <span class='ocrx_word' id='word_1_224' title='bbox 466 3260 529 3315; x_wconf 85' lang='lat' dir='ltr'>est.</span> <span class='ocrx_word' id='word_1_225' title='bbox 571 3250 681 3330; x_wconf 84' lang='lat' dir='ltr'>Atque</span> <span class='ocrx_word' id='word_1_226' title='bbox 708 3243 810 3323; x_wconf 86' lang='lat' dir='ltr'>baec,</span> <span class='ocrx_word' id='word_1_227' title='bbox 842 3268 909 3312; x_wconf 92' lang='lat' dir='ltr'>uou</span> <span class='ocrx_word' id='word_1_228' title='bbox 937 3256 1075 3322; x_wconf 83' lang='lat' dir='ltr'>utros,</span> <span class='ocrx_word' id='word_1_229' title='bbox 1106 3247 1161 3328; x_wconf 92' lang='lat' dir='ltr'>qui</span> <span class='ocrx_word' id='word_1_230' title='bbox 1191 3243 1272 3313; x_wconf 86' lang='lat' dir='ltr'>milri</span> <span class='ocrx_word' id='word_1_231' title='bbox 1300 3241 1387 3315; x_wconf 84' lang='lat' dir='ltr'>studio</span> 
     </span>
    </p>
   </div>
   <div class='ocr_carea' id='block_1_3' title="bbox 257 3410 479 3427">
    <p class='ocr_par' dir='ltr' id='par_1_6' title="bbox 257 3410 479 3427">
     <span class='ocr_line' id='line_1_30' title="bbox 257 3410 479 3427; baseline 0.014 -5"><span class='ocrx_word' id='word_1_232' title='bbox 257 3410 479 3427; x_wconf 52' lang='lat' dir='ltr'><em>m</em></span> 
     </span>
    </p>
   </div>
   <div class='ocr_carea' id='block_1_4' title="bbox 210 3516 1386 4071">
    <p class='ocr_par' dir='ltr' id='par_1_7' title="bbox 321 3516 1386 3581">
     <span class='ocr_line' id='line_1_31' title="bbox 321 3516 1386 3581; baseline 0.001 -17"><span class='ocrx_word' id='word_1_233' title='bbox 321 3518 332 3581; x_wconf 61' lang='lat' dir='ltr'>i</span> <span class='ocrx_word' id='word_1_234' title='bbox 352 3519 390 3565; x_wconf 76' lang='lat' dir='ltr'>ts,</span> <span class='ocrx_word' id='word_1_235' title='bbox 408 3531 448 3563; x_wconf 86' lang='lat' dir='ltr'>uos</span> <span class='ocrx_word' id='word_1_236' title='bbox 465 3532 491 3563; x_wconf 89' lang='lat' dir='ltr'>ne</span> <span class='ocrx_word' id='word_1_237' title='bbox 509 3520 539 3565; x_wconf 87' lang='lat' dir='ltr'>P.</span> <span class='ocrx_word' id='word_1_238' title='bbox 561 3517 586 3564; x_wconf 88' lang='lat' dir='ltr'>G.</span> <span class='ocrx_word' id='word_1_239' title='bbox 602 3519 675 3564; x_wconf 81' lang='lat' dir='ltr'>deesse</span> <span class='ocrx_word' id='word_1_240' title='bbox 693 3519 723 3565; x_wconf 85' lang='lat' dir='ltr'>R.</span> <span class='ocrx_word' id='word_1_241' title='bbox 741 3544 774 3556; x_wconf 90' lang='lat'>-</span> <span class='ocrx_word' id='word_1_242' title='bbox 791 3518 845 3564; x_wconf 87' lang='lat' dir='ltr'>Om.</span> <span class='ocrx_word' id='word_1_243' title='bbox 863 3533 903 3565; x_wconf 84' lang='lat' dir='ltr'>rr.</span> <span class='ocrx_word' id='word_1_244' title='bbox 921 3518 1008 3570; x_wconf 79' lang='lat' dir='ltr'>studio,</span> <span class='ocrx_word' id='word_1_245' title='bbox 1025 3518 1107 3563; x_wconf 84' lang='lat' dir='ltr'>uirtute</span> <span class='ocrx_word' id='word_1_246' title='bbox 1124 3516 1153 3563; x_wconf 89' lang='grc' dir='ltr'>Τ.</span> <span class='ocrx_word' id='word_1_247' title='bbox 1170 3516 1222 3564; x_wconf 88' lang='lat' dir='ltr'>Erf.</span> <span class='ocrx_word' id='word_1_248' title='bbox 1240 3517 1321 3565; x_wconf 83' lang='lat' dir='ltr'>Habet</span> <span class='ocrx_word' id='word_1_249' title='bbox 1335 3518 1386 3564; x_wconf 63' lang='grc' dir='ltr'>Τ·</span> 
     </span>
    </p>

    <p class='ocr_par' dir='ltr' id='par_1_8' title="bbox 210 3583 1386 3664">
     <span class='ocr_line' id='line_1_32' title="bbox 210 3583 1386 3664; baseline 0 -19"><span class='ocrx_word' id='word_1_250' title='bbox 210 3615 213 3622; x_wconf 77' lang='grc'><strong>’</strong></span> <span class='ocrx_word' id='word_1_251' title='bbox 255 3604 307 3649; x_wconf 79' lang='lat' dir='ltr'>tatia</span> <span class='ocrx_word' id='word_1_252' title='bbox 327 3604 349 3645; x_wconf 82' lang='lat' dir='ltr'>et</span> <span class='ocrx_word' id='word_1_253' title='bbox 364 3599 458 3660; x_wconf 81' lang='lat' dir='ltr'>foribus</span> <span class='ocrx_word' id='word_1_254' title='bbox 481 3599 510 3652; x_wconf 76' lang='grc' dir='ltr'>Ρ.</span> <span class='ocrx_word' id='word_1_255' title='bbox 533 3601 595 3660; x_wconf 89' lang='lat' dir='ltr'>(non</span> <span class='ocrx_word' id='word_1_256' title='bbox 614 3583 681 3659; x_wconf 67' lang='lat' dir='ltr'>Titi</span> <span class='ocrx_word' id='word_1_257' title='bbox 699 3625 732 3636; x_wconf 96' lang='lat'><em>-</em></span> <span class='ocrx_word' id='word_1_258' title='bbox 754 3603 829 3661; x_wconf 64' lang='grc' dir='ltr'>ὶςηεηι</span> <span class='ocrx_word' id='word_1_259' title='bbox 852 3600 928 3664; x_wconf 85' lang='lat' dir='ltr'>illum]</span> <span class='ocrx_word' id='word_1_260' title='bbox 949 3600 1001 3648; x_wconf 78' lang='lat' dir='ltr'>Tit.</span> <span class='ocrx_word' id='word_1_261' title='bbox 1024 3605 1089 3648; x_wconf 80' lang='lat' dir='ltr'>illum</span> <span class='ocrx_word' id='word_1_262' title='bbox 1112 3604 1187 3661; x_wconf 70' lang='lat' dir='ltr'>igneam</span> <span class='ocrx_word' id='word_1_263' title='bbox 1209 3602 1267 3647; x_wconf 85' lang='lat' dir='ltr'>Em.</span> <span class='ocrx_word' id='word_1_264' title='bbox 1284 3627 1317 3640; x_wconf 91' lang='lat'>-</span> <span class='ocrx_word' id='word_1_265' title='bbox 1334 3601 1386 3646; x_wconf 66' lang='lat' dir='ltr'>Vult&lt;</span> 
     </span>
    </p>

    <p class='ocr_par' dir='ltr' id='par_1_9' title="bbox 254 3686 1386 3746">
     <span class='ocr_line' id='line_1_33' title="bbox 254 3686 1386 3746; baseline 0 -15"><span class='ocrx_word' id='word_1_266' title='bbox 254 3686 425 3746; x_wconf 78' lang='lat' dir='ltr'>sempiternum]</span> <span class='ocrx_word' id='word_1_267' title='bbox 448 3686 521 3733; x_wconf 84' lang='lat' dir='ltr'>THP.</span> <span class='ocrx_word' id='word_1_268' title='bbox 545 3686 629 3733; x_wconf 84' lang='lat' dir='ltr'>Salisb.</span> <span class='ocrx_word' id='word_1_269' title='bbox 650 3686 702 3738; x_wconf 79' lang='lat' dir='ltr'>Erf.</span> <span class='ocrx_word' id='word_1_270' title='bbox 730 3688 807 3740; x_wconf 77' lang='lat' dir='ltr'>Vestae</span> <span class='ocrx_word' id='word_1_271' title='bbox 824 3692 958 3745; x_wconf 77' lang='lat' dir='ltr'>perpetuum</span> <span class='ocrx_word' id='word_1_272' title='bbox 975 3701 1003 3732; x_wconf 83' lang='lat' dir='ltr'>uc</span> <span class='ocrx_word' id='word_1_273' title='bbox 1019 3688 1178 3744; x_wconf 80' lang='lat' dir='ltr'>sempiternum</span> <span class='ocrx_word' id='word_1_274' title='bbox 1195 3686 1254 3733; x_wconf 86' lang='lat' dir='ltr'>Ero.</span> <span class='ocrx_word' id='word_1_275' title='bbox 1272 3714 1303 3725; x_wconf 92' lang='lat'><em>-</em></span> <span class='ocrx_word' id='word_1_276' title='bbox 1319 3689 1386 3731; x_wconf 65' lang='lat' dir='ltr'>dum</span> 
     </span>
    </p>

    <p class='ocr_par' dir='ltr' id='par_1_10' title="bbox 255 3766 1385 3833">
     <span class='ocr_line' id='line_1_34' title="bbox 255 3766 1385 3833; baseline 0.001 -17"><span class='ocrx_word' id='word_1_277' title='bbox 255 3770 350 3832; x_wconf 84' lang='lat' dir='ltr'>templu]</span> <span class='ocrx_word' id='word_1_278' title='bbox 367 3770 420 3823; x_wconf 75' lang='grc' dir='ltr'><strong>ΤΒ..</strong></span> <span class='ocrx_word' id='word_1_279' title='bbox 436 3772 488 3818; x_wconf 80' lang='lat' dir='ltr'>Eri.</span> <span class='ocrx_word' id='word_1_280' title='bbox 506 3773 591 3829; x_wconf 81' lang='lat' dir='ltr'>templo</span> <span class='ocrx_word' id='word_1_281' title='bbox 607 3772 700 3816; x_wconf 84' lang='lat' dir='ltr'>deorum</span> <span class='ocrx_word' id='word_1_282' title='bbox 710 3772 774 3818; x_wconf 84' lang='lat' dir='ltr'>⁴Ern.</span> <span class='ocrx_word' id='word_1_283' title='bbox 785 3794 819 3809; x_wconf 89' lang='lat'>-·</span> <span class='ocrx_word' id='word_1_284' title='bbox 830 3786 907 3817; x_wconf 80' lang='lat' dir='ltr'>muros</span> <span class='ocrx_word' id='word_1_285' title='bbox 923 3777 945 3818; x_wconf 80' lang='lat' dir='ltr'>et</span> <span class='ocrx_word' id='word_1_286' title='bbox 961 3771 1024 3816; x_wconf 82' lang='lat' dir='ltr'>urbis</span> <span class='ocrx_word' id='word_1_287' title='bbox 1040 3766 1110 3833; x_wconf 82' lang='lat' dir='ltr'>tecta]</span> <span class='ocrx_word' id='word_1_288' title='bbox 1127 3768 1156 3817; x_wconf 89' lang='lat' dir='ltr'>T.</span> <span class='ocrx_word' id='word_1_289' title='bbox 1173 3771 1238 3816; x_wconf 83' lang='lat' dir='ltr'>urbis</span> <span class='ocrx_word' id='word_1_290' title='bbox 1254 3786 1328 3817; x_wconf 80' lang='lat' dir='ltr'>muros</span> <span class='ocrx_word' id='word_1_291' title='bbox 1341 3773 1385 3825; x_wconf 59' lang='lat' dir='ltr'>altu</span> 
     </span>
    </p>

    <p class='ocr_par' dir='ltr' id='par_1_11' title="bbox 246 3846 1385 3916">
     <span class='ocr_line' id='line_1_35' title="bbox 246 3846 1385 3916; baseline -0.001 -14"><span class='ocrx_word' id='word_1_292' title='bbox 246 3861 313 3902; x_wconf 65' lang='lat' dir='ltr'>=tecta</span> <span class='ocrx_word' id='word_1_293' title='bbox 334 3856 363 3903; x_wconf 84' lang='lat' dir='ltr'>R.</span> <span class='ocrx_word' id='word_1_294' title='bbox 386 3871 463 3905; x_wconf 72' lang='lat' dir='ltr'>muros</span> <span class='ocrx_word' id='word_1_295' title='bbox 486 3861 552 3915; x_wconf 82' lang='lat' dir='ltr'>atque</span> <span class='ocrx_word' id='word_1_296' title='bbox 576 3846 718 3901; x_wconf 82' lang='lat' dir='ltr'>urbis&#39;tecta</span> <span class='ocrx_word' id='word_1_297' title='bbox 739 3856 798 3902; x_wconf 88' lang='lat' dir='ltr'>Errr.</span> <span class='ocrx_word' id='word_1_298' title='bbox 816 3879 846 3897; x_wconf 53' lang='grc' dir='ltr'>-ω</span> <span class='ocrx_word' id='word_1_299' title='bbox 864 3860 930 3915; x_wconf 85' lang='lat' dir='ltr'>atque</span> <span class='ocrx_word' id='word_1_300' title='bbox 954 3853 1005 3916; x_wconf 76' lang='lat' dir='ltr'>lib]</span> <span class='ocrx_word' id='word_1_301' title='bbox 1029 3855 1058 3902; x_wconf 95' lang='lat' dir='ltr'>T.</span> <span class='ocrx_word' id='word_1_302' title='bbox 1081 3855 1132 3901; x_wconf 83' lang='lat' dir='ltr'>Erf.</span> <span class='ocrx_word' id='word_1_303' title='bbox 1150 3869 1178 3900; x_wconf 84' lang='lat' dir='ltr'>oc</span> <span class='ocrx_word' id='word_1_304' title='bbox 1193 3855 1236 3901; x_wconf 71' lang='lat' dir='ltr'>tib.</span> <span class='ocrx_word' id='word_1_305' title='bbox 1257 3856 1287 3904; x_wconf 83' lang='lat' dir='ltr'>tt.</span> <span class='ocrx_word' id='word_1_306' title='bbox 1305 3855 1353 3901; x_wconf 82' lang='lat' dir='ltr'>Em</span> <span class='ocrx_word' id='word_1_307' title='bbox 1366 3872 1385 3885; x_wconf 80' lang='lat'>-</span> 
     </span>
    </p>

    <p class='ocr_par' dir='ltr' id='par_1_12' title="bbox 254 3937 1383 4071">
     <span class='ocr_line' id='line_1_36' title="bbox 255 3937 1383 4002; baseline 0.002 -18"><span class='ocrx_word' id='word_1_308' title='bbox 255 3941 282 3985; x_wconf 86' lang='lat' dir='ltr'>de</span> <span class='ocrx_word' id='word_1_309' title='bbox 299 3937 404 3998; x_wconf 81' lang='lat' dir='ltr'>fortunis</span> <span class='ocrx_word' id='word_1_310' title='bbox 427 3941 529 3986; x_wconf 85' lang='lat' dir='ltr'>omnibus</span> <span class='ocrx_word' id='word_1_311' title='bbox 552 3940 582 3985; x_wconf 89' lang='lat' dir='ltr'>P.</span> <span class='ocrx_word' id='word_1_312' title='bbox 603 3939 664 4000; x_wconf 75' lang='lat' dir='ltr'>(nou</span> <span class='ocrx_word' id='word_1_313' title='bbox 688 3938 753 4001; x_wconf 76' lang='lat' dir='ltr'>Tit)</span> <span class='ocrx_word' id='word_1_314' title='bbox 771 3965 804 3978; x_wconf 93' lang='lat'>-</span> <span class='ocrx_word' id='word_1_315' title='bbox 824 3942 934 3987; x_wconf 72' lang='lat' dir='ltr'>hodierna</span> <span class='ocrx_word' id='word_1_316' title='bbox 957 3938 1009 3986; x_wconf 76' lang='lat' dir='ltr'>Tit.</span> <span class='ocrx_word' id='word_1_317' title='bbox 1026 3942 1068 3987; x_wconf 82' lang='lat' dir='ltr'>aed</span> <span class='ocrx_word' id='word_1_318' title='bbox 1084 3938 1173 4002; x_wconf 61' lang='lat' dir='ltr'>moxi</span> <span class='ocrx_word' id='word_1_319' title='bbox 1193 3940 1233 3988; x_wconf 85' lang='lat'>19.</span> <span class='ocrx_word' id='word_1_320' title='bbox 1250 3940 1285 3987; x_wconf 87' lang='lat' dir='ltr'>bis</span> <span class='ocrx_word' id='word_1_321' title='bbox 1301 3941 1383 3986; x_wconf 69' lang='lat' dir='ltr'>tantm</span> 
     </span>
     <span class='ocr_line' id='line_1_37' title="bbox 254 4025 622 4071; baseline 0.005 -2"><span class='ocrx_word' id='word_1_322' title='bbox 254 4026 299 4071; x_wconf 84' lang='lat' dir='ltr'>die.</span> <span class='ocrx_word' id='word_1_323' title='bbox 317 4052 348 4063; x_wconf 92' lang='lat'><em>-</em></span> <span class='ocrx_word' id='word_1_324' title='bbox 366 4026 526 4071; x_wconf 79' lang='lat' dir='ltr'>uindicandum</span> <span class='ocrx_word' id='word_1_325' title='bbox 543 4030 577 4070; x_wconf 84' lang='lat' dir='ltr'>est</span> <span class='ocrx_word' id='word_1_326' title='bbox 593 4025 622 4071; x_wconf 87' lang='lat' dir='ltr'>P.</span> 
     </span>
    </p>
   </div>
   <div class='ocr_carea' id='block_1_5' title="bbox 254 4132 1383 4446">
    <p class='ocr_par' dir='ltr' id='par_1_13' title="bbox 254 4132 1383 4446">
     <span class='ocr_line' id='line_1_38' title="bbox 321 4132 1383 4195; baseline 0.001 -17"><span class='ocrx_word' id='word_1_327' title='bbox 321 4132 391 4195; x_wconf 58' lang='lat'>519.</span> <span class='ocrx_word' id='word_1_328' title='bbox 416 4135 471 4180; x_wconf 90' lang='lat' dir='ltr'>Om.</span> <span class='ocrx_word' id='word_1_329' title='bbox 494 4148 533 4180; x_wconf 80' lang='lat' dir='ltr'>rr.</span> <span class='ocrx_word' id='word_1_330' title='bbox 556 4145 633 4178; x_wconf 83' lang='lat' dir='ltr'>omnes</span> <span class='ocrx_word' id='word_1_331' title='bbox 654 4135 746 4179; x_wconf 82' lang='lat' dir='ltr'>ordiner</span> <span class='ocrx_word' id='word_1_332' title='bbox 766 4133 796 4180; x_wconf 90' lang='lat' dir='ltr'>T.</span> <span class='ocrx_word' id='word_1_333' title='bbox 813 4159 846 4172; x_wconf 92' lang='lat'><em>-</em></span> <span class='ocrx_word' id='word_1_334' title='bbox 862 4148 930 4181; x_wconf 72' lang='lat' dir='ltr'>eamn</span> <span class='ocrx_word' id='word_1_335' title='bbox 951 4136 1054 4193; x_wconf 67' lang='lat' dir='ltr'>mimum</span> <span class='ocrx_word' id='word_1_336' title='bbox 1071 4135 1140 4180; x_wconf 79' lang='lat' dir='ltr'>bodie</span> <span class='ocrx_word' id='word_1_337' title='bbox 1156 4133 1185 4180; x_wconf 88' lang='lat' dir='ltr'>P.</span> <span class='ocrx_word' id='word_1_338' title='bbox 1204 4160 1239 4174; x_wconf 89' lang='lat'><em>-</em></span> <span class='ocrx_word' id='word_1_339' title='bbox 1256 4140 1329 4181; x_wconf 82' lang='lat' dir='ltr'>suetas</span> <span class='ocrx_word' id='word_1_340' title='bbox 1341 4134 1383 4186; x_wconf 69' lang='lat' dir='ltr'>dt!</span> 
     </span>
     <span class='ocr_line' id='line_1_39' title="bbox 254 4214 1383 4278; baseline -0.002 -14"><span class='ocrx_word' id='word_1_341' title='bbox 254 4223 450 4277; x_wconf 63' lang='lat' dir='ltr'>exaggeratasque</span> <span class='ocrx_word' id='word_1_342' title='bbox 472 4215 532 4277; x_wconf 89' lang='lat' dir='ltr'>(sic)</span> <span class='ocrx_word' id='word_1_343' title='bbox 554 4218 584 4264; x_wconf 85' lang='lat' dir='ltr'>tt.</span> <span class='ocrx_word' id='word_1_344' title='bbox 602 4241 637 4254; x_wconf 96' lang='lat'><em>-</em></span> <span class='ocrx_word' id='word_1_345' title='bbox 652 4216 740 4277; x_wconf 63' lang='lat' dir='ltr'>mene]</span> <span class='ocrx_word' id='word_1_346' title='bbox 753 4217 826 4264; x_wconf 80' lang='lat' dir='ltr'>THP.</span> <span class='ocrx_word' id='word_1_347' title='bbox 848 4218 901 4265; x_wconf 86' lang='lat' dir='ltr'>Erf.</span> <span class='ocrx_word' id='word_1_348' title='bbox 918 4233 934 4265; x_wconf 82' lang='lat' dir='ltr'>a</span> <span class='ocrx_word' id='word_1_349' title='bbox 952 4233 989 4278; x_wconf 80' lang='lat' dir='ltr'>pr.</span> <span class='ocrx_word' id='word_1_350' title='bbox 1007 4232 1038 4264; x_wconf 88' lang='lat' dir='ltr'>rn.</span> <span class='ocrx_word' id='word_1_351' title='bbox 1060 4217 1119 4264; x_wconf 83' lang='lat' dir='ltr'>Ern.</span> <span class='ocrx_word' id='word_1_352' title='bbox 1141 4232 1209 4276; x_wconf 77' lang='lat' dir='ltr'>qaum</span> <span class='ocrx_word' id='word_1_353' title='bbox 1232 4232 1304 4275; x_wconf 77' lang='lat' dir='ltr'>poene</span> <span class='ocrx_word' id='word_1_354' title='bbox 1321 4214 1383 4262; x_wconf 60' lang='lat' dir='ltr'>colob</span> 
     </span>
     <span class='ocr_line' id='line_1_40' title="bbox 254 4300 1382 4362; baseline 0 -14"><span class='ocrx_word' id='word_1_355' title='bbox 254 4316 302 4348; x_wconf 87' lang='lat' dir='ltr'>seo.</span> <span class='ocrx_word' id='word_1_356' title='bbox 339 4301 367 4346; x_wconf 91' lang='lat' dir='ltr'>ln</span> <span class='ocrx_word' id='word_1_357' title='bbox 389 4300 440 4346; x_wconf 80' lang='lat' dir='ltr'>Eri.</span> <span class='ocrx_word' id='word_1_358' title='bbox 463 4314 579 4360; x_wconf 80' lang='lat' dir='ltr'>superam.</span> <span class='ocrx_word' id='word_1_359' title='bbox 596 4325 630 4341; x_wconf 89' lang='lat'>-</span> <span class='ocrx_word' id='word_1_360' title='bbox 646 4301 762 4362; x_wconf 85' lang='lat' dir='ltr'>(Habeat</span> <span class='ocrx_word' id='word_1_361' title='bbox 777 4316 823 4349; x_wconf 78' lang='lat' dir='ltr'>eon</span> <span class='ocrx_word' id='word_1_362' title='bbox 840 4303 909 4348; x_wconf 80' lang='lat' dir='ltr'>ruodo</span> <span class='ocrx_word' id='word_1_363' title='bbox 926 4302 1007 4359; x_wconf 76' lang='lat' dir='ltr'>confici</span> <span class='ocrx_word' id='word_1_364' title='bbox 1023 4302 1112 4360; x_wconf 72' lang='lat' dir='ltr'>m,</span> <span class='ocrx_word' id='word_1_365' title='bbox 1130 4316 1193 4350; x_wconf 82' lang='lat' dir='ltr'>uon:</span> <span class='ocrx_word' id='word_1_366' title='bbox 1219 4316 1266 4349; x_wconf 75' lang='lat' dir='ltr'>noar</span> <span class='ocrx_word' id='word_1_367' title='bbox 1282 4302 1343 4348; x_wconf 70' lang='lat' dir='ltr'>noto</span> <span class='ocrx_word' id='word_1_368' title='bbox 1353 4305 1382 4340; x_wconf 59' lang='grc' dir='ltr'>Ν·</span> 
     </span>
     <span class='ocr_line' id='line_1_41' title="bbox 255 4383 522 4446; baseline 0.007 -17"><span class='ocrx_word' id='word_1_369' title='bbox 255 4385 337 4443; x_wconf 79' lang='lat' dir='ltr'>eorrfirr&#39;</span> <span class='ocrx_word' id='word_1_370' title='bbox 354 4384 405 4430; x_wconf 81' lang='lat' dir='ltr'>Eri.</span> <span class='ocrx_word' id='word_1_371' title='bbox 424 4383 522 4446; x_wconf 77' lang='lat' dir='ltr'>Stepb.)</span> 
     </span>
    </p>
   </div>
   <div class='ocr_carea' id='block_1_6' title="bbox 0 0 1432 4759">
    <p class='ocr_par' dir='ltr' id='par_1_14' title="bbox 0 0 1432 4759">
     <span class='ocr_line' id='line_1_42' title="bbox 0 0 1432 4759; baseline 0 0"><span class='ocrx_word' id='word_1_372' title='bbox 0 0 1432 4759; x_wconf 95' lang='lat' dir='ltr'> </span> 
     </span>
    </p>
   </div>
  </div>
 </body>
</html>
