2850 4759
240 295 298 361 cit
705 290 941 361 CICERONIS

150 493 154 496 ·
238 456 323 525 hoec
347 473 450 523 causa
474 455 665 536 coniungit3
695 474 795 538 quarn
824 456 852 523 si
879 455 1151 523 coniunctionem
1170 456 1202 522 in
1223 453 1384 523 constristo

238 562 471 629 confirmatam
494 581 570 626 meo
591 571 789 641 perpetuom
810 561 843 626 in
864 580 900 625 re
921 559 1052 642 publiea
1073 561 1288 639 tenuerimus,
1313 582 1383 626 oon-

237 666 335 733 finno
357 665 451 732 vobis
472 661 600 731 nullum
622 661 764 745 posthac
785 661 911 730 maium
933 661 1031 730 civile
1052 686 1092 730 no
1111 664 1330 732 domesticum
1340 663 1382 728 ed

236 755 340 835 ullan'r
368 768 415 833 rei
441 765 595 849 publicae
624 780 755 849 partein
782 788 857 835 csse
877 780 1069 834 venturum.
1110 769 1187 834 Pari
1207 767 1314 835 studio
1334 767 1382 833 de·

234 870 423 940 tendendae
449 872 496 937 rei
523 868 678 953 publicae
706 873 907 939 convenisse
931 871 1029 939 video
1059 872 1210 938 tribunos
1236 871 1381 948 aerarios,

235 975 439 1044 firmissimos
467 975 576 1054 viros3
608 975 736 1043 scribas
763 977 842 1042 item
868 977 1065 1054 universosq
1100 997 1285 1058 quoscum
1313 996 1383 1041 casu

235 1077 290 1146 hic
310 1078 382 1146 dies
403 1077 445 1145 ad
466 1079 632 1145 seranum
654 1079 919 1163 frequentasset,
953 1080 1051 1146 video
1077 1080 1117 1146 ab
1146 1079 1382 1161 exspectatione

176 1196 215 1260 16
235 1184 336 1252 sortis
359 1180 565 1251 adsalutem
586 1204 803 1250 communem
825 1203 900 1250 csse
919 1204 1116 1253 conversos.
1165 1183 1283 1252 Omnis
1302 1183 1381 1261 inge·

233 1310 380 1355 nuorum
407 1287 503 1357 adest
531 1284 732 1363 multitudo,
767 1288 867 1356 ctiam
896 1288 1181 1356 tenuissimorum.
1233 1286 1318 1376 Quis
1337 1296 1380 1352 est

235 1393 344 1469 enim,
364 1393 419 1458 cui
437 1414 504 1458 non
522 1390 606 1458 hsce
622 1389 762 1476 templa,
783 1388 963 1474 adspectus
981 1391 1088 1467 urbis,
1107 1391 1280 1473 possessio
1296 1388 1380 1456 iiber·

301 1624 371 1688 ilii.
391 1626 446 1679 Quis
469 1625 528 1671 enim
551 1624 581 1671 lt.
604 1623 665 1686 (non
687 1621 728 1683 T.)
750 1646 784 1661 -·
806 1624 858 1681 ipsu
881 1623 936 1668 boec
957 1623 988 1668 tt.
1003 1645 1038 1657 -
1054 1626 1077 1667 et
1098 1635 1214 1667 commune
1234 1621 1266 1668 T.
1280 1607 1336 1668 Eri.
1356 1646 1381 1659 -

233 1710 274 1770 qui
289 1723 331 1755 suu
342 1711 424 1754 virtute
429 1706 552 1767 fortunam
566 1709 631 1753 iuius
642 1706 755 1769 moinus]
770 1707 844 1754 TRP.
855 1710 895 1767 qui
906 1709 988 1752 obtuto
998 1721 1039 1752 seo
1045 1706 1166 1765 fortunam
1181 1699 1284 1753 ciuitatis
1293 1695 1347 1754 Bru.
1358 1732 1380 1742 -

194 1775 198 1782 ι
233 1809 286 1841 ecre
302 1789 372 1857 bono]
389 1794 442 1841 Tit.
464 1794 517 1841 Eri.
539 1797 598 1840 bunc
616 1808 668 1839 uere
690 1794 748 1844 cro.
767 1793 843 1862 (ione
859 1807 910 1839 vere
928 1795 976 1838 iam
990 1806 1054 1846 suurn
1069 1790 1112 1852 l‘.)
1128 1817 1163 1829 -
1178 1794 1280 1838 nostium
1296 1793 1381 1837 indicunt

233 1892 280 1924 esse
301 1876 331 1924 T.
353 1880 452 1923 bostium
474 1880 633 1925 iudicauerunt
653 1893 702 1925 om.
725 1893 749 1927 v.
772 1858 820 1923 esse
835 1859 870 1923 lt.
888 1902 922 1914 -
938 1875 986 1939 iic]
1008 1876 1083 1923 TRP.
1104 1877 1157 1922 ltine
1179 1876 1238 1922 Ern.
1256 1901 1291 1913 —
1307 1879 1380 1922 iussn

233 1964 323 2009 ordinis
339 1963 451 2023 homines]
468 1962 521 2009 Til.
538 1963 590 2010 Eri.
608 1961 667 2013 Em.
685 1966 727 2009 ltus
743 1968 766 2008 et
782 1963 936 2008 iuimcemout
953 1963 1042 2008 ordinis
1056 1963 1158 2006 nomines
1169 1960 1199 2010 Ρ.
1210 1953 1280 2005 nosce
1296 1963 1380 2006 tonina

233 2049 367 2107 ordinesque
384 2063 398 2095 e
414 2048 493 2095 codo.
509 2045 586 2095 Beck.
602 2072 637 2086 -
653 2045 815 2110 commemoro]
838 2045 912 2093 TRP.
930 2047 981 2092 Eri.
1005 2060 1174 2092 commemorent
1190 2044 1251 2091 Em.
1267 2031 1303 2084 -ζ
1317 2044 1380 2103 deses

232 2133 332 2182 anton
347 2131 377 2180 T.
389 2158 421 2171 -
438 2134 476 2179 iic
493 2138 554 2180 stare
570 2134 599 2180 P.
618 2130 678 2189 (nou
694 2118 759 2195 ΤΒ.)
775 2155 809 2169 -
825 2134 864 2191 qui
880 2145 926 2176 sos
943 2135 1048 2190 quonum
1064 2131 1132 2176 audet
1147 2134 1170 2175 et
1184 2135 1297 2190 qsontsnr
1310 2133 1379 2188 potui,

232 2217 353 2279 conferat]
379 2218 421 2265 Sic
445 2218 518 2265 etiam
541 2220 571 2265 de
592 2217 710 2279 Madvigii
725 2216 845 2264 sententis
862 2215 1039 2263 constituendus
1056 2214 1181 2263 ridebatur
1198 2216 1280 2282 locus.-
1295 2219 1333 2276 qui
1345 2228 1379 2259 uos

231 2308 339 2363 quantum
360 2305 427 2349 unda
449 2308 471 2349 et
491 2306 516 2349 in
538 2308 645 2364 qnantum
663 2306 752 2360 potest,
780 2300 884 2360 coffoeot
905 2298 935 2346 T.
958 2302 997 2359 qui
1018 2315 1064 2346 non
1086 2291 1233 2359 inquantum
1250 2316 1276 2350 u.
1294 2305 1316 2346 et
1329 2303 1379 2358 inq.

229 2392 319 2446 potest,
345 2388 450 2448 conficit
470 2389 500 2434 P.
522 2391 562 2448 qui
581 2402 627 2433 non
649 2392 756 2447 quantum
773 2401 795 2431 u.
812 2390 835 2431 et
850 2391 956 2444 quantum
971 2389 1059 2442 potest,
1083 2389 1168 2430 tantm
1185 2385 1294 2444 conferat
1309 2388 1337 2433 lt.
1351 2387 1380 2444 qui

231 2486 277 2518 non
294 2457 395 2526 wittune,
413 2477 519 2531 quantum
535 2489 558 2519 o.
576 2477 598 2517 et
614 2488 637 2532 q.
651 2474 741 2529 potest,
766 2470 870 2529 conserui
884 2469 943 2516 Em.
962 2494 992 2506 -
1011 2485 1059 2518 om.
1077 2484 1214 2516 communem
1230 2470 1262 2517 T.
1297 2472 1324 2518 iu
1339 2468 1379 2516 Eri.

231 2560 267 2601 est
283 2554 469 2614 superscriptum
487 2566 541 2601 roc.
559 2553 607 2600 boe
623 2560 767 2614 suspectum.
800 2554 883 2601 Habet
900 2554 930 2600 tt.

231 2803 285 2837 enm
302 2791 333 2835 ud
349 2790 435 2847 tinem,
457 2803 527 2851 quem
545 2790 642 2836 trudunt
658 2787 823 2846 scholiastes,
845 2790 1015 2846 convenirent,
1032 2804 1086 2837 cum
1102 2789 1195 2850 optime
1211 2790 1301 2839 scireut
1316 2788 1379 2849 utun·

231 2880 417 2923 etratus'omnes
434 2874 457 2920 in
475 2880 559 2921 senatu
576 2875 666 2921 edesse.
685 2874 794 2922 -Cum
812 2881 891 2922 tumen
909 2876 952 2923 vix
970 2876 1083 2923 credibile
1099 2875 1131 2922 sit
1146 2882 1289 2933 orstorem,
1305 2878 1376 2936 inquo
1408 2917 1409 2926 ,

230 2969 365 3018 remmus,
381 2941 472 3022 quique
489 2959 541 3020 ipse
575 2959 653 3006 scribe
670 2959 743 3006 fuisse
760 2960 865 3018 videtur,
889 2962 972 3026 paucis
989 2968 1046 3021 post
1063 2961 1186 3008 Ciceronis
1202 2969 1307 3009 mortem
1322 2959 1378 3008 suuis

229 3048 294 3095 adeo
311 3060 393 3094 errore
410 3044 517 3105 potuisse
532 3045 557 3091 in
575 3058 601 3091 re
617 3044 662 3094 ribi
678 3044 815 3100 notissime,
839 3060 870 3093 eo
887 3046 1018 3093 incbnobst
1034 3046 1139 3103 suimus,
1159 3051 1186 3092 ut
1202 3046 1312 3105 ineptum
1326 3048 1377 3093 bene
1408 3077 1409 3148 p

149 3169 152 3176 ,
230 3132 374 3179 mentionem
390 3146 441 3177 esse
458 3130 589 3177 scribarum
605 3129 679 3177 tscile
697 3132 865 3186 concederem,
892 3137 1003 3191 putorem
1019 3138 1099 3178 tumen
1116 3132 1239 3177 rhetorem
1255 3131 1377 3179 memiu'usc
1408 3155 1409 3196 t

229 3217 315 3271 morie,
333 3216 374 3277 qui
391 3214 537 3261 etiamtunc
554 3213 687 3269 obtineret,
712 3214 783 3260 titiis
801 3215 895 3270 diebus,
913 3216 997 3282 quibus
1014 3222 1109 3262 mustus
1126 3215 1269 3272 haberetur,
1295 3216 1375 3263 κήδη
1408 3209 1409 3274 i

229 3302 380 3356 consulares,
406 3298 538 3359 praetorii,
563 3299 683 3355 aedilicii,
706 3299 839 3361 quaestorii
856 3302 888 3346 ud
904 3302 1023 3347 aerarium
1040 3307 1129 3349 sortem
1145 3302 1277 3356 ducerent,
1300 3317 1316 3347 s
1331 3298 1374 3361 qui-

228 3383 326 3429 bnsuum
343 3382 509 3441 perscribenda
527 3390 603 3429 essent
620 3390 716 3431 senatus
733 3387 854 3440 consulte,
881 3400 928 3446 qus
944 3386 969 3431 in
987 3401 1013 3432 re
1030 3392 1091 3432 esset
1108 3385 1199 3446 aliquid
1217 3383 1373 3437 emolumenti,
1408 3375 1409 3406 ³

227 3468 263 3515 itu
279 3474 305 3514 nt
322 3468 408 3513 iustum
425 3467 555 3522 videretur,
575 3474 601 3514 ut
618 3468 642 3515 id
659 3470 768 3516 omuibus
785 3471 880 3531 quidem
897 3477 1089 3530 proponeretur,
1106 3470 1167 3517 sorti
1184 3475 1284 3526 sutem,
1301 3470 1373 3532 quibus
1408 3499 1409 3534 q

184 3551 187 3554 ’
227 3553 376 3612 obtingeret,
405 3552 589 3612 permitteretur.
623 3554 668 3601 Sed
686 3569 741 3601 eam
758 3570 855 3616 quoque
871 3554 1094 3615 interpretationem
1110 3561 1219 3603 evertere
1236 3541 1372 3603 rideturiu·
1408 3537 1409 3554 ¹

227 3638 290 3685 ielix
307 3639 369 3685 istud
386 3641 530 3687 vocabulum
547 3655 614 3695 mon,
636 3639 701 3701 (quie
719 3640 781 3686 enirn
797 3643 880 3687 credet
897 3651 951 3685 casu
967 3639 1057 3687 scribes
1073 3640 1196 3687 universos
1213 3645 1267 3686 rese
1283 3654 1373 3699 congre
1408 3671 1409 3674 =

225 3722 326 3785 gussei)
351 3727 415 3772 adeo
431 3734 471 3784 ut,
496 3727 553 3788 quid
576 3725 621 3773 sibi
643 3725 749 3772 voluerit
771 3725 890 3785 scriptor,
914 3725 1031 3786 expntsri
1054 3730 1156 3786 nequeat
1179 3731 1294 3787 totusque
1316 3725 1373 3770 lot!

226 3809 419 3873 aequiparandus
442 3809 472 3859 eit
497 3811 545 3868 illi,
572 3811 613 3872 qni
635 3816 672 3868 est
693 3810 718 3856 in
735 3809 817 3857 similis
832 3810 958 3871 scriptorio
974 3810 1087 3857 oratione
1104 3823 1149 3869 pro
1167 3811 1242 3856 domo
1259 3806 1373 3855 Ciceronis

224 3896 237 3959 δ
254 3897 294 3943 ts.
313 3896 389 3959 (Post
406 3898 512 3945 ordinem
530 3896 674 3959 equestrem)
692 3896 793 3949 scribac,
822 3898 861 3954 qui
878 3896 992 3940 nobiscum
1009 3897 1034 3940 in
1049 3895 1175 3942 conomius
1190 3895 1372 3950 rueme-tim

220 3982 322 4040 publicis
343 3987 461 4029 uniantur
484 3988 531 4030 cet.
570 3982 703 4028 Praeterea
726 3977 895 4040 spud‘'verum
917 3980 1058 4028 Ciceronem
1079 3993 1193 4041 nusquam
1217 3978 1334 4039 reperitur
1351 3987 1370 4019 r.

219 4055 368 4127 frequentare
384 4082 431 4128 pro
448 4081 610 4128 congregare,
636 4081 737 4127 cogeres
765 4066 884 4126 reperitur
900 4067 968 4125 sputi
984 4071 1137 4124 personatum
1154 4079 1201 4125 pro
1219 4067 1295 4111 domo
1309 4062 1321 4124 i
1335 4063 1368 4108 89.

224 4167 289 4213 quem
311 4157 335 4199 tu
357 4138 430 4198 tnneen
451 4154 561 4209 populum
582 4154 628 4197 nisi
651 4152 750 4197 tabernis
771 4153 854 4196 chusi
864 4149 1129 4210 frequentarenon
1140 4154 1251 4207 pomus,
1280 4148 1319 4195 ubi
1334 4158 1369 4192 cut

225 4239 326 4285 wolin
343 4269 358 4295 ‚‚
365 4236 478 4283 dissimile
494 4245 568 4295 genus
585 4236 720 4295 loquendi“
741 4235 765 4281 in
783 4217 843 4291 boc,
863 4249 933 4297 quem
950 4241 1097 4292 tractemus,
1117 4236 1175 4283 loco
1190 4234 1236 4280 sibi
1252 4232 1368 4294 saurim

224 4323 287 4369 visui
309 4321 351 4377 sit,
380 4334 428 4370 non
449 4318 566 4378 intelligo.
606 4320 635 4365 Id
659 4334 756 4380 quoque
777 4320 878 4378 mirum,
906 4327 961 4381 poet
983 4317 1086 4378 scribae,
1114 4319 1218 4368 libertini
1239 4320 1367 4380 plerunque

225 4405 317 4464 generis
334 4404 454 4461 bominis,
471 4403 586 4464 ingenuos
603 4404 718 4463 produci,
742 4410 791 4450 tum
809 4418 886 4451 rursus
903 4405 1026 4453 libertinos
1042 4406 1105 4454 ulios
1121 4420 1138 4452 s
1154 4406 1244 4455 scribis.
