2850 4759
194 287 236 355 ss
373 370 375 373 .
663 280 901 371 cressonis

197 444 266 514 tius
286 444 369 523 iste,
399 441 456 525 qni
476 437 602 509 iamdiu
624 440 832 510 Caesenniae
854 439 1019 509 viduitate
1039 459 1079 509 ao
1096 437 1283 509 solitudine
1306 436 1365 508 ale·

196 558 294 615 retur
322 566 363 613 ao
386 565 424 613 ae
447 545 482 616 iu
510 545 583 614 eius
616 541 881 610 familiaritatem
904 542 1109 611 insinuasset
1133 541 1198 611 liae
1223 543 1365 621 ratione,

197 661 237 718 ut
257 669 336 716 cum
358 645 471 729 aliquo
493 667 558 714 sno
578 644 782 729 compendio
807 646 945 726 negotia
966 644 1136 723 mulieris,
1156 647 1187 714 si
1202 667 1269 730 qna
1290 649 1366 714 acci·

197 749 336 829 dorent,
371 749 691 830 controversiasque
712 748 921 829 susciperet,
951 748 1153 814 versabatur
1177 768 1219 815 eo
1241 769 1366 831 qnoque

199 864 355 935 tempore
372 853 407 918 in
428 849 481 918 lais
499 850 684 918 rationibus
699 849 863 917 auctionis
878 861 913 915 ct
929 850 1136 931 partitionis,
1156 861 1259 932 atquc
1275 853 1366 918 etiarn

197 954 329 1035 seipse
353 952 520 1039 inferebat
548 963 584 1018 et
618 953 709 1019 intro
731 949 834 1018 dabat
860 953 948 1018 etin
972 968 1047 1017 eam
1072 952 1271 1033 opinionem
1295 953 1367 1019 Cac-

198 1056 351 1124 senniam
369 1052 572 1131 adducebat,
594 1063 636 1118 nt
657 1050 779 1117 mulier
799 1053 955 1133 imperita
977 1051 1060 1118 nihil
1079 1064 1216 1135 putaret
1236 1054 1294 1133 agi
1313 1051 1368 1119 cal·

139 1171 179 1234 14
199 1154 266 1224 lide
289 1176 407 1238 posse,
429 1155 487 1220 ubi
503 1176 572 1220 non
594 1153 732 1222 adesset
751 1153 927 1221 Aebutius.
970 1154 1083 1222 Onam
1106 1174 1291 1234 pomonam
1313 1157 1368 1221 ianr

200 1275 219 1323 e
235 1254 428 1338 quotidiana
443 1256 510 1320 vita
525 1256 749 1334 cognoscitis,
770 1266 1051 1336 recuperatores,
1061 1253 1249 1322 mulierum
1267 1277 1369 1323 assen·

201 1359 344 1437 tatoris,
376 1358 563 1437 cognitoris
592 1356 792 1434 viduarum,
829 1354 1018 1423 defensoris
1049 1357 1190 1422 nimium
1220 1357 1370 1438 litigiosi,

201 1460 339 1526 contriti
357 1457 404 1525 ad
429 1459 587 1545 Regiam,
608 1459 712 1540 inepti
731 1477 770 1523 ao
793 1454 889 1524 stulti
909 1458 1127 1536 interritos,
1147 1459 1238 1524 inter
1260 1460 1370 1525 mulie-

200 1579 257 1628 res
285 1561 385 1642 periti
407 1560 491 1627 iuris
514 1571 548 1625 et
573 1556 702 1634 callidi,
725 1555 814 1623 hanc
837 1578 1019 1639 personam
1038 1560 1370 1640 imponiteaebntio.

200 1662 235 1730 ls
254 1664 344 1729 enim
371 1662 577 1728 Caesenniae
599 1659 665 1724 fuit
685 1659 864 1726 Aebutius.
905 1660 957 1725 Ne
975 1659 1064 1726 forte
1085 1661 1276 1742 quaeratis,
1299 1683 1370 1727 num

201 1758 438 1845 propinquant
458 1758 550 1828 Nihil
570 1759 724 1828 alienius.
766 1760 906 1826 Amicus
930 1759 1015 1840 [ant]
1037 1781 1056 1826 a
1073 1773 1169 1841 patre
1189 1774 1251 1827 aut
1269 1783 1291 1828 a
1307 1763 1370 1828 viro

202 1862 377 1929 traditus?
405 1858 496 1929 Nihil
522 1861 645 1929 miuus.
688 1861 775 1949 Quis
797 1860 928 1940 igitur?
958 1861 1037 1939 lile,
1060 1861 1130 1938 ille,
1152 1883 1255 1944 quem
1278 1882 1372 1945 supra

202 1961 410 2033 deformavi:
445 1961 658 2029 voluntarius
680 1962 813 2028 amicus
834 1960 1003 2041 mulieris,
1037 1985 1106 2030 non
1132 1961 1374 2030 necessitudine

122 2052 128 2060 Ἀ
202 2064 332 2147 aliqua,
366 2063 427 2132 sed
455 2064 535 2131 ficto
567 2066 675 2131 officio
703 2060 930 2142 simulataque
952 2062 1133 2129 sedulitate
1158 2066 1373 2141 coniunctus,

203 2166 315 2245 magis
340 2178 532 2248 opportuna
549 2184 654 2247 opera
676 2184 932 2245 nonnumquam
957 2183 1058 2246 quam
1076 2164 1255 2247 aliquando
1275 2164 1374 2232 fideli.

142 2283 183 2357 15
204 2265 291 2332 Cum
313 2279 419 2344 esset,
440 2278 478 2332 ut
502 2266 614 2333 dicere
637 2264 869 2349 institueram,
893 2265 1079 2332 constituta
1103 2271 1215 2332 auctio
1241 2268 1374 2344 Romae,

204 2365 392 2434 suadebant
416 2367 517 2433 amici
540 2366 745 2447 cognatique
761 2364 984 2443 Caesenniae,
1007 2365 1039 2431 id
1059 2366 1150 2448 quod
1167 2368 1233 2448 ipsi
1247 2386 1374 2450 quoqne

204 2465 339 2534 mulieri
359 2468 515 2534 veniebat
535 2467 569 2531 in
589 2477 760 2530 mentem:
784 2467 943 2546 quoniam
964 2477 1116 2547 potestas
1138 2481 1230 2535 esset
1250 2468 1374 2536 emendi

204 2566 349 2633 fundum
375 2564 470 2632 illnm
504 2562 755 2642 Fulcinianum,
790 2566 848 2646 qui
875 2565 982 2633 lurido
1012 2569 1084 2636 eins
1113 2571 1250 2652 antiquo
1276 2566 1375 2637 conti·

204 2684 289 2731 nens
313 2668 420 2742 esset,
452 2663 580 2733 nnllam
602 2685 677 2732 esse
695 2667 880 2745 rationem,
915 2669 1071 2735 amittere
1094 2669 1261 2737 eiusmodi
1286 2689 1375 2737 occa·
1419 2704 1423 2715 ·

206 2765 456 2844 sionemrcum
480 2766 737 2846 eipraesertim
758 2768 902 2851 pecnnia
925 2788 970 2834 ex
989 2770 1169 2850 partitione
1190 2769 1374 2850 deberetur,

207 2856 376 2947 nusquam
404 2886 507 2947 posse
537 2887 613 2952 eam
643 2865 766 2935 melius
795 2865 970 2940 collocari.
1021 2869 1140 2952 ltaque
1172 2869 1240 2939 hoc
1263 2872 1376 2939 mulier

206 2964 322 3032 iacere
347 2966 541 3046 constituit3
572 2967 729 3046 mandat,
757 2979 798 3034 ut
823 2968 967 3036 fundum
994 2971 1058 3037 sibi
1075 2984 1186 3039 emat.
1230 2974 1292 3040 Cui
1313 2985 1377 3039 tan·

156 3133 157 3136 ,
208 3063 315 3133 dem⁰>
337 3069 391 3133 cni
419 3066 573 3158 putatis‘.>
604 3088 650 3134 an
670 3090 741 3136 non
760 3067 792 3134 in
813 3082 960 3136 mentem
981 3073 1077 3139 vobis
1104 3072 1199 3138 venit
1214 3076 1376 3149 omnibns,

207 3165 298 3234 illins
326 3166 392 3234 hoc
427 3190 551 3235 munus
576 3189 670 3246 esee,
702 3167 745 3234 ad
773 3172 887 3235 omnia
912 3170 1064 3239 mulieris
1092 3177 1230 3254 negotia
1258 3175 1377 3272 parati
1422 3240 1424 3255 ‚

208 3267 281 3337 sine
306 3290 372 3351 qno
402 3268 485 3335 nihil
514 3273 596 3337 satis
622 3281 738 3346 oantc,
775 3269 858 3336 nihil
887 3274 969 3340 satis
1000 3271 1122 3340 callide
1154 3288 1273 3357 posset
1300 3273 1375 3356 agii

202 3369 314 3435 -Recte
338 3368 522 3439 attenditis.

208 3474 437 3497 ῄ-μ-

276 3520 287 3582 §
308 3521 345 3566 tt.
364 3526 504 3580 cognovistis
528 3524 633 3570 Weiske.
657 3539 672 3568 a
694 3529 764 3581 patre
787 3538 836 3570 om.
859 3529 900 3568 nrt
921 3526 1039 3585 Palimps.
1058 3551 1088 3562 ·-
1108 3530 1203 3572 conniti
1225 3531 1257 3574 ori
1272 3526 1376 3586 Regiam]

208 3602 326 3661 Palimps.
346 3603 397 3651 Erf.
415 3605 439 3650 id
452 3612 501 3658 esi,
520 3606 561 3665 qui
578 3605 715 3653 levioribus·
730 3605 808 3650 censis
825 3606 937 3664 agendis,
963 3609 1137 3655 controversiis
1154 3611 1321 3669 suscipiendis,
1339 3625 1378 3655 ne·

208 3690 283 3749 guilis
299 3691 410 3751 gerendis
427 3689 566 3748 implicatus
584 3704 679 3748 semper
697 3693 806 3735 versatur
823 3689 861 3732 ad'
874 3688 976 3745 Regiam
993 3689 1017 3733 in
1037 3688 1083 3733 Via
1101 3703 1187 3744 sacras
1204 3697 1231 3735 nt
1249 3696 1311 3737 recte
1326 3690 1378 3736 lor·

208 3772 256 3817 dau
280 3771 400 3828 explicat.
424 3771 456 3814 de
472 3768 542 3812 Orat.
557 3771 579 3814 l.
597 3769 608 3831 ᾗ
624 3770 682 3816 249.
702 3782 752 3812 cem
778 3770 802 3812 isa
823 3771 899 3812 oensis
921 3775 942 3813 et
964 3773 1063 3828 sregotiis
1087 3774 1110 3814 et
1126 3773 1151 3814 s'n
1166 3771 1229 3828 soro
1252 3772 1378 3817 conteri-

208 3866 280 3896 mur.
298 3854 386 3896 conscili
400 3856 431 3898 od
448 3855 526 3898 risam
545 3853 576 3897 0.
614 3853 669 3906 Quis
687 3853 780 3910 igitur?
796 3851 858 3903 Ille,
876 3853 916 3896 itte
928 3848 1004 3913 quem]
1022 3852 1141 3911 Palimps.
1153 3855 1205 3912 qais
1217 3855 1308 3912 igitar?
1325 3853 1378 3903 ute,

209 3948 275 3993 quem
297 3935 327 3979 0.
384 3985 387 3989 ,

277 4022 288 4084 i
315 4024 353 4070 15.
372 4025 475 4069 ueniebat
500 4026 524 4069 irs
549 4018 659 4093 mentem]
682 4024 799 4082 Palimps.
822 4023 875 4069 Eri.
900 4025 925 4067 in
947 4028 1041 4067 mentem
1065 4024 1168 4068 uerrisbat
1184 4026 1216 4070 0.
1237 4048 1272 4060 -
1291 4037 1342 4068 wan
1360 4025 1380 4066 ei

205 4104 358 4168 praesertim]
385 4107 438 4151 lars.
464 4121 515 4151 rum
536 4121 617 4164 praes.
642 4109 673 4152 0.
694 4132 727 4145 -
745 4120 815 4162 posse
839 4104 899 4164 snm]
923 4104 1041 4163 Palimps.
1065 4105 1117 4150 Eri.
1140 4120 1191 4150 mm
1209 4120 1279 4163 possa
1298 4105 1330 4149 0.
1347 4127 1381 4140 -

210 4192 285 4244 itaque
297 4187 351 4249 leuc]
364 4189 481 4248 Palimps.
494 4193 569 4248 itaque
578 4191 609 4235 0.
619 4213 652 4225 -
662 4189 726 4234 nobis
739 4183 816 4248 uertit]
829 4187 946 4246 Pulirnps.
959 4189 1019 4231 uern'i
1029 4188 1060 4232 0.
1067 4192 1187 4244 -posset
1194 4189 1256 4251 ogi]
1265 4186 1379 4245 Pallmps.

210 4267 297 4326 (Eri.)
314 4271 356 4326 ogi
370 4275 448 4326 posset
465 4271 495 4315 0.
