2850 4759
236 295 297 361 aar
455 354 460 363 ,
596 306 599 312 <
697 291 930 362 ciceronis
1255 280 1257 285 ’
1409 312 1410 385 ι

237 454 453 540 {Cornelius}
493 455 565 524 Iam
593 455 622 523 si
649 455 684 522 in
710 455 860 538 paranda
887 454 1014 522 familia
1041 455 1190 539 suspicio
1219 468 1272 526 est
1293 457 1389 538 nulla,

236 562 325 646 quod
352 561 499 645 praefuit
526 559 606 627 nihil
636 558 677 627 ad
705 582 775 627 rem
803 560 1003 643 pertinet.†
1043 558 1107 627 Sed
1130 571 1240 628 tamen
1263 584 1410 629 munere

235 662 349 751 servili
371 662 492 732 obtulit
513 684 550 732 se
571 664 611 731 ad
634 665 838 731 ferramenta
858 662 1113 747 prospicienda,
1145 665 1294 747 praefuit
1319 687 1389 733 vero

182 829 184 833 ,
235 789 426 852 nunquam,
461 788 565 850 eaque
599 789 653 835 res
680 788 741 851 per
767 764 916 846 Bellum,
956 765 1069 834 Fausti
1094 766 1273 849 libertum,
1310 772 1410 853 omni

236 883 389 956 tempore
410 870 639 939 administrata
660 881 726 938 εει.
1409 860 1410 863 ’

176 987 216 1057 56
313 977 396 1044 XX.
436 981 483 1042 Αι
503 976 591 1042 enim
607 975 706 1042 Silius
729 986 781 1042 cst
801 975 841 1042 ab
862 973 928 1041 hoc
947 975 981 1041 in
995 973 1190 1042 ulteriorem
1205 975 1410 1059 Hispaniam¹

235 1080 377 1158 missus,
420 1084 563 1146 ut'eam
596 1078 803 1162 provinciam
838 1080 1062 1160 perturbaret.
1100 1080 1254 1146 Primum
1290 1081 1389 1164 Sirius,

233 1182 381 1259 iudices,
403 1168 448 1250 1..
459 1181 561 1261 Iulio,
585 1182 621 1249 C.
636 1179 752 1263 Figulo
768 1179 961 1250 consulibus
977 1182 1149 1264 profectus
1164 1181 1388 1267 estaliquauto

234 1299 313 1354 ante
333 1286 486 1353 furorem
511 1283 671 1353 Catilinae
699 1297 734 1352 et
758 1298 835 1352 ante
862 1287 1087 1369 suspicionem
1116 1285 1215 1354 huius
1245 1290 1389 1355 coniura-

236 1390 354 1471 tionis;
387 1387 507 1456 deiude
535 1400 586 1458 eat
606 1390 782 1472 profectus
802 1412 870 1457 uon
891 1402 963 1458 tum
984 1392 1150 1474 primum,
1185 1388 1246 1458 sed
1270 1413 1345 1458 curu
1362 1394 1389 1457 iu

235 1491 355 1561 iisdem
382 1491 467 1560 locis
496 1491 665 1575 aliquanto
694 1506 772 1560 ante
800 1493 915 1561 cadem
943 1493 985 1561 de
1012 1516 1113 1561 causa
1144 1493 1279 1577 aliquot
1298 1515 1388 1561 anuos

234 1596 372 1678 fuisset,
406 1617 446 1663 ac
471 1597 648 1679 profectus
675 1608 727 1664 cst
753 1621 822 1666 uon
843 1596 945 1665 modo
966 1597 1009 1665 ob
1030 1602 1185 1676 causam,
1217 1597 1282 1666 sed
1303 1598 1410 1677 etiam,

233 1700 460 1768 necessariam
483 1720 636 1779 causam,
668 1720 791 1780 magua
818 1702 949 1768 ratione
976 1723 1052 1767 cum
1076 1702 1304 1791 Mauritaniae
1323 1721 1410 1791 rege¹

235 1814 422 1871 contracta.
464 1803 552 1871 Turn
573 1814 705 1880 autem,
728 1801 785 1871 illo
807 1805 982 1888 profecto,
1003 1802 1093 1872 Sulla
1108 1818 1318 1887 procurante
1330 1806 1387 1872 eius

162 1896 177 1972 ξ
233 1913 307 1973 rem
334 1917 367 1972 et
395 1918 552 1987 gerente,
583 1905 737 1989 plurimis
764 1919 798 1973 ει
823 1906 1057 1990 pulcherrimis
1085 1908 1123 1976 P.
1153 1910 1226 1975 Sitii
1253 1909 1410 2005 praediis!

169 2053 177 2065 ·-
233 2008 376 2077 venditis
396 2031 453 2077 aes
474 2009 620 2076 alienum
642 2008 794 2077 ciusdem
809 2009 1009 2079 dissolutum
1030 2022 1097 2089 εει,
1119 2022 1174 2095 ut,
1196 2032 1284 2094 quae
1299 2030 1388 2078 causa
1409 2008 1410 2018 ’

234 2125 367 2181 ceteros
389 2112 431 2181 ad
457 2116 589 2182 facinus
616 2112 765 2197 impulit,
797 2113 962 2196 cupiditas
992 2113 1186 2181 retinendae
1211 2116 1387 2197 possessio

174 2231 213 2296 57
234 2215 303 2303 nis,
336 2237 375 2284 ea
395 2218 477 2284 Silio
499 2242 567 2285 non
594 2217 695 2284 fucrit
723 2216 866 2300 praediis
888 2215 1077 2285 deminutis.
1119 2220 1190 2283 lam
1212 2238 1298 2284 vero
1318 2215 1387 2284 illud

233 2340 333 2405 quarn
348 2320 558 2400 incredibile,
575 2345 675 2405 quam
692 2321 891 2399 absurdum,
908 2324 961 2405 qui
976 2325 1103 2390 Romae
1119 2321 1256 2388 caedem
1274 2323 1386 2399 facere,

234 2425 290 2508 qui
322 2422 409 2504 hana
441 2426 560 2492 urbem
593 2426 802 2493 inflammare
835 2424 953 2504 vellet,
988 2446 1065 2492 eum
1097 2424 1387 2493 familiarissimum

233 2548 334 2596 suum
356 2527 524 2597 dimittere
546 2529 585 2596 ab
607 2550 643 2596 εε
665 2542 698 2596 ει
719 2529 899 2597 amandare
919 2530 953 2596 in
974 2528 1108 2596 ultimas
1131 2529 1256 2596 terras!
1284 2542 1387 2597 utrum

234 2652 301 2715 quo
323 2630 454 2699 facilius
475 2632 605 2699 Romae
626 2654 683 2712 ea,
711 2654 797 2717 quac
817 2633 1020 2717 conabatur,
1048 2632 1215 2721 efficeret,¹
1238 2633 1269 2698 si
1289 2633 1322 2699 in
1340 2631 1387 2697 lli·
1408 2638 1409 2715 ζ

233 2736 352 2817 spania
373 2737 542 2803 turbatum
564 2737 679 2805 essct-⁶?
711 2743 758 2804 At
778 2736 862 2803 haec
881 2736 954 2818 ipsa
973 2755 1034 2817 per
1053 2754 1107 2812 se,
1136 2736 1208 2801 sine
1229 2734 1300 2803 ulla
1319 2758 1386 2802 con·
1408 2726 1409 2741 ¹

226 2839 406 2923 iunctione
427 2841 621 2920 agebantur.
660 2843 714 2908 An
740 2840 773 2906 in
805 2840 903 2907 tantis
930 2840 1045 2915 rebus,
1078 2849 1145 2905 tam
1167 2840 1265 2906 novis
1288 2838 1385 2906 consi·

232 2941 305 3020 liis,
322 2953 388 3009 tam
405 2942 622 3026 periculosis,
640 2955 707 3010 tam
726 2943 923 3010 turbulentis
941 2928 1111 3011 homiuem
1127 2943 1383 3012 amantissimum

233 3047 306 3128 sui,
326 3046 636 3133 familiarissimum,
658 3047 972 3117 coniunctissimum
994 3047 1126 3126 officiis,
1148 3068 1232 3125 usu,
1254 3064 1384 3114 cousue-

231 3148 364 3229 tudine,
386 3150 620 3229 dimittendum
642 3172 716 3219 εεεε
735 3151 982 3219 arbitraretur?
1015 3150 1095 3218 Veri
1114 3150 1225 3219 simile
1244 3175 1314 3219 non
1331 3160 1382 3224 est,

300 3333 312 3397 l
333 3334 377 3387 56.
400 3333 479 3396 Sitiru]
504 3332 539 3381 sic
561 3333 634 3383 etiam
656 3332 686 3379 P.
708 3347 756 3393 pro
781 3332 852 3380 Beru.
875 3333 966 3382 Genea.
990 3331 1093 3380 Manutii
1123 3333 1222 3380 clarina.
1243 3355 1279 3370 -
1301 3337 1323 3378 et
1341 3334 1381 3376 aab
1407 3338 1408 3389 ι

231 3418 305 3480 aurp]
326 3423 350 3464 et
367 3432 428 3476 aurp.
448 3416 478 3464 P.
494 3417 566 3466 Bern.
582 3441 617 3455 -
633 3432 719 3476 magna
736 3415 836 3478 ratione]
854 3432 938 3476 magna
955 3419 1043 3464 ratione
1058 3420 1168 3476 pecuniae
1183 3418 1276 3467 Genea.
1292 3416 1328 3478 (ut
1342 3416 1381 3463 Co·

233 3506 284 3551 dex
306 3503 432 3564 Stephani.
453 3517 537 3562 magua
558 3505 667 3562 pecuniae
687 3506 777 3549 ratione
796 3500 891 3563 Lamb.)
930 3503 951 3547 E
971 3503 1043 3549 Parc.
1065 3502 1124 3549 nibil
1144 3508 1253 3549 notatur.

280 3611 312 3687 sti
336 3612 377 3660 57.
402 3614 560 3659 dimittendum
580 3610 636 3674 erra]
657 3613 713 3660 dim.
737 3629 752 3658 a
774 3626 798 3658 aa
820 3611 882 3661 Cod.
906 3611 1033 3673 Stephani.
1066 3610 1088 3657 E
1110 3611 1183 3658 Parc.
1206 3610 1266 3658 nihil
1289 3614 1379 3658 ιιοίιιιι.

233 3721 425 3735 m

299 3780 369 3843 556.
392 3782 421 3827 Ρ.
444 3780 518 3828 Sitiua
539 3779 685 3836 Nucerinus,
714 3779 778 3826 idem
799 3779 903 3826 fortem
925 3777 966 3840 qui
978 3736 1265 3851 'memoratur'acriptori
1282 3779 1311 3823 do
1325 3775 1378 3821 bello
1406 3820 1407 3861 ζ

232 3864 309 3913 Afric.
327 3881 348 3912 c.
366 3866 407 3912 36.
425 3889 457 3903 -
480 3868 507 3913 1..
531 3865 606 3912 Iulius
628 3865 733 3921 Caesar,
762 3864 790 3911 C.
814 3865 919 3911 Marcius
940 3862 1039 3922 aigum
1061 3874 1122 3908 cosa.
1144 3876 1169 3907 a.
1191 3875 1215 3908 ιι.
1239 3876 1261 3908 ε.
1285 3862 1379 3907 690.-
1406 3882 1407 3907 ι

233 3953 387 3999 Mauritaniae
403 3948 466 4014 rege]
485 3950 635 4011 Hiempsale.
669 3948 729 4010 Agr.
751 3951 777 4007 l,
796 3948 820 3996 4.
838 3948 850 4010 h
870 3949 908 3995 10.

299 4062 368 4124 §aa
391 4062 424 4107 At
446 4062 500 4104 haec
523 4057 586 4120 ipsa]
610 4059 676 4104 Haec
699 4073 752 4105 eum
774 4057 894 4104 Matthiae
911 4056 1033 4116 intelligo,
1057 4061 1081 4101 et
1098 4069 1160 4117 quae
1178 4055 1274 4101 Romae
1289 4061 1312 4100 ct
1326 4063 1376 4113 quta

232 4149 255 4196 in
273 4146 394 4208 Hispania
412 4146 559 4205 agebantura
586 4144 661 4192 verba
681 4151 762 4191 autem
778 4146 827 4188 aine
850 4145 898 4188 ulla
915 4143 1073 4187 coniunctione
1090 4140 1174 4185 addita
1192 4146 1274 4198 puto,¹
1287 4137 1312 4183 ut'
1325 4147 1375 4196 quw

232 4235 379 4294 praecedunt
395 4233 505 4287 ipseper
524 4244 548 4275 ae
565 4226 699 4275 accuratius
717 4229 873 4284 definiantur,
896 4228 920 4273 iil
938 4233 987 4282 εει,
1006 4227 1066 4272 haec
1083 4224 1117 4270 ita
1136 4224 1282 4283 agebantur,
1300 4226 1323 4267 ut
1337 4230 1374 4263 aar

233 4324 294 4364 esset
311 4319 361 4362 ulla
378 4328 459 4361 aarum
479 4327 557 4359 rerum
574 4313 712 4359 coniunctio
730 4321 755 4359 et
771 4314 936 4359 cohaerentia.
970 4312 1082 4356 Getarum
1099 4310 1160 4355 haec
1177 4309 1253 4368 ipsius
1269 4301 1374 4353 ciceroni·

233 4402 307 4450 rerba
324 4407 392 4457 suut,
408 4411 457 4446 uon
475 4395 594 4458 Torquati
612 4396 733 4453 obiectio,
756 4398 822 4457 quod
839 4396 953 4444 credebat
968 4395 1098 4443 Ernestiua.
1133 4394 1292 4446 Faorscuaa.
