2850 4759
220 290 279 355 en
681 281 916 352 orcunonrs
963 254 973 273 ”

220 451 310 519 xima
332 459 402 530 eet,
434 447 614 518 sedetiam
637 468 721 533 quoe
743 447 889 516 sciebam
912 447 1095 527 memoria,
1122 447 1280 524 scientia,
1304 465 1377 512 con·
1407 436 1408 531 ᾗ

221 553 399 622 suetudine
422 566 456 621 et
477 553 648 621 celeritate
672 551 840 620 scribendi
863 551 1040 628 facillime,
1074 573 1160 636 quae
1179 552 1376 628 dicerentur,
1407 574 1408 627 g

221 659 376 742 persequi
391 679 510 741 posse,
526 659 565 726 C.
581 654 804 746 Cosconium,
820 658 875 741 qui
888 670 968 725 tunc
979 669 1053 723 erat
1063 667 1218 738 praetor,
1232 656 1284 724 M.
1297 656 1377 722 Mes·
1407 638 1408 727 l

220 760 358 840 callam,
380 763 435 847 qni
452 774 520 829 tum
536 775 727 846 praeturam
743 763 896 846 petebat,
919 763 955 829 P.
976 759 1168 843 Nigidium,
1196 764 1266 842 Ap.
1291 759 1376 827 Clau

222 865 327 933 dium.
369 863 479 934 Credo
501 887 575 933 esse
596 867 784 952 nerninem,
806 866 862 951 qui
882 864 933 934 bis
952 862 1145 933 hominibus
1167 862 1212 939 ed
1232 883 1313 931 vere
1332 883 1375 929 re·
1407 864 1408 927 ἲ

222 967 399 1037 serendum
421 982 479 1037 aut
499 969 598 1037 fidem
620 982 717 1053 putet
737 985 796 1038 aut
816 970 987 1051 ingenium
1009 967 1170 1036 defuisse.
1407 958 1408 1029 l

299 1073 376 1142 XV.
420 1072 511 1166 Quid
532 1073 678 1142 deinde⁰.>
700 1074 780 1158 quid
801 1073 896 1140 seri?
918 1074 1004 1140 Cum
1025 1072 1211 1140 scirem-ita
1226 1070 1375 1138 indicium
1407 1102 1408 1153 3

221 1176 256 1244 in
277 1176 406 1245 tabulas
426 1176 576 1261 publicas
604 1176 768 1257 relatum,
800 1190 836 1244 ut
860 1176 936 1245 illac
964 1174 1096 1245 tabulae
1121 1176 1257 1258 private
1280 1187 1375 1242 tamen
1407 1158 1408 1217 l

223 1280 377 1350 custodia
397 1302 492 1350 more
513 1283 680 1351 maiorum
702 1282 975 1366 continerentur,
1009 1304 1077 1348 non
1099 1278 1290 1358 occultavi,
1320 1302 1375 1346 noo
1407 1292 1408 1367 3

223 1385 373 1453 continui
394 1384 503 1464 domi,
530 1384 590 1454 sed
612 1384 755 1454 describi
776 1390 815 1455 ab
838 1385 993 1453 omnibus
1014 1385 1128 1452 statim
1149 1382 1314 1463 librariis,
1339 1382 1376 1448 di-
1407 1374 1408 1421 ³

223 1487 291 1553 vidi
319 1488 443 1571 passim
470 1502 505 1556 et
529 1487 720 1572 pervolgari
749 1502 849 1574 atque
879 1488 932 1557 edi
959 1487 1086 1571 populo
1107 1489 1265 1555 Romano
1287 1489 1376 1570 impe
1407 1498 1408 1561 ᾗ

221 1590 315 1670 ravi3
341 1590 437 1658 divisi
460 1593 520 1658 toti
540 1591 674 1676 ltaliae,
696 1596 792 1662 emisi
810 1594 846 1661 in
868 1614 985 1661 omnes
1006 1592 1220 1675 provincias,
1249 1593 1321 1659 eius
1338 1592 1376 1656 in·

224 1693 319 1771 dieii,
341 1715 440 1779 equo
460 1693 550 1763 salus
573 1695 683 1764 oblata
702 1710 792 1766 esset
806 1697 981 1777 omnibus,
1003 1708 1178 1778 expertem
1193 1717 1272 1764 esse
1285 1695 1377 1762 nemi·
1407 1738 1408 1747 .

163 1808 201 1870 43
224 1819 300 1865 nem
322 1795 426 1867 volui.
466 1798 582 1883 ltaque
603 1799 679 1868 dico
701 1800 815 1869 locum
830 1801 863 1868 in
880 1800 961 1869 orbe
977 1812 1142 1867 terrarum
1157 1820 1232 1867 esse
1246 1797 1376 1880 nullum,

162 1986 169 1992 Ι
225 1924 291 1985 quo
311 1901 345 1968 in
366 1898 445 1968 loco
463 1901 576 1985 populi
596 1903 740 1972 Romani
761 1926 886 1974 nomen
907 1905 969 1984 sit,
1001 1905 1081 1987 quin
1101 1901 1223 1971 eodem
1242 1902 1377 1986 perscri-

223 2017 319 2088 ptum
347 2004 416 2075 hoo
441 2006 601 2075 indicium
627 2004 831 2090 pervenerit.
871 2008 910 2075 In
937 2031 1003 2092 quo
1034 2028 1098 2088 ego
1125 2018 1194 2074 tam
1221 2007 1333 2074 subito
1351 2015 1378 2070 et

225 2109 347 2191 exiguo
370 2121 404 2178 et
425 2111 559 2179 turbido
582 2123 736 2197 tempore
756 2111 864 2179 multa
885 2110 1061 2197 divinitus,
1082 2112 1129 2178 ite
1150 2122 1189 2176 ut
1209 2109 1301 2190 dixi,
1321 2131 1376 2176 non

224 2234 300 2281 mea
320 2225 457 2297 sponte,
478 2213 624 2298 providi:
653 2215 820 2298 primum,
840 2236 882 2283 ne
903 2216 958 2299 qui
978 2226 1095 2298 posset
1114 2224 1247 2280 tantum
1270 2226 1328 2280 aut
1344 2211 1377 2278 de

225 2317 272 2382 rei
299 2315 451 2400 publicae
477 2331 534 2385 aut
562 2317 603 2386 de
631 2316 772 2387 alicuius
800 2317 952 2402 periculo
981 2318 1191 2397 meminisse,
1225 2330 1376 2401 quantum
1406 2368 1407 2395 ,

224 2418 345 2499 veliet·
364 2420 502 2501 deinde,
525 2443 567 2491 ne
588 2423 641 2488 cui
662 2420 780 2489 liceret
799 2444 948 2507 unquam
970 2420 1217 2505 reprehendere
1236 2420 1345 2489 illud
1336 2443 1407 2493 n

225 2522 350 2590 dicium
370 2535 435 2591 aut
456 2535 581 2590 temere
607 2524 773 2591 creditum
800 2526 987 2606 criminari3
1021 2538 1216 2610 postremo,
1246 2546 1288 2593 ne
1310 2504 1407 2611 quidl

225 2627 291 2693 iam
313 2647 425 2705 ame,
458 2648 499 2692 ne
528 2625 606 2711 quid
633 2648 677 2694 ex
698 2629 782 2695 meis
805 2630 1056 2697 commentariis
1078 2640 1315 2714 quaereretur,
1342 2646 1376 2694 ne

212 2740 285 2795 aut
312 2727 432 2798 oblivio
460 2751 534 2799 mea
561 2743 619 2799 aut
645 2734 810 2800 memoria
838 2732 1009 2805 videretur
1029 2732 1151 2812 nimian
1183 2753 1227 2798 ne
1247 2732 1375 2814 denique

164 2833 202 2895 44
226 2844 284 2898 ant
303 2830 504 2914 negligentia
527 2837 632 2917 turpis
654 2849 712 2904 aut
733 2833 902 2916 diligentia
924 2832 1069 2902 crudelis
1095 2847 1282 2919 putaretur.
1322 2832 1376 2902 Sed

227 2949 338 3009 tamen
359 2938 417 3005 abe
440 2948 491 3018 te,
512 2939 704 3026 Torquate,
726 2961 868 3027 quaero,
895 2960 973 3007 cum
994 2938 1160 3007 iudicatus
1182 2950 1261 3007 tuus
1281 2930 1406 3005 inimi·

225 3062 418 3076 -——

292 3148 362 3210 548.
379 3150 495 3194 rideretur
510 3146 593 3208 nimiu]
610 3148 724 3193 diceretur
740 3147 811 3192 nimia
828 3145 857 3191 P.

292 3256 303 3320 5
321 3257 363 3303 44
379 3256 491 3318 frequent
513 3253 613 3318 tenetur]
636 3254 771 3301 reuolueP.
789 3278 821 3292 -
838 3256 907 3300 aliter
916 3251 991 3319 fied]
1013 3254 1090 3302 Nimio
1106 3207 1155 3302 boc
1171 3254 1301 3310 infinitum,
1324 3253 1373 3300 uir

181 3380 185 3388 .
227 3345 301 3392 etiem
318 3344 422 3399 factum,
440 3347 466 3388 ut
483 3340 620 3388 Schneteim
638 3354 767 3400 perperam
785 3339 962 3400 explicarete,
964 3339 1373 3395 ‚ninssncribmmeosubitieere“

227 3444 281 3477 cum
304 3427 451 3476 contrarium
473 3428 584 3473 trudatur
605 3426 629 3472 in
652 3427 796 3485 praecedd.r
822 3424 974 3472 libentissime
996 3424 1059 3473 enim
1082 3425 1176 3470 fuerant
1197 3424 1309 3471 iudicImn
1323 3424 1373 3469 'lor-
1404 3464 1405 3469 ,

226 3520 317 3577 quatu,
334 3513 354 3559 ei
371 3512 481 3573 pelleret,
507 3511 700 3559 demonstraturi.
735 3510 856 3564 Quocirca
873 3510 928 3557 vide
944 3526 975 3557 ue
990 3513 1038 3572 leg.
1056 3511 1098 3558 ait:
1114 3513 1184 3557 aliter
1200 3511 1298 3571 referri,
1319 3507 1371 3567 „iliu

227 3606 254 3646 nt
270 3599 300 3646 Ρ.
318 3598 398 3644 Sullae
415 3610 502 3643 nomen
519 3595 543 3642 in
560 3595 650 3642 indicio
667 3609 717 3642 non
733 3595 828 3642 inerret.
834 3599 850 3622 ‘⁸
861 3621 893 3634 -
911 3601 951 3640 out
967 3595 1026 3657 neb]
1045 3597 1083 3642 Sic
1100 3596 1178 3643 Codd.
1196 3597 1258 3653 mei,
1275 3596 1341 3643 etium
1348 3591 1371 3637 P·

226 3683 285 3731 Ertr
301 3688 368 3741 „aut
384 3683 469 3729 saltem
486 3679 678 3729 vehementine.“
712 3664 770 3725 Em.
787 3695 815 3726 ae
831 3683 880 3726 velt.
898 3695 932 3726 ex
943 3681 1085 3738 Dreerlenei‚
1101 3682 1166 3727 cuiue
1177 3683 1245 3728 nulla
1257 3688 1293 3728 eat
1303 3684 1370 3727 ardu·

228 3769 296 3817 riter.
313 3793 347 3805 -
365 3768 487 3812 ementiore
509 3763 546 3825 et]
569 3745 604 3810 P.
642 3762 687 3810 Cui
709 3764 810 3812 lectioni
833 3766 896 3812 duee
918 3764 1024 3812 rationes
1044 3765 1140 3814 favente
1170 3766 1274 3825 primurn
1296 3765 1369 3810 Geret-
1404 3782 1405 3821 ι

227 3854 311 3899 audeat
328 3854 445 3897 muniere
462 3855 496 3904 et,
515 3847 587 3895 Bern.
605 3853 629 3894 et
647 3848 745 3897 Oxonn.
764 3855 880 3910 quattuor
897 3850 1009 3896 omittunt
1026 3865 1049 3898 v.
1067 3851 1166 3908 audem
1183 3850 1233 3897 iam
1248 3866 1302 3898 cum
1316 3859 1370 3894 teet·
1404 3826 1405 3915 l

229 3939 273 3984 det
288 3937 360 3986 Pure.
378 3938 524 3995 auctoritas,
550 3941 654 3998 apparet
671 3936 754 3980 andere
771 3934 802 3980 ab
819 3933 996 3994 interpolatore
1014 3950 1073 3982 erae.
1112 3935 1206 3982 Deinde
1223 3918 1369 3981 moulon

228 4022 324 4069 ercanir
346 4023 453 4070 consiliio
477 4021 577 4080 dicitur,
603 4034 651 4070 nen
674 4022 705 4067 de
722 4034 761 4074 re,
791 4033 863 4081 quem
881 4025 906 4066 ut
923 4020 1074 4068 manifestam
1090 4024 1164 4082 atque
1180 4021 1289 4067 omnibus
1303 4024 1367 4066 norm

295 4213 307 4275 i
324 4214 365 4260 44.
380 4213 509 4273 ιιιὶιιιίιιιι]
529 4213 615 4260 Cicero
638 4226 686 4260 non
705 4212 816 4259 concedit
833 4214 863 4261 Ρ.
880 4213 973 4262 Sullam
990 4213 1120 4271 eoointer
1137 4219 1233 4261 ceteros
1249 4212 1367 4261 maiorm

231 4299 263 4346 eb
280 4298 458 4357 Allobrogibus
473 4297 615 4352 indicatum,
639 4299 681 4343 rod
698 4303 791 4343 tantum
810 4296 878 4356 ponit
897 4312 930 4343 ex
946 4297 1066 4358 Torquati
1083 4297 1252 4357 criminatione
1268 4298 1368 4345 bertum
1403 4358 1404 4365 ἵ

230 4391 256 4429 ut
273 4381 327 4429 inde
345 4381 432 4429 elicere
449 4386 530 4443 portet
547 4383 612 4442 quod
629 4381 681 4442 ipre
698 4381 827 4433 absurdum
843 4381 966 4432 fateretur.
1000 4382 1124 4430 Sonuere.
1156 4391 1158 4395 “
