2850 4759
188 173 403 284 accusas.
424 212 472 282 ur
494 211 533 282 c.
555 209 751 282 raanan
771 209 856 282 ιιιι.
877 208 937 290 ιι,
958 230 990 281 0.
1011 211 1063 281 rs.
1173 212 1213 282 ss

56 372 242 460 prehendet,
271 375 298 444 si
320 373 377 457 qui
398 370 505 442 volet:
535 369 617 440 nibil
639 370 798 455 amplius.
841 372 970 442 ilerum
990 373 1056 444 luit
1076 372 1108 439 ci
1127 394 1213 443 cou·.

56 478 237 550 cedendum.
290 477 394 546 Filius
416 477 505 548 euim
528 475 566 542 L.
589 473 724 544 Pisonis
745 485 835 556 erat,
871 475 962 554 eiua,
1001 476 1058 560 qui
1078 477 1211 568 primus

56 582 90 656 de
107 581 249 664 pecuniis
271 578 467 661 repetundis
488 575 600 658 legem
621 574 708 644 tulit.
748 576 944 645 Ridiculum
959 590 1030 659 est,
1051 600 1108 648 me
1122 601 1213 650 nuno
1231 590 1280 663 57,

56 683 92 752 de
116 684 210 752 llene
236 681 372 760 dicere,
413 699 493 748 cum
522 679 564 748 tle
592 681 718 748 Pisone
745 678 846 761 Frugi
871 680 1038 749 dixerim:
1081 703 1213 750 rerum·

58 795 158 852 lamen
175 794 332 865 quantum
351 781 488 852 intersit
508 781 633 850 videte·
684 783 754 852 Iste
775 804 854 850 cunr
876 782 1005 867 aliquot
1024 786 1213 857 abacorum

59 884 170 952 faceret
192 905 270 952 rasa
298 906 419 960 aurea,
451 907 521 952 non
542 882 726 964 laboravit,
758 885 838 969 quid
858 908 928 954 non
951 886 1054 955 morlo
1075 889 1108 955 in
1129 888 1214 957 Sici·

60 984 109 1061 lia,
137 1007 245 1056 rerum
267 988 369 1062 etiarn
392 987 522 1054 Romae
543 987 576 1054 in
599 986 725 1054 iudicio
746 988 896 1057 audiret:
930 988 994 1057 ille
1011 991 1043 1058 in
1065 992 1140 1058 auri
1159 1011 1215 1060 aa·

58 1087 172 1157 muncia
192 1100 298 1157 totam
319 1090 517 1171 Hispaniam
538 1088 627 1158 scire
648 1086 774 1167 voluit,
808 1089 898 1158 unde
918 1092 1069 1173 praetori
1089 1092 1213 1161 nutrius

57 1189 146 1258 fieret.
183 1191 373 1271 Nimirum,
395 1204 433 1258 ut
457 1190 513 1260 bic
533 1211 658 1259 nomeu
679 1213 781 1261 suum
804 1194 1056 1277 comprobavit,
1083 1194 1213 1265 sicilie

59 1311 236 1374 cogriomeu.
330 1335 333 1342 ·
1117 1313 1126 1380 g

121 1396 241 1467 XXVI.
282 1394 387 1484 Nullo
411 1397 513 1468 modo
531 1420 672 1482 possum
693 1398 809 1466 omnia
825 1398 923 1467 istius
945 1399 1039 1474 facta
1061 1411 1122 1468 aut
1139 1422 1214 1471 me·

59 1497 151 1565 moria
171 1500 334 1582 consequi
358 1512 418 1567 aut
444 1502 600 1570 oratioue
625 1498 820 1583 complecti.
862 1500 997 1568 Genera
1020 1503 1094 1584 ipsa
1110 1504 1213 1586 cupio

59 1596 181 1666 breviter
196 1604 384 1682 attingere,
406 1614 445 1669 ut
461 1602 516 1670 hic
537 1601 641 1674 modo
662 1623 717 1670 me
742 1604 955 1671 commonuit
973 1605 1107 1673 Pisonis
1128 1625 1214 1672 anu·

57 1697 114 1780 lus,
131 1695 215 1785 quod
238 1707 354 1772 tolum
380 1705 565 1773 effluxerat.
608 1704 723 1797 Quam
745 1704 860 1773 multis
882 1708 985 1774 istum
1004 1709 1130 1796 putatis
1151 1705 1215 1775 ho·

59 1804 181 1874 minibus
201 1807 357 1875 honestis
382 1805 425 1873 de
449 1807 562 1887 digitis
587 1807 708 1876 anulos
729 1806 936 1876 abstulisse?
957 1830 1130 1893 nurrquam
1152 1808 1217 1877 du·

58 1904 170 1985 bitevit,
191 1910 487 1993 quotienscunque
508 1909 650 1978 alicuius
672 1921 732 1976 aut
746 1900 891 1991 vgemma
915 1922 975 1978 aut
998 1909 1100 1979 anulo
1125 1910 1218 1980 dele·

59 2020 152 2078 ctatus
176 2025 247 2083 est,
281 2008 481 2080 incredibile
500 2012 629 2092 dicam,
651 2012 712 2082 serl
732 2013 777 2079 ita
796 2011 947 2090 clarum,
968 2026 1007 2080 nt
1024 2015 1137 2096 ipsum
1157 2035 1218 2082 ne·

59 2124 194 2189 gaturnm
224 2138 295 2182 non
332 2116 489 2182 arbitrer.
531 2116 619 2183 Cum
652 2113 809 2182 Valentio
838 2116 910 2182 eius
936 2117 1112 2198 interpreti
1144 2118 1216 2200 epi·
1236 2120 1277 2183 ts

60 2211 135 2282 stola
150 2218 334 2298 Agrigento
359 2215 461 2284 allata
485 2228 593 2293 esset,
625 2217 866 2296 rnsn'signum
891 2217 955 2284 istc
976 2217 1219 2286 animadvertit

58 2312 87 2377 in
103 2316 225 2387 uetula.
271 2318 406 2386 Placuit
431 2319 476 2389 ei,
516 2318 712 2408 Quaesivit,
742 2317 832 2384 unde
856 2330 947 2385 esset
971 2318 1132 2400 epistola:
1163 2341 1219 2387 re·

57 2418 190 2498 spondit,
209 2422 417 2503 Agrigento·
459 2421 530 2489 Iste
551 2418 596 2488 ad
615 2437 700 2503 quos
722 2419 852 2487 solebat
875 2419 1008 2489 litteras
1034 2423 1143 2510 misit,
1178 2435 1220 2491 ut

57 2518 79 2585 is
95 2520 203 2591 anulus
222 2525 265 2617 ad
289 2545 327 2591 sc
347 2525 460 2607 primo
480 2545 617 2610 quoque
643 2534 797 2605 tempore
820 2524 1013 2596 afferretur.
1053 2527 1105 2593 lta
1127 2524 1220 2594 litte·
1265 2531 1271 2540 '

57 2621 92 2689 ris
112 2624 203 2694 istius
226 2624 485 2709 patrifamilias,
520 2626 556 2693 L·
577 2626 685 2702 Titio,
718 2626 784 2693 civi
812 2627 988 2707 Romano,
1022 2627 1144 2698 anulus
1175 2630 1219 2697 de

57 2721 144 2806 digito
162 2727 338 2799 detractus
363 2738 424 2796 est.
465 2724 528 2793 llla
550 2747 633 2798 vero
655 2730 910 2810 eiuscupiditas
929 2732 1136 2802 incredibilis
1157 2745 1221 2804 est.

57 2826 128 2898 llam
149 2843 186 2900 ut
209 2832 244 2899 in
269 2827 405 2911 singula
429 2826 622 2908 conclavia,
653 2852 740 2915 quac
763 2832 829 2902 iste
851 2856 922 2901 non
947 2833 1061 2922 modo·
1075 2835 1219 2914 Romae,
1319 2924 1324 2932 Ι

108 3049 172 3113 lbi.
197 3054 307 3113 cuiquam
332 3051 416 3115 multi]
442 3052 501 3102 satis
527 3052 605 3102 multi.
630 3052 669 3100 Slc
694 3053 771 3112 Sgall.
797 3052 824 3098 Z.
864 3051 922 3100 Hoc
939 3066 989 3100 nno
1006 3052 1065 3100 loco
1082 3051 1150 3111 apurl
1166 3049 1220 3099 cte.

58 3130 129 3192 brim
147 3152 192 3185 nec
217 3142 288 3200 apud
310 3139 385 3185 alium
402 3144 502 3199 praeter
518 3136 676 3198 Appuleium.
696 3137 723 3182 Z.
757 3136 971 3183 Annnmerandnm
989 3137 1038 3184 hoc
1055 3145 1167 3198 quoqne,
1193 3142 1221 3184 nt

58 3220 156 3267 totilum
177 3222 189 3284 l
209 3211 250 3270 1'8.
269 3203 363 3272 et'alia
380 3227 514 3284 quaedam,
548 3213 612 3283 qnae
634 3221 740 3279 posthac
763 3220 916 3278 notabimus,
950 3221 1083 3283 antiquiori
1101 3223 1221 3281 sermoni,

58 3301 110 3350 tulus
129 3309 263 3356 nonnullae
285 3308 309 3354 in
333 3307 443 3355 Verriuis
468 3305 622 3367 reperiuntur
645 3303 773 3365 reliquiae.
806 3304 918 3350 Haribus
940 3305 1037 3365 quidem
1060 3306 1130 3352 ans.
1147 3306 1177 3353 T.
1198 3307 1221 3354 1.

56 3397 77 3443 p.
91 3388 143 3436 245.
159 3394 272 3454 praefert
288 3394 334 3440 alii
350 3394 504 3452 quammulti
521 3390 561 3451 (nt
578 3389 669 3436 babent
686 3389 749 3449 ch.
765 3386 848 3448 Leid.)
889 3388 937 3435 Seri
954 3391 1080 3450 quomodo
1098 3389 1222 3450 explicari

56 3472 134 3526 possit:
160 3490 217 3533 „ex
235 3478 324 3525 ultera·
338 3482 410 3537 parts
427 3475 496 3524 multi
514 3474 656 3522 restrumr“
673 3487 828 3534 nequaqnam
846 3471 979 3532 perspicio.
996 3496 1033 3509 -
1048 3473 1132 3529 „Tres
1149 3472 1222 3521 Piso·

56 3564 90 3599 nes
103 3556 174 3619 Frugi
190 3573 248 3606 eum
266 3562 315 3610 hoc
333 3562 391 3607 loeo
409 3563 641 3612 commemorentur,
668 3555 855 3613 vetustissimus,
880 3562 969 3603 auctor
986 3556 1047 3617 legis
1065 3558 1096 3603 de
1112 3556 1223 3617 pernulis

55 3647 177 3699 repetundis
194 3646 220 3693 in
239 3645 365 3692 tribunatu
383 3659 413 3692 a..
426 3657 450 3689 u.
467 3657 489 3692 c.
508 3623 571 3695 605,
590 3642 647 3688 Cos.
665 3640 712 3687 fnit
729 3653 753 3687 a.
771 3642 836 3694 621,
853 3640 954 3695 alterius
971 3646 1112 3700 praeturam
1127 3635 1223 3701 Hispa·

56 3720 151 3773 alensem
163 3729 275 3790 assignat
292 3728 394 3788 Pighius
411 3742 436 3774 n.
454 3727 514 3773 sla.
548 3725 658 3780 Tertius,
684 3739 756 3787 quern
773 3726 833 3771 burte
849 3724 909 3771 dicit
925 3729 1028 3783 orator,
1045 3725 1144 3785 collega
1161 3723 1224 3771 Ver·

56 3805 81 3854 ria
94 3810 137 3858 fnit
152 3814 176 3860 in
194 3820 315 3875 praetura
332 3828 356 3859 a.
375 3813 457 3859 680.“
474 3812 501 3856 Ζ.
676 3799 678 3802 ’

111 3919 173 3980 558.
199 3921 302 3983 cretata]
332 3923 417 3980 „Com
441 3920 523 3970 Ursini
549 3922 635 3974 cerula.
680 3919 771 3966 Verum
794 3922 882 3973 udae,
908 3913 939 3985 γῇ
956 3917 1121 3987 σημαντρίδι,
1144 3918 1225 3967 illiue

55 3997 179 4061 imprimere
197 4008 300 4054 anulum
316 4021 369 4056 mos
386 4005 536 4054 Asianorum
557 4010 582 4050 et
600 4003 754 4050 Graecorum
778 4002 839 4059 fuit,
868 4009 894 4049 ct
910 4004 996 4062 procul
1014 4003 1088 4049 (lubio
1106 4003 1181 4050 etism
1199 4006 1224 4053 ia

55 4081 128 4133 Sicilia
143 4090 379 4153 frequentissimum
407 4104 464 4137 cera
482 4088 612 4136 utebantur
630 4085 768 4132 Rotnani.“
786 4086 812 4132 Z.
830 4110 865 4124 -
882 4081 1009 4148 uideretur]
1028 4086 1161 4134 Recentior
1178 4089 1225 4134 ali·

56 4166 101 4226 quis
124 4171 197 4221 facile
222 4173 359 4234 scripsisset
385 4174 519 4227 ridebatur,
550 4176 576 4217 ut
603 4170 703 4218 volebat
727 4170 856 4226 Goerenz,
885 4170 925 4217 rel
949 4169 996 4215 sibi
1012 4167 1077 4214 ursas
1089 4172 1154 4215 urst.
1172 4168 1224 4218 Gir.

57 4248 150 4314 Zumptii
167 4256 279 4306 Grnmm.
296 4255 308 4319 l
325 4257 384 4305 525.

890 4358 909 4418 3
