2850 4759
235 332 404 407 ORATIO
425 333 489 398 tv.
514 327 563 399 IN
586 323 856 409 CATILINAM,
885 349 917 398 c.
935 331 967 395 t.
1123 323 1180 391 tta

95 501 141 569 ll.
186 499 318 592 Quare,
351 497 469 565 Patres
491 495 688 578 conscripti,
720 492 885 562 consulite
905 497 1018 576 vobis,
1048 501 1219 586 prospi.t

26 608 86 675 cite
106 606 257 690 patriae,
284 611 484 670 conservate
503 619 582 676 vos,
608 598 789 679 coniuges,
818 597 940 670 liberos
960 602 1182 690 fortunasque

26 723 173 788 vestras,
205 703 321 792 populi
340 705 484 774 Romani
510 723 634 770 nomen
654 700 862 787 salutemque
883 703 1070 786 defendite,
1101 707 1183 776 mihi

26 833 162 899 paruere
190 833 231 879 ac
256 809 298 878 de
325 830 379 877 ure
406 809 554 890 cogitare
581 806 732 875 desinite.
785 805 873 873 Nam
900 809 1044 891 primum
1077 811 1182 881 debeo

26 938 160 1002 sperare
182 936 301 984 omnes
321 914 421 992 deos,
449 913 503 997 qni
524 909 601 979 huic
621 909 696 977 urbi
716 909 924 993 praesident,
946 936 1007 997 pro
1030 936 1069 982 eo
1091 916 1184 1006 mihi,

29 1043 63 1090 ao
82 1039 234 1097 mereor,
255 1018 423 1087 relaturos
445 1035 520 1083 esse
539 1013 858 1095 gratiam-deinde,
879 1018 906 1084 si
922 1017 999 1101 quid
1015 1020 1184 1102 obtigerit,

29 1147 130 1211 aequo
162 1126 277 1192 animo
303 1133 489 1205 paratoque
519 1118 655 1186 moriar.
705 1118 793 1187 Nam
820 1141 927 1204 neque
957 1124 1061 1210 turpis
1092 1147 1185 1196 rnors

31 1230 106 1297 forti
123 1229 202 1296 viso
222 1239 336 1311 potest
355 1222 507 1292 accidere
526 1242 634 1306 neque
655 1223 833 1290 immaturo
854 1224 1022 1293 consulari
1043 1248 1104 1295 nec
1125 1230 1188 1297 mi·

32 1355 101 1402 sera
120 1333 280 1416 sapienti.
320 1332 393 1395 Nec
420 1340 530 1395 tamen
551 1347 615 1408 ego
643 1347 719 1394 sum
740 1324 796 1394 ille
816 1326 962 1407 ferreus,
996 1332 1050 1414 qui
1071 1333 1187 1404 fratris

35 1438 192 1507 carissimi
215 1447 249 1503 et
269 1431 488 1501 amantissimi
508 1431 694 1515 praesentis
716 1451 868 1498 maerore
887 1449 955 1499 non
977 1455 1115 1503 movear
1128 1436 1189 1505 ho·

35 1562 169 1625 rumque
192 1538 343 1608 omnium
358 1534 523 1611 lacrimis,
545 1554 564 1600 a
579 1534 697 1617 quibus
712 1552 766 1599 me
779 1534 1040 1603 circumsessum
1056 1536 1188 1608 videtis.

38 1642 145 1728 Neque
166 1653 279 1710 meam
301 1651 448 1707 mentem
470 1660 537 1705 non
558 1635 695 1705 domum
718 1657 818 1720 saepe
838 1651 977 1707 revocat
999 1644 1190 1711 exanimata

39 1769 117 1815 uxor
137 1760 172 1815 et
193 1747 322 1815 abiecta
343 1754 435 1811 metu
457 1740 522 1809 iilia
544 1753 577 1808 et
597 1735 756 1824 parvolus
777 1740 882 1821 filius,
917 1765 1015 1824 quem
1043 1743 1122 1812 mihi
1143 1747 1192 1813 vi·

42 1848 130 1918 detur
150 1849 310 1934 amplecti
330 1846 531 1931 respublica
547 1857 716 1929 tamquam
732 1844 882 1913 obsidem
897 1841 1092 1916 consulatus
1106 1850 1192 1931 mei,

42 1973 138 2038 neque
158 1953 235 2034 ille,
268 1953 324 2037 qni
345 1963 546 2034 exspectans
566 1946 666 2015 liuius
687 1948 815 2016 exitum
843 1948 906 2016 dici
927 1949 1037 2019 adstat
1057 1953 1089 2018 in
1110 1975 1193 2021 con-

45 2057 149 2139 speetu
170 2079 248 2125 mco
269 2077 383 2139 gener.
424 2054 572 2122 Moveor
592 2050 642 2119 his
663 2052 764 2121 rebus
785 2053 953 2129 omnibus,
984 2054 1044 2122 sed
1065 2055 1098 2122 in
1118 2069 1192 2125 eam

46 2173 182 2241 partem,
204 2161 255 2228 uti
275 2158 360 2227 salvi
380 2159 447 2227 sint
467 2157 643 2225 vobiscum
665 2176 801 2243 omnes,
823 2157 922 2223 etiam
943 2158 971 2226 si
993 2179 1046 2224 me
1066 2159 1115 2228 vis
1136 2158 1195 2228 ali-

49 2285 104 2345 qua
117 2264 343 2350 oppresserit,
371 2262 485 2346 potius
506 2281 606 2344 quam
633 2269 666 2325 et
685 2256 733 2326 illi
753 2271 788 2326 et
807 2281 870 2327 nos
891 2282 957 2328 una
976 2262 1023 2327 rei
1043 2262 1195 2345 publicae

50 2380 132 2449 peste
156 2389 347 2454 pereamus
404 2365 539 2457 Quam,
573 2364 689 2430 Patres
717 2364 915 2446 conscripti,
946 2365 1127 2432 incumbite
1153 2367 1236 2433 adt

53 2469 177 2541 salutern
199 2473 251 2541 rei
279 2468 452 2556 publicae,
487 2466 735 2549 circumspicite
761 2488 878 2535 omnes
898 2467 1080 2559 procellos,
1112 2490 1197 2554 quae

55 2607 256 2627 Q

110 2700 159 2765 58.
175 2706 271 2750 misum
287 2701 400 2762 defendite
416 2701 447 2749 ll.
461 2699 522 2762 (non
538 2696 660 2759 ‘tp-m
672 2700 810 2745 maritaret.
822 2698 853 2745 R.
865 2700 923 2759 (non
937 2698 1019 2761 Τ.)-
1030 2716 1075 2747 esse
1085 2701 1198 2767 gratiam]

57 2783 117 2834 rte.
132 2791 234 2847 matum
250 2769 297 2835 esso
313 2788 371 2835 Era.
389 2811 419 2824 -
436 2786 535 2834 Habent
544 2784 661 2842 obtigerit
677 2782 825 2831 Scholiasta.
841 2783 915 2834 ΤΗΙ).
926 2793 960 2824 ..¹-
971 2786 1032 2833 Nam
1048 2786 1128 2849 sque]
1146 2789 1199 2838 ΒΡ.

57 2868 123 2931 Neque
132 2877 189 2921 saon
199 2874 229 2924 Τ.
243 2876 341 2922 Erm-
351 2874 437 2919 muers
446 2871 567 2929 aspicienti
575 2869 726 2915 lc-ssm
737 2871 778 2915 itte
787 2869 867 2929 ssasfi
879 2884 927 2917 orn.
938 2885 990 2930 ego.
1001 2874 1032 2919 R.
1044 2872 1105 2935 (non
1115 2872 1158 2934 Τ.)
1167 2899 1201 2915 .-

59 2958 174 3022 sumac]
196 2961 251 3008 ΤΒ.
273 2959 325 3005 Erf.
348 2961 414 3017 atquc
436 2960 523 3000 amarat.
547 2953 603 3000 lien.
621 2977 653 2990 -·
670 2953 725 3000 Onn.
742 2968 808 3012 saepe
825 2955 856 3008 R.
873 2954 932 3015 (non
949 2956 990 3014 T.)
1006 2980 1040 2995 -·
1063 2963 1087 3003 ct
1100 2956 1199 3024 adiuta]
1281 2961 1284 2966 ’

59 3033 102 3086 tn.
116 3040 163 3090 En.
179 3047 267 3092 adiecta
284 3043 341 3089 Ern.
352 3067 387 3078 -
398 3055 446 3088 om.
464 3041 529 3085 suta
545 3039 576 3084 R.
594 3036 656 3101 (non
668 3036 711 3098 Τ.)
725 3064 755 3075 -
767 3040 813 3084 diei
823 3035 915 3102 adstat]
933 3040 962 3086 Ρ.
974 3041 1030 3087 Ern.
1047 3043 1154 3088 disicietur
1169 3043 1200 3093 Τ.

61 3122 98 3168 dict
112 3132 154 3174 stat
168 3132 197 3178 lt.
214 3129 266 3177 Est.
283 3155 318 3167 -
333 3128 367 3172 uti
383 3124 436 3172 ΤΒ.
453 3129 479 3170 stt
493 3123 551 3170 Ern.
569 3117 653 3168 -‘mc
668 3125 704 3168 os's
721 3123 809 3183 aliqua]
827 3123 879 3169 ΒΡ.
901 3124 952 3170 Erf.
973 3127 1008 3170 ois
1024 3141 1059 3171 me
1074 3129 1153 3188 aliqua
1170 3128 1200 3176 Τ.

63 3208 90 3251 tlt
104 3212 174 3271 stiqss
189 3230 224 3262 me
240 3213 299 3261 Ern.
316 3237 351 3251 -
367 3223 412 3257 sas
427 3210 489 3266 rss'p.
504 3203 577 3271 peste]
596 3206 637 3253 Sic
654 3206 728 3253 etiam
745 3205 797 3251 Tit.
838 3204 898 3252 Vim
915 3207 1112 3258 declamatoriam
1128 3210 1201 3259 iutro·

54 3283 94 3349 'sit
106 3294 271 3359 corporatam
289 3312 333 3344 aa
350 3309 400 3342 aas
416 3308 442 3340 rs
455 3293 550 3351 purnes
566 3290 612 3337 nu.
632 3290 704 3336 1474.
719 3290 806 3338 ,nemu

120 3377 167 3440 Μ.
182 3386 211 3430 sd
227 3386 323 3431 odotem
340 3381 410 3445 reip]
433 3381 508 3429 ΤΒΡ.
528 3381 579 3428 Erf.
601 3381 632 3425 sd
654 3381 712 3437 reip.
730 3381 773 3426 sat.
790 3379 848 3425 Em.
864 3403 898 3417 -
914 3382 975 3439 qood
991 3404 1003 3417 .
1018 3383 1079 3441 quod
1095 3387 1106 3418 .·
1123 3380 1206 3449 qm}

66 3454 169 3512 tum
184 3471 223 3528 qai
240 3492 252 3504 ·
268 3471 308 3528 qai
324 3491 336 3505 ·
353 3470 392 3527 qui
408 3466 560 3513 Ern.-sed
577 3465 679 3510 tencatur
695 3465 714 3508 ii
730 3466 770 3523 qui
786 3461 815 3510 Τ.
833 3469 933 3511 umus
949 3468 1008 3511 enim
1024 3468 1064 3527 qui
1080 3468 1111 3514 n.
1127 3473 1203 3515 aues-

72 3582 267 3608 Ἣ-

124 3671 171 3736 l&
187 3683 238 3729 nam
255 3697 324 3744 aequa
341 3685 415 3741 turpia
431 3696 508 3739 mors,
535 3678 593 3743 cet]
615 3679 723 3741 Philipp.
740 3681 770 3736 2,
787 3678 798 3743 l
818 3680 873 3728 119.
895 3679 984 3727 Etenim
1000 3684 1022 3728 si
1037 3682 1118 3729 attiae
1132 3699 1205 3732 aaaos

43 3783 44 3786 =
72 3759 132 3810 ΜΝ
145 3760 224 3818 otgtsn'
245 3767 288 3810 lsoc
309 3766 362 3823 ipso
383 3766 408 3810 tn
430 3766 515 3823 tempto
537 3764 710 3827 (Concordiae)
729 3767 810 3823 negaui
824 3779 892 3823 posse
908 3772 1004 3811 mortem
1020 3769 1205 3815 immaturam

44 3837 46 3880 l
74 3843 110 3879 ⁶⁸¹⁶
128 3848 247 3906 censuim-i,
269 3853 354 3908 quanto
375 3851 451 3896 uerius
467 3863 526 3895 nunc
546 3851 634 3907 negato
655 3850 721 3895 seat!
751 3850 808 3896 Iure
829 3849 922 3897 Ahrens
944 3851 1061 3912 significat
1083 3853 1206 3923 Ciceronis

45 3937 46 3956 i
75 3912 138 3964 lot'
126 3920 273 3999 αποφθεγμα
289 3934 437 3981 referendum
454 3949 505 3981 esse
522 3935 553 3980 ad
570 3948 593 3980 ιι.
611 3945 635 3979 ιι.
652 3948 674 3980 c.
691 3934 763 3989 692,
787 3947 839 3981 cum
856 3936 983 3981 consulante
1000 3929 1075 3990 esset,
1092 3951 1139 3983 non
1157 3918 1206 3982 laun

46 4017 48 4028 ’
47 4008 153 4056 ‘Ml
166 4012 253 4064 Rhetor
275 4024 355 4065 antem
378 4033 431 4066 curn
453 4033 486 4066 ex
508 4017 648 4078 Philippica
668 4020 772 4065 secunda
793 4018 934 4066 senteutiam
956 4020 1099 4081 surriperet,
1128 4020 1152 4066 in
1175 4034 1206 4067 eo

47 4093 184 4151 naaria,
197 4103 258 4160 quod
276 4104 393 4148 consulari
411 4104 507 4150 retinuit
523 4105 621 4163 speratis
638 4103 742 4149 sonasse
758 4102 825 4162 fore,
842 4110 869 4150 ut
885 4105 987 4152 lectores
1004 4106 1028 4150 id
1040 4118 1087 4152 non
1100 4103 1207 4149 animad-

47 4117 51 4222 l
80 4177 178 4225 renerent
197 4191 237 4231 ant
259 4193 403 4233 excusarent
420 4188 493 4233 etiarn
510 4193 673 4234 construentes
684 4186 750 4247 forti
766 4189 832 4244 otro,
857 4192 975 4235 consulari
991 4191 1058 4245 uiro,
1074 4188 1128 4250 (qui
1145 4201 1207 4233 nnuc

83 4260 146 4308 lim
159 4272 234 4317 comui
250 4272 312 4333 est),
328 4274 427 4330 sapienti
442 4274 502 4317 otro.

136 4340 182 4401 §4
200 4352 222 4398 C
238 4354 378 4418 ammian]
396 4358 437 4418 qui
454 4371 507 4404 curn
524 4355 626 4403 Glaucia
644 4357 801 4404 consulatum
809 4358 947 4417 petebata
965 4371 988 4403 ιι.
1006 4372 1027 4403 c.
1044 4356 1101 4402 654.
1120 4361 1144 4401 et
1161 4355 1208 4402 snt·

86 4410 149 4478 5¹⁸9*
163 4428 244 4483 latarm
259 4438 392 4486 ridebatur.
425 4438 533 4501 Appisn.
551 4438 580 4486 B.
598 4440 626 4486 C.
644 4441 672 4497 l,
690 4441 731 4487 ³2.
765 4442 868 4490 Mam
