2850 4759
250 265 418 334 ortano
440 264 526 337 etto
549 237 670 333 enon
692 235 906 350 urantur,
928 284 959 330 ο.
983 265 1014 326 ι.
1147 265 1220 329 rar

126 421 150 492 Ι.
191 420 406 510 Quamquam
432 421 512 489 mihi
534 443 670 505 semper
694 423 854 505 frequens
879 431 1085 503 conspectus
1104 421 1257 488 vesterl

61 519 154 589 multo
176 523 459 605 iucundissimus,
481 521 535 587 hic
559 535 673 588 autem
701 521 799 589 lorus
822 522 864 588 ad
887 523 1057 601 ageruiuur
1082 521 1220 602 amplis-

58 624 168 697 simus,
188 622 423 689 addicendum
446 624 684 689 ornatissimus
707 635 759 688 est
779 625 890 705 visus,
915 623 1083 710 Quirites,
1107 635 1219 687 tamen

57 722 114 786 hoc
135 721 223 788 aditu
247 721 375 796 lotuiis',
398 724 454 803 qui
473 744 611 804 semper
635 726 763 804 optimo
783 726 905 804 cuique
925 723 1075 789 maxime
1097 723 1218 802 patuit,

58 837 116 887 non
139 842 210 891 ruea
238 843 292 886 me
320 822 480 890 voluutas
509 823 638 896 adhuc,
680 823 742 889 sed
768 826 856 888 vitae
883 843 979 888 meae
1007 824 1156 891 rationes
1177 825 1218 887 ab

57 921 175 986 ineunte
209 933 319 987 aetate
350 935 530 1002 susceptae
567 922 824 1003 prohibuerunt.
867 923 977 998 Nam,
1013 944 1091 987 oum
1120 934 1219 988 antea

57 1040 108 1099 per
125 1032 266 1085 aetatem
287 1020 438 1088 nondum
459 1020 561 1111 huius
582 1023 823 1091 auctoritatem
845 1020 910 1092 loti
928 1014 1094 1100 attingere
1115 1023 1218 1087 aude·

57 1139 117 1183 run
142 1131 395 1202 statueremque
421 1120 506 1186 nihil
532 1121 599 1187 hue
622 1123 687 1188 nisi
715 1123 905 1202 perfectum
928 1123 1082 1202 iugenio,
1106 1119 1219 1186 elabo-

24 1274 28 1283 .
56 1231 153 1283 ratum
175 1218 342 1285 industria
363 1221 478 1285 afferri
504 1234 685 1302 oportere,
708 1242 810 1287 omne
837 1243 952 1308 arreum
979 1232 1111 1301 tempus
1137 1222 1221 1284 anri-

57 1338 160 1383 rorum
189 1320 399 1398 temporibus
430 1321 729 1387 tratrsruittendum
762 1322 892 1400 putari.
947 1321 997 1385 lta
1026 1340 1136 1401 neque
1163 1319 1258 1389 hiet

55 1414 137 1483 lorus
155 1439 285 1485 vacuus
301 1439 446 1500 unquam
470 1420 536 1485 tuit
553 1423 594 1488 ab
616 1423 673 1497 iis,
697 1421 753 1502 qui
776 1432 923 1487 vestram
943 1440 1081 1488 causam
1100 1419 1218 1485 defeu-

57 1514 176 1596 derent‚
208 1531 243 1584 et
271 1538 368 1586 atreus
393 1519 491 1585 labor
517 1523 551 1586 in
578 1523 791 1602 priuatorum
820 1519 980 1601 periculis
1010 1531 1103 1585 caste
1131 1521 1217 1585 inte-

56 1637 166 1701 greque
184 1632 342 1707 versatus
364 1640 408 1685 ex
432 1631 548 1686 vestro
573 1620 696 1689 iudicio
723 1621 873 1685 fructum
894 1632 948 1687 est
968 1619 1216 1700 amplissimum

55 1731 254 1785 consecutus.
298 1720 387 1786 Nam
424 1740 504 1787 curn
528 1731 669 1799 propter
693 1718 889 1785 dilationem
915 1720 1134 1785 comitiorum
1165 1732 1216 1783 ter

55 1829 175 1895 praetor
193 1822 326 1899 primus
347 1820 509 1885 centuriis
535 1821 668 1885 cunctis
692 1822 904 1885 renuntiatus
929 1840 1024 1895 suna,
1046 1818 1147 1886 t'acile
1168 1822 1217 1884 in·

57 1915 367 2009 teliexi‚'Quirites‚
390 1919 518 2000 etquid
538 1919 579 1984 ile
600 1939 654 2019 me
669 1917 864 1984 iudicaretis
886 1920 1014 1999 etquid
1033 1919 1105 1984 aliis
1121 1940 1217 2000 prae·

48 2018 243 2086 scriberetis.
299 2019 400 2085 Nunc
430 2040 508 2084 cum
535 2032 569 2085 et
604 2018 817 2085 auctoritatis
848 2019 883 2082 in
911 2039 965 2083 me
992 2020 1215 2097 tantumne,

58 2128 200 2194 quantum
236 2139 300 2184 vus
334 2116 522 2186 honoribus
555 2117 754 2185 mandandis
780 2137 866 2182 esse
900 2115 1077 2204 voluistis.
1110 2130 1143 2183 et
1173 2120 1216 2184 ad

59 2216 203 2291 agendum
234 2216 409 2284 facultatis
440 2228 592 2294 tentum,
625 2228 789 2297 quantum
827 2215 956 2282 homini
991 2217 1140 2294 vigilanti
1170 2239 1216 2284 ex

57 2310 165 2381 sorensi
179 2338 243 2384 usu
257 2338 365 2398 prope
378 2316 574 2398 quotidiana
590 2316 721 2381 dicendi
736 2316 935 2380 exercitatio
951 2318 1063 2395 potnit
1077 2317 1216 2393 aii'erre3

57 2425 134 2479 certe
153 2429 185 2481 et
207 2419 236 2482 si
258 2418 335 2497 quid
358 2416 573 2483 auctoritatis
594 2415 626 2479 in
652 2435 706 2478 rue
728 2426 798 2489 est,
833 2414 899 2492 [ea]
924 2414 1014 2494 apud
1035 2435 1094 2480 eos
1120 2428 1221 2497 utar,

58 2513 101 2590 qui
122 2535 191 2581 earn
212 2517 305 2582 milri.
319 2515 507 2595 dederunt3
528 2516 609 2581 etsi
636 2513 716 2595 quid
733 2515 767 2578 in
789 2514 931 2588 dicendo
954 2520 1115 2597 consequi
1134 2540 1216 2597 pos·

57 2630 136 2690 sum,
155 2617 199 2684 iis.
219 2618 399 2684 ostendam
421 2615 658 2696 potissimum,
693 2615 749 2695 qui
776 2616 805 2695 ei
832 2624 967 2697 quoque
990 2619 1038 2682 rei
1063 2618 1215 2684 fructum

57 2730 107 2778 suo
123 2714 243 2782 iudicio
269 2715 485 2783 triinrendurn
507 2735 582 2782 esse
602 2727 820 2781 censuerunt.
862 2719 975 2798 Atque
992 2715 1076 2781 iliud
1095 2717 1128 2791 in
1150 2718 1215 2797 pri·
1238 2718 1256 2779 3

57 2865 265 2892 5—-
335 2880 338 2885 ,
429 2874 433 2880 .

109 2999 180 3047 VAR.
197 3004 312 3050 tuctu.
338 3003 350 3064 i
365 3004 391 3064 i.
407 3006 512 3053 comatos
528 3003 613 3064 actim]
627 3005 655 3049 tt.
674 3005 768 3064 recepit
777 3005 806 3050 B.
823 3009 926 3049 rotantes
939 3005 998 3049 Em.
1016 3026 1048 3040 -·
1061 3004 1133 3066 vuitaev
1143 3001 1216 3060 meae]

56 3075 78 3123 P·
93 3079 117 3126 Ε.
132 3097 190 3129 meae
208 3089 269 3131 uitae
286 3086 345 3131 Ern.
360 3112 395 3124 -
414 3090 529 3151 attingere
546 3089 641 3151 firmant
658 3087 687 3132 Ρ.
704 3087 733 3143 Β.
756 3087 834 3139 ,Ante
851 3085 984 3139 Graecinus
1000 3086 1142 3140 contingere.

110 3187 120 3246 i
139 3191 162 3237 2.
179 3193 262 3249 Itaque
278 3205 349 3250 aeque
365 3192 395 3237 P.
410 3172 446 3229 ¹-
466 3205 550 3236 vocum
568 3205 667 3248 uuquam
685 3193 714 3237 P.
750 3191 833 3236 Habet
844 3190 897 3247 fuit
912 3191 962 3236 ism
979 3190 1078 3235 Arcens.
1100 3189 1218 3233 isat-
1279 3180 1281 3182 ’

58 3271 174 3316 uastandis
193 3275 291 3318 firmant
309 3273 339 3317 P.
358 3273 388 3317 E.
423 3272 489 3318 Ante
506 3272 598 3319 Grser.
616 3273 781 3319 mandantium.
794 3296 823 3310 -
840 3272 940 3317 {labent
957 3271 1031 3317 etiam
1047 3271 1077 3314 Ρ.
1095 3270 1124 3316 Ε.
1143 3285 1217 3314 mem-

57 3345 111 3402 brum
131 3353 186 3398 itturt
208 3355 233 3401 in
257 3354 417 3400 deterioribus
442 3354 521 3399 Coeo.
546 3354 660 3400 omissum
683 3354 738 3414 (sed
761 3355 791 3399 P.
810 3368 864 3399 cum
881 3354 944 3397 mira
962 3353 1083 3399 varietate
1100 3352 1217 3408 efferatam

57 3440 94 3484 pro
109 3434 180 3493 αἶαν).
196 3439 218 3480 aa'
235 3438 292 3494 quiri
307 3437 455 3483 auctoritatis
472 3437 497 3478 in
514 3449 549 3479 me
567 3441 616 3488 est,
644 3439 707 3492 apert
725 3450 766 3480 eoa
783 3436 942 3493 effundam
961 3437 1025 3494 (utor
1043 3434 1085 3492 F..)
1103 3436 1218 3490 primiti

57 3522 95 3554 ern
111 3502 161 3574 (sio)
177 3519 295 3562 dederuut.
330 3518 369 3562 An
387 3517 554 3562 scribendum:
575 3519 638 3573 opud
655 3521 698 3561 tor
716 3532 741 3561 ea
759 3522 812 3561 utor
829 3518 856 3577 (e
873 3531 923 3576 quo
940 3523 1023 3562 natum
1040 3517 1071 3562 sit
1088 3513 1216 3572 effundam)

57 3596 148 3646 eruto
163 3602 301 3644 ostendam?
319 3599 380 3658 (hoc
398 3606 548 3657 postremum
565 3613 619 3645 curn
637 3598 727 3657 Codri.)
763 3600 824 3645 Cum
842 3600 870 3644 E.
889 3613 988 3658 quoque
1007 3599 1104 3644 omittat
1121 3612 1162 3651 ea,
1182 3593 1215 3656 Ι]

57 3669 104 3718 Ben-
120 3701 149 3715 -
166 3670 189 3722 in
206 3680 315 3740 uicorum]
330 3681 362 3727 P.
381 3681 410 3724 E.
429 3683 499 3724 etiam
515 3682 561 3725 die.
580 3681 637 3725 Ern.
656 3704 690 3715 -
708 3683 756 3723 eius
773 3694 861 3738 quoque
878 3681 907 3725 P.
927 3705 957 3719 -
976 3682 1087 3724 eliserunt
1103 3694 1118 3724 s
1137 3679 1217 3736 prima

57 3765 129 3812 multu,
156 3775 172 3804 a
193 3776 241 3807 sec.
264 3764 382 3817 duxerant
408 3775 455 3820 pro
478 3766 612 3818 censuerunt
633 3762 662 3806 E.
703 3762 750 3806 Sed
773 3775 827 3806 cum
852 3763 968 3805 duxerunt
986 3775 1038 3821 non
1060 3760 1091 3804 sit
1112 3759 1158 3803 nisi
1182 3773 1216 3803 ex

56 3841 219 3895 cruentatione,
250 3857 282 3888 eo
309 3840 385 3887 minus
410 3848 547 3888 ceterorum
572 3843 667 3898 eoae,
694 3842 769 3888 etiem
793 3842 837 3897 Ρ.,
866 3841 967 3887 lectioni
992 3840 1112 3900 praeferri
1136 3840 1214 3885 debet.

56 3912 169 3967 Praetores
186 3930 296 3981 praestet
314 3924 461 3969 ditrocheus.

110 4021 158 4081 5⁴3.
182 4030 256 4072 deesse
274 4025 371 4088 nemim]
388 4028 417 4072 Ρ.
435 4028 465 4072 E.
483 4000 570 4072 nemini
587 4029 661 4072 deesse
678 4029 737 4073 Ern.
751 4053 784 4066 —
797 4027 886 4087 possit]
905 4006 934 4072 E.
951 4032 1027 4084 potest
1042 4028 1072 4072 P.
1090 4026 1147 4070 Eru.

110 4142 246 4193 ANNOTT.
264 4149 349 4193 Htsr.
384 4147 432 4208 52.
450 4148 595 4197 Praetorem
604 4150 707 4209 primum
716 4148 779 4196 inter
788 4155 864 4202 octo.
880 4148 983 4208 quitum
996 4148 1075 4192 creari
1086 4145 1214 4195 sotebant,

57 4223 170 4274 renuntiari
186 4229 293 4277 maxime
311 4229 472 4277 honorificem
490 4237 551 4276 eret.
