2850 4759
194 292 236 391 aa
565 328 572 343 .
668 278 903 352 errorores

195 445 230 513 id
250 456 320 513 non
340 444 605 521 facita-maturo
627 440 752 509 iudicio
774 444 847 508 sine
864 439 936 507 *ulia
957 438 1119 520 religione
1141 439 1260 507 iudicis
1292 459 1362 506 oon·

162 584 164 588 ·
197 549 391 619 demiratur:
424 546 481 625 qui
509 532 569 625 per
598 541 739 610 tutelam
762 556 821 610 aut
840 544 1037 609 societatem
1060 554 1118 609 aut
1139 562 1212 608 rem
1235 540 1362 608 mauda-

198 661 267 716 tarn
295 659 354 714 aut
382 645 525 711 fiduciae
554 646 721 711 tationem
749 642 922 710 fraudavit
943 645 1153 725 quempiam,
1185 644 1219 707 in
1241 662 1283 707 eo
1305 663 1360 723 quo

155 748 353 824 sdeiictmu
375 749 484 814 maius
505 759 576 824 eet,
604 767 645 812 eo
667 767 777 826 poena
798 758 850 812 est
872 743 1010 811 tardior
1054 744 1141 822 „Est
1161 744 1250 809 enim
1275 758 1360 824 turpe

163 851 370 918 iudicium
378 850 394 878 “
434 849 480 915 Et
500 869 545 915 ex
566 849 658 913 sacto
681 847 814 929 quidem
839 848 943 928 turpi.
985 845 1134 912 Videte
1124 847 1246 924 igitur,
1270 865 1360 926 quan

194 955 308 1034 inique
329 948 480 1029 aecidat,
515 951 593 1030 quie
615 969 669 1016 res
690 949 824 1026 indigua
847 950 908 1029 sit,
943 946 1019 1014 ideo
1040 960 1175 1028 turpem
1197 947 1360 1013 existima·

195 1056 324 1121 tionem
351 1051 464 1133 sequi3
501 1051 580 1132 quia
607 1051 714 1131 turpis
743 1051 951 1115 existimatio
977 1060 1158 1130 sequatur,
1193 1048 1272 1112 ideo
1299 1068 1360 1112 reru

193 1154 367 1231 indiguam
389 1175 456 1218 non
480 1151 653 1220 vindicari.
699 1154 752 1217 Ao
772 1153 800 1219 si
821 1157 895 1232 quis
917 1148 998 1218 mihi
1020 1149 1085 1214 hoo
1106 1148 1210 1215 iudex
1230 1168 1361 1229 reeupe-

110 1252 124 1287 ”“
170 1267 334 1320 ‘ratorve
368 1252 480 1321 dicat:
516 1253 671 1318 Potuisti
703 1254 800 1318 cuim
827 1251 965 1317 leniore
988 1252 1131 1316 actione
1158 1251 1360 1334 confliqere:

162 1355 345 1445 ·potrristi
362 1353 415 1419 ad
428 1366 529 1419 tuum
551 1355 609 1420 ius
621 1353 794 1427 faciliore
817 1365 850 1418 et
871 1353 1112 1419 commodiore
1131 1351 1266 1416 iudicio
1285 1373 1361 1440 per·

163 1492 165 1497 ,
153 1458 339 1523 uenire:
359 1468 477 1541 quare
495 1467 560 1520 aut
580 1467 683 1520 mom
703 1456 897 1529 actionem,
919 1467 984 1518 out
1006 1454 1081 1519 noli
1100 1452 1214 1519 milri
1213 1453 1360 1533 instare,

194 1567 234 1621 ut
255 1557 428 1621 iudicem:
461 1568 573 1621 tamen
592 1558 622 1622 is
644 1568 703 1620 aut
717 1556 875 1621 timidior
896 1555 1071 1633 videatur,
1103 1577 1203 1637 quam
1224 1555 1361 1635 fortem,

193 1669 254 1722 aut
274 1656 456 1737 ,eupidiom
491 1679 594 1738 quam
619 1658 806 1737 sapientem
834 1656 981 1722 iudicem
1016 1676 1090 1723 esee
1123 1675 1272 1737 aequum
1300 1666 1361 1726 est,

193 1760 303 1831 siant
325 1756 404 1825 mihi
416 1758 652 1838 praescribat,
675 1756 964 1837 quomadmodum
979 1778 1092 1823 meum
1108 1759 1160 1823 ius
1174 1776 1360 1837 persequar,

192 1871 251 1925 aut
270 1860 344 1939 ipse
366 1858 417 1932 id,
452 1859 542 1940 quod
564 1859 604 1923 ad
628 1879 665 1924 se
687 1858 837 1925 delatum
866 1864 930 1935 sit,
964 1880 1031 1924 non
1059 1857 1182 1925 audeat
1206 1857 1359 1923 iudicare.

167 1952 326 2026 'Etenim
348 1961 376 2025 oi
397 1971 536 2041 praetor
557 1959 603 2042 is,
625 1960 681 2040 qui
696 1960 819 2026 iudicia
834 1960 909 2038 dat,
931 1981 1103 2041 nunquam
1120 1960 1257 2043 petitori
1271 1978 1360 2038 prae-

192 2063 321 2136 stituit,
353 2074 419 2141 q'ua
447 2061 581 2125 actione
603 2059 773 2128 ittnrnnti
801 2062 899 2136 velit,
930 2061 1061 2139 videte,
1092 2083 1194 2141 quani
1216 2061 1359 2140 iniquum

192 2164 237 2229 sit
263 2164 449 2228 constituta
476 2163 542 2229 iam
572 2183 609 2228 re
636 2161 806 2234 iudicem,
838 2161 919 2241 quid
946 2163 1000 2240 agi
1026 2162 1176 2249 potuerit
1204 2172 1261 2226 aut
1284 2156 1360 2239 quid

151 2273 171 2336 9
192 2263 322 2344 possit,
343 2285 413 2353 non
434 2262 513 2343 quid
535 2273 649 2327 actum
670 2263 733 2339 sit,
761 2283 936 2343 quaerere.
982 2262 1225 2343 Verumtamen
1247 2261 1359 2325 nimiae

191 2379 326 2443 vestrae
353 2365 550 2444 benignitati
578 2383 794 2444 pareremus,
826 2366 854 2430 si
883 2364 948 2430 aiia
977 2375 1109 2430 rationo
1137 2364 1190 2429 ius
1211 2374 1358 2428 nostrum

190 2486 397 2546 recuperare
424 2484 617 2545 possemus.
668 2465 770 2530 Nono
804 2486 885 2531 vero
920 2467 995 2547 quis
1026 2477 1095 2542 est,
1130 2465 1188 2544 qni
1215 2476 1275 2530 θυι
1299 2464 1357 2529 ritn

190 2567 386 2632 hominibus
415 2566 553 2630 armatis
583 2564 708 2629 saetam
738 2563 881 2647 relinqui
906 2578 1004 2648 putet
1030 2578 1191 2648 oportere
1217 2578 1277 2631 aut
1296 2566 1356 2630 eins

190 2668 240 2732 rei
271 2664 435 2731 leniorem
466 2655 636 2731 actionem
665 2665 763 2732 nobis
792 2664 937 2747 aliquam
968 2665 1204 2733 demonstrare
1231 2661 1357 2747 possut
1414 2676 1415 2700 t

158 2797 163 2805 ·
189 2767 245 2833 Ex
267 2788 334 2848 quo
354 2787 479 2845 genere
500 2767 649 2848 peceati,
672 2766 777 2832 mitti
801 2767 992 2844 clamitant,
1019 2766 1074 2834 vei
1095 2762 1293 2833 iniuriarum
1313 2762 1358 2830 rel

190 2869 311 2950 capitis
337 2868 459 2933 iudicia
485 2869 670 2935 constituta
698 2879 797 2945 sunt,
835 2869 869 2932 in
903 2888 942 2932 eo
976 2870 1119 2949 potestis
1152 2871 1356 2934 atrocitatem

189 2983 343 3038 nostram
366 2967 632 3051 reprehendere,
655 2991 734 3035 cum
756 2968 899 3035 videatis
920 2969 1003 3035 nihil
1023 2968 1115 3035 aliud
1135 2982 1273 3049 aetum,
1303 2967 1361 3035 nisi-

188 3074 440 3153 possessionem
464 3093 525 3152 per
544 3070 764 3137 interdictum
786 3091 862 3137 osse
883 3071 1091 3151 repetitam?
1414 3100 1415 3135 t

267 3175 330 3237 lV.
375 3172 499 3236 Verum
522 3173 594 3236 sive
616 3194 676 3240 vos
699 3172 959 3240 existimationis
981 3171 1070 3239 iliius
1091 3171 1282 3253 perieulum
1296 3171 1356 3239 sire
1414 3204 1415 3207 π

188 3274 277 3339 iuris·
295 3271 459 3340 dubitatio
484 3273 650 3341 tardiores
671 3275 754 3339 feeit
774 3273 886 3340 adhue
907 3272 949 3337 ad
970 3272 1205 3349 iudicandum,
1227 3274 1355 3340 alterius

188 3368 248 3439 rei'
269 3395 408 3446 oausam
438 3384 576 3439 vosmet
607 3374 670 3453 ipsi
696 3376 764 3439 iarn
791 3374 888 3440 vobis
916 3375 1051 3455 saepius
1079 3374 1211 3456 prolato
1239 3374 1355 3442 iudicio

187 3474 390 3554 sustulistis3
411 3474 550 3540 alterius
572 3493 636 3551 ego
660 3475 756 3539 vobis
779 3472 943 3541 hodierno
967 3477 1020 3565 die
1043 3498 1181 3544 oausam
1207 3477 1354 3558 profecto

189 3577 359 3652 auferam,
391 3596 432 3642 ne
454 3575 579 3641 diutius
602 3572 644 3639 do
671 3576 907 3644 controversia
927 3588 1046 3644 nostra
1067 3599 1107 3644 ao
1128 3579 1169 3643 de
1191 3573 1356 3646 communi

187 3776 382 3800 ff

255 3915 306 3976 §80
325 3918 347 3958 et
364 3911 475 3971 exsarto
492 3912 583 3970 quidem
601 3913 685 3975 turpi]
712 3913 751 3959 Sic
775 3914 830 3959 Rau
855 3913 915 3959 Ver.
932 3913 998 3960 lectt.
1017 3913 1068 3960 Cic.
1087 3928 1112 3975 p.
1131 3914 1171 3960 65.
1189 3916 1248 3961 item
1265 3914 1354 3961 Ionian.

187 4014 217 4044 ea·
228 3998 298 4056 sueto
316 3999 407 4054 quidem
426 3998 489 4053 turpi
506 3996 623 4054 Paiirnpn.
643 3997 673 4041 0.
692 4000 714 4039 rt
725 3995 794 4053 sacto
812 3996 901 4053 quidem
920 4001 985 4052 turpe
1004 3997 1098 4042 Erfu-
1110 3999 1197 4040 leniore
1214 4012 1261 4056 pro
1279 3997 1355 4040 tenore

187 4071 253 4127 recte
271 4080 388 4137 proetutlr
407 4079 512 4133 lordum
531 4092 584 4124 cum
603 4076 650 4137 bb).
668 4078 787 4135 Pulirnpr.
806 4085 830 4122 et
848 4078 899 4123 Ere
918 4079 1023 4124 hnbuunt
1041 4082 1159 4124 Ieraiorem.

192 4191 197 4198 ¹
255 4203 267 4263 b
284 4206 309 4249 9.
326 4201 455 4246 nominibus
472 4198 581 4265 armatis]
600 4200 719 4259 Palimps.
738 4199 789 4244 Eri.
808 4202 906 4245 ormam
922 4203 983 4247 dom.
1002 4202 1032 4248 0,
1049 4226 1083 4240 ·-
1106 4201 1231 4263 Ieruorem]
1247 4202 1353 4258 Patrono.

186 4283 238 4330 Eri.
257 4287 367 4329 leuiorem
396 4284 426 4328 Ο.
