2850 4759
110 221 120 240 ’
192 201 273 336 ‘ru
678 265 916 337 nicanorus

212 429 334 501 struite
356 450 464 510 nuno,
487 428 656 522 Quirites,
686 439 807 497 eontra
830 428 891 498 iras
913 438 981 497 tarn
1002 427 1193 516 praeclaras
1216 429 1379 501 Catilinae

211 535 327 620 copias
360 546 473 608 restra
505 533 904 617 praesidia=vestrosque
938 533 1129 614 exereitus:
1162 545 1197 602 et
1230 536 1377 617 primurn

210 636 389 721 gladiatori
414 637 462 706 iili
492 639 648 707 confecto
677 649 711 706 et
740 638 856 707 saueio
892 634 1050 707 eonsules
1086 637 1377 724 imperatoresque

210 753 343 811 vestros
364 742 537 826 opponite:
559 740 680 810 deinde
704 752 824 810 eontra
849 739 940 809 iilam
964 741 1209 823 rrausragorum
1234 744 1377 812 eiectam

208 866 250 914 ae
266 842 470 914 debilitatam
489 866 626 914 manum
647 844 767 914 florem
790 846 893 915 totius
914 844 1031 912 ltaliae
1047 865 1087 913 ae
1106 844 1212 913 robur
1232 845 1376 914 educite.

207 947 279 1015 lam
303 969 384 1017 vero
409 949 509 1018 urbes
534 946 745 1017 coloniarum
774 969 814 1017 ao
836 945 1097 1031 municipiorum
1123 947 1377 1033 respondebunt

207 1051 377 1121 Catilinae
401 1051 537 1122 tumulis
573 1052 795 1122 silvestribus.
835 1052 954 1136 Neque
988 1072 1052 1134 ego
1080 1063 1210 1121 eeteros
1241 1055 1375 1137 copias,

207 1168 420 1237 ornamenta,
442 1156 610 1240 praesidia
629 1167 761 1237 restra,
780 1177 858 1225 eum
878 1155 967 1224 iilius
987 1153 1128 1235 latronis
1148 1155 1263 1240 inopia
1277 1170 1375 1242 atque

145 1266 184 1331 25
206 1272 359 1342 egestate
378 1260 536 1329 conferre
559 1259 680 1330 debeo.
719 1258 802 1340 Sed,
827 1261 875 1347 si,
901 1259 1037 1328 omissis
1061 1257 1113 1328 iris
1140 1263 1244 1329 rebus
1267 1264 1373 1329 omoi-

205 1353 289 1443 bus,
323 1363 443 1447 quibus
463 1383 527 1435 nos
548 1361 822 1448 suppeditamur,
850 1375 927 1446 eget
943 1361 1018 1441 iile,
1045 1375 1185 1441 senatu,
1208 1365 1373 1447 equitibus

204 1468 385 1551 Romanis,
406 1467 548 1553 populo,
567 1470 667 1548 urbe,
687 1469 836 1547 aerario,
856 1465 1093 1549 uectigalibus,
1122 1480 1244 1535 cuneta
1265 1467 1372 1553 ltalia,

203 1572 389 1656 provinciis
417 1573 591 1651 omnibus,
623 1572 750 1642 exteris
781 1572 992 1652 nationibus,
1022 1572 1051 1639 si
1074 1571 1125 1639 iris
1147 1571 1247 1648 rebus
1270 1575 1372 1642 ornisd

204 1676 270 1754 sis,
301 1695 421 1745 causas
442 1676 553 1760 ipsas,
584 1697 670 1761 quae
689 1677 779 1745 inter
800 1697 837 1746 se
857 1675 1060 1756 confligunt,
1091 1673 1301 1744 eonteode're
1316 1698 1372 1744 ve

204 1776 329 1846 limus:
367 1799 411 1847 ex
442 1800 482 1848 eo
512 1780 611 1863 ipso,
647 1797 747 1865 quam
779 1779 877 1848 valde
908 1778 956 1847 illi
991 1779 1147 1859 iaceant,
1183 1778 1370 1863 intelligere

202 1901 398 1964 possumus.
435 1879 491 1950 Ex
516 1880 580 1950 hae
604 1887 692 1951 enim
722 1894 818 1967 parte
843 1882 954 1972 pudor
981 1895 1126 1965 pugnat,
1156 1881 1257 1970 illino¹
1272 1898 1370 1968 petu-

202 1983 325 2052 lantia:
361 1985 438 2053 hino
473 1985 652 2070 pudicitia,
679 1986 781 2055 ‘iiiine
812 1999 988 2070 stuprum:
1025 1986 1104 2054 hine
1133 1985 1236 2065 fides,
1280 1986 1379 2055 iiiine

204 2087 392 2176 fraudatio:
423 2088 502 2159 hine
521 2090 768 2174 piatam-iiiior
787 2088 913 2160 scelus:
944 2089 1022 2157 hine
1043 2091 1251 2173 constantia,
1280 2091 1368 2161 iiiiue

201 2195 317 2262 furor:
338 2193 602 2272 hinchonestas,
622 2194 714 2264 iiiine
730 2194 922 2280 turpitudo:
945 2195 1023 2262 hine
1036 2196 1256 2272 continentia,
1279 2195 1367 2264 illiue

200 2296 324 2366 libido:
350 2296 491 2383 denique
513 2300 687 2382 aequitas,
705 2299 944 2383 temperantia,
964 2285 1147 2380 fortitudo,
1168 2298 1365 2383 prudentia,

201 2404 345 2471 virtutes
382 2424 500 2471 omnes
527 2414 661 2470 certant
692 2424 770 2470 eum
802 2390 995 2487 iniquitate,
1029 2402 1182 2483 luxuria,
1216 2405 1366 2486 ignavia,

202 2507 409 2586 temeritate,
439 2511 516 2574 oum
545 2507 633 2574 vitiis
662 2507 834 2575 omnibus:
867 2521 1042 2592 postremo
1071 2509 1168 2591 copia
1189 2530 1268 2576 eum
1291 2530 1365 2590 ege·

200 2622 308 2689 state,
330 2611 416 2678 bona
431 2610 516 2679 ratio
534 2630 611 2677 oum
626 2609 772 2693 perdita,
796 2632 890 2680 mens
905 2633 986 2680 sana
1000 2633 1078 2680 oum
1093 2597 1257 2693 amentia,
1282 2615 1365 2681 bona

201 2712 455 2798 denique-spes
487 2735 564 2783 eum
596 2715 746 2783 omnium
783 2736 896 2782 rerum
933 2714 1167 2798 desperatione
1204 2717 1363 2799 confligit.

200 2815 240 2885 ln
261 2817 456 2886 huiusmodi
475 2819 658 2886 certamine
679 2840 720 2887 ae
739 2817 867 2902 proelio
882 2840 1010 2914 nonne,
1033 2821 1131 2887 etiam
1146 2820 1176 2887 si
1191 2820 1362 2888 homiuum

199 2922 311 2992 studia
332 2920 509 3001 deficiant,
539 2923 584 2991 dii
609 2923 672 3008 ipsi
697 2920 908 2991 immortates
934 2933 1059 3003 cogent
1083 2923 1124 2990 ab
1144 2921 1198 2992 his
1218 2922 1364 3007 praeola-

197 3029 340 3098 rissimis
360 3029 614 3098 virtutibus'tot
634 3040 667 3096 et
689 3038 780 3095 tanta
800 3025 880 3093 vitia
901 3026 1081 3109 superari?

138 3144 178 3208 26
275 3132 355 3200 Xii.
399 3132 496 3223 Quae
516 3153 594 3199 eum
615 3132 661 3199 ita
681 3124 767 3208 sint,
791 3129 957 3220 Quirites,
978 3153 1059 3211 vos,
1081 3130 1358 3215 quemadmodum

126 3275 134 3288 „
196 3235 264 3303 iam
286 3248 401 3313 antea,
422 3248 536 3304 vestra
557 3247 645 3303 tecta
666 3235 827 3303 custodiis
849 3233 1036 3318 vigiliisque
1057 3226 1243 3304 defendite:
1271 3235 1356 3309 mihi,

196 3350 237 3405 ut
262 3339 337 3406 urbi
365 3340 437 3408 sine
462 3351 577 3410 vestro
603 3351 698 3409 motu
721 3353 766 3408 'ae
790 3338 862 3408 sine
889 3337 960 3407 uilo
989 3337 1135 3408 tumultu
1162 3341 1246 3410 satis
1274 3350 1355 3412 esset
1409 3401 1410 3428 ,

229 3524 235 3538 ἱ

264 3607 276 3669 5
293 3607 334 3654 25.
351 3606 394 3652 Sed
410 3607 469 3650 euim
486 3605 576 3650 omissis
592 3603 622 3650 P.
640 3626 672 3642 -
695 3604 726 3651 V.
744 3604 848 3652 omnibus
865 3600 953 3652 habent
970 3604 1045 3651 TRP.
1062 3604 1116 3651 um.
1135 3604 1241 3652 caroius
1258 3604 1353 3664 seeptr-

195 3708 247 3740 nur.
257 3718 288 3731 -
298 3688 480 3749 suppeditantur]
499 3688 638 3735 Arusianus.
656 3690 799 3736 Scholiasta.
816 3690 890 3735 TRP.
907 3691 1075 3748 suppeditarunt
1092 3689 1149 3746 Bru.
1167 3691 1240 3751 prob.
1252 3688 1352 3747 Madvig.

195 3777 300 3838 Operae.
319 3791 344 3836 p.
364 3777 420 3822 tre.
432 3800 464 3813 -
477 3776 516 3820 iiie
533 3779 582 3832 eger
600 3774 630 3821 Ρ.
642 3802 671 3813 -
681 3772 783 3840 populo]
801 3775 899 3821 Habent
914 3773 987 3820 TRP.
1000 3773 1055 3819 Ora.
1067 3774 1149 3833 Steph.
1162 3769 1192 3837 [1
1206 3774 1352 3834 Madvig.-

194 3866 216 3909 sr'
232 3864 270 3909 irir
286 3863 351 3909 rebus
368 3858 468 3926 amieria]
486 3859 523 3906 stc
540 3859 593 3907 Tu.
609 3859 667 3923 Era.
684 3862 705 3905 εἰ
721 3861 772 3916 air,
789 3862 894 3919 inquam,
911 3860 977 3905 rebus
994 3858 1096 3904 omnibns
1113 3861 1204 3904 omissis
1214 3856 1274 3920 (sie)
1285 3860 1353 3906 1².-

194 3962 274 3993 eouaar
291 3944 363 4007 iprae]
381 3946 456 3993 Tlil‘.
474 3948 536 4006 iprae
553 3960 631 3993 caurus
648 3944 705 3991 Em.
723 3968 758 3983 -
773 3945 887 3990 attendere
903 3946 997 3989 uelimus
1013 3942 1043 3989 P.
1056 3967 1086 3983 -
1099 3945 1152 3988 kirre
1168 3945 1264 4003 denique
1280 3943 1351 4001 uepri-

194 4037 230 4078 tos
247 4033 277 4079 R.
295 4031 355 4092 (uon
372 4029 414 4093 T.)
424 4057 459 4071 -
471 4033 579 4086 lrauriu,
597 4032 706 4089 ignauia,
724 4029 859 4092 temeritate]
872 4029 924 4076 ΤΒ.
942 4043 991 4074 cum
1003 4031 1034 4082 t,
1051 4042 1102 4073 eum
1113 4029 1143 4083 ιζ,
1161 4043 1212 4075 cum
1224 4033 1241 4076 t.
1255 4028 1310 4075 Ero.
1320 4038 1351 4062 -⁴

194 4118 274 4177 copiae
290 4116 343 4164 Tu.
360 4142 394 4155 -
410 4119 435 4164 r'u
451 4118 561 4163 eiusmodi
577 4115 631 4165 TR.
649 4139 684 4153 -·
700 4118 785 4174 cogunt
801 4115 854 4160 TR.
870 4139 904 4153 -
921 4114 1055 4160 clarurimr'r
1072 4114 1103 4160 R.
1242 4106 1244 4110 ’

260 4209 273 4272 5
289 4211 331 4257 26.
348 4200 499 4264 emoriar,
515 4213 590 4254 vestra
607 4206 680 4253 Tar.
696 4232 731 4246 -·
744 4212 806 4254 metu
821 4207 874 4254 ΤΗ.
884 4231 919 4246 -
933 4207 1011 4267 utque]
1027 4206 1102 4255 TRP.
1118 4221 1147 4252 oe
1163 4207 1222 4253 Era.
1233 4230 1267 4244 -
1278 4203 1349 4266 desert·

193 4295 250 4339 dont
265 4293 295 4339 T.
312 4319 345 4332 -
364 4294 409 4338 sibi
431 4295 471 4338 ille
492 4305 583 4337 murrum
605 4289 764 4350 certissimum]
789 4291 819 4337 T.
841 4290 950 4352 Madvig.
967 4292 1012 4349 eibi
1028 4293 1069 4337 iila
1084 4293 1210 4336 marimum
1225 4283 1350 4336 munerati

195 4379 344 4423 eertimimom
361 4377 392 4423 R.
406 4376 466 4435 Em.
481 4400 517 4414 -
533 4380 607 4420 tumea
623 4378 697 4419 verua
716 4375 745 4421 R.
758 4371 818 4435 (nou
829 4375 872 4436 T.)
888 4399 922 4414 -
938 4378 981 4422 irae
996 4372 1152 4440 prospiciens]
1170 4374 1246 4422 TBP.
1259 4372 1348 4433 porpi-
