2850 4759
145 281 370 353 ACCUSAT.
393 281 442 349 IN
465 282 505 350 C.
525 280 720 351 VERREM
740 282 824 351 [ΑΒ.
845 283 914 366 tv,
936 226 1127 356 abieti&
1194 290 1233 354 ts

46 439 259 523 legationum
287 432 434 511 consilio
462 443 658 524 petebatur,
697 463 869 527 causaque
899 445 1003 513 totius
1035 446 1233 529 provinciae

46 544 85 611 ad
109 565 168 610 me
189 543 428 620 deserebatur,
457 542 589 624 legatos
609 545 904 626 Syracusanorum
934 547 1089 614 affuisse:
1123 569 1233 632 neque

46 668 101 713 me.
122 645 324 728 postulare,
360 657 398 711 ut
419 647 600 729 quicquam
623 658 744 714 contra
767 647 805 714 C.
830 645 969 715 Verrem
992 647 1234 736 decerneretur

47 749 79 814 in
109 769 151 814 es
178 749 291 820 curia,
323 747 356 812 in
384 767 450 830 qua
479 748 668 814 inauratam
697 749 735 816 C.
757 745 873 815 Verris
898 760 1046 817 statuam
1068 749 1232 819 viderem.

51 849 159 939 Quod
178 861 398 931 posteaquam
424 848 516 926 dixi,
552 860 666 916 tantus
694 859 748 916 est
772 851 920 929 gemitus
947 851 1060 920 factus
1086 852 1295 934 aspectum

51 962 185 1018 statuae
199 963 232 1016 et
252 952 601 1027 commemoratione,
621 960 660 1015 ut
678 948 764 1017 illud
778 973 812 1017 ιιι
829 952 924 1018 ruris
939 953 1089 1036 positum
1111 976 1233 1021 monu-

52 1064 202 1119 mentum
226 1049 415 1129 scelerum‚
450 1074 520 1119 ιιοιι
550 1051 794 1120 beneficiorum
823 1053 1008 1121 videretur.
1051 1055 1139 1121 Tum
1168 1078 1232 1138 pro

50 1175 85 1222 se
110 1155 278 1236 quisque,
312 1168 477 1237 quantum
509 1153 654 1237 dicendo
681 1154 816 1236 assequi
840 1166 993 1236 poterat,
1028 1155 1154 1224 docere
1177 1178 1233 1224 mc

49 1256 162 1338 coepit
190 1276 245 1332 ea,
266 1275 352 1337 quae
368 1253 471 1337 paulo
493 1268 570 1321 ante
592 1257 877 1323 commemoravi:
899 1256 1078 1340 spoliatam
1099 1259 1232 1338 urbem,

50 1357 127 1423 fana
145 1356 294 1439 direpta:
325 1355 369 1422 de
389 1354 536 1423 Heraclii
559 1354 767 1433 hereditate,
799 1376 901 1439 quam
922 1356 1128 1439 palaestritis
1150 1375 1232 1427 con·

50 1460 228 1535 cessisset,
252 1456 361 1524 multo
387 1459 575 1525 maximam
599 1474 732 1541 partem
759 1460 870 1536 ipsum
893 1458 1091 1528 abstulisse:
1122 1480 1233 1544 oeque

50 1559 293 1641 postulandum
316 1561 443 1639 fuisse,
464 1572 504 1626 ut
527 1559 584 1627 illc
603 1559 819 1644 palaestritas
849 1559 1017 1640 diligeret,
1049 1562 1105 1643 qui
1130 1563 1232 1631 etiam

50 1663 266 1729 inventorem
291 1661 356 1730 olei
379 1662 482 1729 deum
506 1661 721 1730 sustulissctr
743 1681 853 1744 neque
873 1660 966 1728 illam
984 1673 1136 1755 statuam
1156 1684 1233 1731 esse

51 1785 93 1830 ex
128 1765 276 1846 pecunia
309 1761 445 1845 publiea
479 1784 590 1847 neque
624 1763 761 1847 publice
799 1762 932 1842 datam,
966 1763 1027 1831 sed
1065 1783 1142 1839 eos,
1176 1765 1233 1848 qui

51 1863 250 1933 hereditatis
285 1863 494 1946 diripiendae
526 1867 710 1948 participes
744 1864 905 1942 fuissent,
940 1864 1132 1933 faciendam
1164 1880 1235 1934 sta·

53 1966 283 2049 tuendamque
305 1986 461 2034 curasse:
496 1966 636 2035 eosdem
663 1970 794 2035 Romae
820 1966 927 2035 fuisse
955 1965 1109 2047 legatos,
1142 1965 1233 2037 illius

52 2068 227 2136 adiutores
258 2069 506 2150 improbitatis,
540 2069 655 2135 sorios
679 2069 872 2146 furtorum,
906 2070 1073 2137 conscios
1089 2069 1236 2149 flagitio·

52 2192 145 2237 rum:
173 2171 354 2237 eominus
382 2170 577 2238 miratione
600 2182 777 2251 oportere,
812 2169 841 2235 si
865 2167 915 2236 illi
942 2171 1116 2238 communi
1141 2171 1234 2249 lega·

54 2271 358 2339 torumrcluntati
389 2284 423 2340 et
454 2270 555 2340 saluti
588 2269 721 2338 Siciliae
753 2269 955 2339 defuissem.

71 2424 75 2437 ,
131 2373 255 2441 LXlll.
298 2373 362 2444 Ubi
383 2395 505 2442 eorum
528 2368 682 2440 dolorem
700 2393 746 2440 ex
764 2372 862 2439 istius
883 2371 1013 2438 iniuriis
1033 2394 1103 2439 non
1124 2368 1295 2440 motoltt

52 2497 119 2542 non
135 2477 320 2553 minorem,
341 2475 401 2544 sed
423 2497 531 2559 prope
553 2476 734 2551 maiorem,
756 2495 857 2557 quam
883 2471 1076 2540 Siculorum
1100 2484 1236 2540 cetero.-

52 2598 125 2642 rum
157 2597 235 2645 esse
263 2578 428 2657 cognovi,
451 2589 524 2645 tum
553 2599 667 2644 meum
696 2579 848 2644 animum
872 2577 905 2642 in
934 2576 1033 2651 illos,
1068 2586 1141 2642 tum
1166 2576 1235 2647 mei

53 2676 182 2745 consilii
208 2680 404 2762 negotiique
425 2680 530 2747 totius
553 2681 705 2762 suscepti
730 2700 869 2746 causam
894 2679 1130 2760 rationemque
1152 2699 1235 2759 pro·

51 2782 167 2861 posui,
191 2792 265 2866 tum
288 2801 348 2848 eos
368 2779 524 2849 hortatus
542 2803 639 2861 sum,
662 2794 701 2848 ut
722 2802 847 2850 causac
870 2785 1045 2847 communi
1067 2779 1236 2862 salutique

52 2876 94 2946 rie
118 2880 299 2960 decessum
334 2895 372 2948 ut
401 2881 492 2950 illam
524 2882 775 2959 laudationem,
810 2904 910 2965 quam
945 2902 982 2950 se
1007 2882 1040 2946 vi
1071 2902 1112 2947 ao
1140 2892 1234 2946 metu

52 2995 190 3051 coactos
209 2985 327 3065 paucis
347 2983 412 3051 illis
432 2984 551 3052 diebus
570 2984 730 3052 decresse
752 2983 924 3057 dicebant,
953 2980 1125 3048 tollerent.
1167 2983 1234 3047 lta-

34 3102 135 3166 ·que,
154 3085 302 3168 iudices,
326 3086 530 3175 Syracusani
554 3084 637 3154 haec
658 3086 806 3158 faciunt,
841 3086 938 3150 istius
970 3081 1111 3149 clientes
1132 3094 1233 3165 atque

55 3186 162 3252 amici.
205 3187 359 3254 Primum
391 3188 471 3254 milri
492 3188 622 3255 litteras
648 3186 818 3271 publicas,
841 3208 922 3269 quas
944 3188 977 3251 in
1003 3187 1134 3252 aerario
1154 3208 1234 3253 san·

55 3286 161 3354 otiore
190 3288 345 3356 conditas
374 3288 561 3369 habebant,
593 3291 792 3373 proferuntt'
823 3290 857 3359 in
893 3288 1015 3371 quibus
1047 3288 1234 3356 ostendunt

56 3390 183 3469 omnia,
221 3412 308 3477 quae
339 3392 408 3457 dixi
437 3391 548 3459 ablata
572 3414 665 3471 esse,
698 3392 908 3474 perscripta,
941 3388 1089 3472 etplnra
1111 3392 1233 3468 etiam,

56 3512 154 3572 quam
175 3514 238 3574 ego
266 3494 362 3575 potui
382 3494 516 3560 dicere:
553 3496 743 3579 perscripta
767 3506 879 3560 autem
902 3491 969 3558 hoo
993 3492 1116 3577 modo,
1137 3491 1238 3583 quod
1259 3498 1264 3513 “

55 3614 106 3657 rx
133 3596 220 3661 aede
250 3595 449 3662 Mineruae
480 3594 547 3662 hoc
572 3609 605 3663 et
634 3595 729 3662 illud
758 3597 914 3671 adesset,
947 3593 1045 3682 quod
1067 3616 1118 3658 eso
1143 3594 1235 3661 aede

55 3693 169 3770 Iouis,
189 3698 287 3786 quod
307 3721 358 3764 ecc
380 3695 470 3763 aede
490 3696 637 3764 Liberis
680 3718 719 3764 ut
743 3699 884 3782 quisque
906 3697 945 3763 iis
972 3697 1072 3762 rebus
1099 3697 1233 3764 tuendis

58 3800 593 3883 conservandisquepraefuerat,
616 3801 660 3864 ita
680 3800 907 3881 perscriptum
925 3809 1015 3873 crat,
1036 3819 1115 3864 curn
1130 3800 1234 3865 ratio·

56 3958 278 3977 -ξ-ι

96 4076 99 4081 *
126 4062 211 4124 5140,
243 4068 374 4112 Siculorum
394 4069 533 4128 ceterorum]
558 4069 619 4128 lleg.
640 4068 707 4114 Leid.
729 4073 772 4114 cet.
795 4070 840 4115 Sic.
862 4068 919 4113 Em.
939 4071 967 4116 Z.
988 4069 1076 4112 tuendis
1096 4080 1233 4111 romercurt-
1317 4056 1321 4071 ⁸

58 4147 148 4205 disque]
164 4150 261 4196 Retinui
279 4151 343 4196 hsuc
360 4151 491 4198 lectionem
508 4153 617 4198 familiae
635 4150 776 4206 deterioris,
798 4151 856 4211 quia
874 4152 935 4211 Reg.
953 4153 1097 4211 tuendisque,
1115 4148 1232 4206 utbtlb„

58 4230 140 4288 arguit
161 4235 279 4283 cxcidIese
304 4236 408 4281 alterum
432 4235 531 4282 verbum
554 4235 676 4282 formulae
697 4231 810 4278 usitatae.
835 4233 924 4277 lucardis
947 4244 961 4276 c
982 4231 1030 4277 suis
1051 4230 1129 4276 Codd.
1153 4229 1181 4274 Z·
1198 4248 1233 4262 -

58 4325 71 4353 0
89 4305 149 4372 1030]
165 4313 180 4359 i·
198 4330 219 4361 e.
240 4331 313 4377 quem
333 4315 389 4362 thi
409 4329 471 4362 nunc
494 4315 577 4362 dicunt
600 4320 751 4361 contractum.
776 4319 805 4364 Ζ.
