2850 4759
356 780 436 859 ιιι.
475 775 758 856 runnu
796 765 1230 858 oronnours

525 951 998 1090 Jonurto

751 1173 850 1222 PRO

350 1339 492 1484 ι.
634 1291 1197 1477 sucin

581 1631 584 1635 Δ
694 1620 942 1641 *-

678 1797 918 1870 ΜΟΝΙΤΠΜ.

291 1947 433 2036 Triplex
454 1946 564 2028 adhuc
583 1945 711 2018 familia
733 1946 894 2015 Codicum
916 1943 1016 2017 huius
1038 1948 1203 2018 orationis
1225 1951 1377 2032 innotuit;

213 2056 340 2142 prima,
371 2074 471 2139 quam
501 2052 649 2120 maxime
676 2052 828 2132 sincera;
861 2052 958 2120 cuius
985 2054 1117 2134 generis
1139 2055 1173 2121 in
1193 2079 1235 2139 pr
1238 2079 1315 2125 nnn
1335 2069 1378 2125 eet

214 2159 443 2237 Erfurteneis,
475 2177 612 2244 expuo
641 2158 826 2224 etiamtunc
851 2158 984 2237 integro
1013 2156 1201 2240 permultos
1231 2160 1377 2229 incuset

214 2265 345 2333 narravit
365 2274 399 2330 et
419 2260 589 2345 supplevit
603 2259 790 2352 Gruterum
805 2262 867 2344 qui
887 2260 917 2328 ai
937 2282 1014 2327 eum
1036 2261 1070 2327 in
1091 2264 1250 2333 omuibus
1272 2267 1376 2341 rebus,

215 2367 402 2437 manifestis
427 2365 559 2433 mendis
578 2366 741 2448 exceptis,
761 2377 899 2432 secutus
914 2377 1004 2433 esset
1018 2377 1077 2432 aut
1089 2365 1211 2435 saltem
1227 2385 1378 2437 accurate

215 2471 459 2554 excerpsisset‚
491 2465 664 2550 praeclare
693 2464 735 2533 de
760 2464 824 2533 hac
851 2468 1137 2536 oratioueactum
1159 2484 1272 2538 esset:
1310 2496 1376 2541 nam

185 2627 188 2632 .
214 2599 259 2646 ex
287 2569 452 2657 particula
478 2568 534 2640 iila
560 2567 671 2638 adhuc
697 2571 880 2653 superstite
908 2575 1376 2652 (581-93·)111W1111deri

217 2679 315 2745 Varr.
336 2678 427 2744 Lect.
448 2697 483 2757 p.
504 2675 555 2742 tt.
577 2672 666 2741 haud
687 2695 815 2756 pauca,
851 2696 937 2758 qnae
963 2677 1138 2745 novissimi
1160 2701 1298 2762 quoque
1320 2680 1378 2746 edi·

217 2794 332 2865 tores,
368 2776 533 2847 Matthiae
568 2789 602 2844 et
633 2775 881 2855 frotscheruc,
919 2778 1046 2845 intacta
1080 2779 1313 2868 reliquerunt,
1352 2785 1377 2848 in

215 2882 336 2954 melius
366 2882 582 2951 conformare
607 2879 716 2963 potui.
756 2878 917 2948 Eiusdem
946 2904 1050 2970 porro
1072 2886 1206 2964 generis
1228 2900 1302 2954 erat
1323 2888 1377 2954 Te-

215 2988 445 3073 gerusee'nsis,
481 2986 577 3053 cuius
606 2984 813 3051 mentionem
842 2982 923 3050 iecit
950 2985 1154 3057 Garatonius
1183 2990 1218 3057 in
1239 2990 1376 3058 Praesat

216 3091 258 3161 ad
280 3091 492 3159 Plancianam
515 3112 547 3172 p.
571 3088 650 3157 Xll.
671 3085 736 3154 Ed.
760 3108 867 3156 meae.

293 3195 466 3264 Secundae
479 3192 626 3261 familiae
642 3214 729 3262 unus
745 3190 856 3260 adhuc
870 3190 911 3258 ad
927 3192 1126 3262 criticorum
1140 3199 1298 3267 notitiam
1312 3221 1375 3284 per·

216 3311 372 3379 venerab„
392 3320 468 3368 enm
491 3297 583 3373 dico,
606 3295 700 3363 cuins
723 3308 881 3376 excerpta
903 3293 994 3364 dedit
1013 3298 1179 3368 Heuricus
1195 3300 1375 3386 Stephanus

217 3405 250 3470 in
274 3404 451 3485 Castigatt.
468 3402 537 3471 Cic.
558 3400 737 3479 (Parisiis)
759 3400 846 3465 1557.
871 3422 902 3481 p.
917 3401 967 3466 85.
1009 3400 1047 3469 ln
1069 3400 1119 3470 his
1141 3402 1204 3470 aiia
1220 3428 1376 3489 congrue·

218 3508 298 3575 bant
317 3527 394 3604 cum
410 3502 618 3572 Erfurteusis
639 3500 855 3589 lectionibus,
878 3500 941 3570 alia
963 3526 1120 3586 magnam
1138 3508 1293 3578 veritatis
1313 3531 1376 3594 spe·

219 3613 304 3678 ciem
327 3600 654 3694 praeseferunt,
692 3605 869 3689 complura
891 3618 1003 3675 tamen
1024 3606 1108 3676 adon
1129 3627 1226 3678 erant
1247 3627 1283 3680 et
1302 3613 1374 3682 saba

219 3727 254 3782 et
275 3712 431 3800 ridicula,
451 3723 490 3779 ut
509 3722 667 3794 suspecta
687 3711 787 3777 etiam
810 3709 991 3778 redderent
1012 3733 1067 3789 ea,
1095 3735 1181 3795 quae
1202 3717 1374 3798 probabilia
1398 3733 1400 3764 ³

220 3818 354 3902 quidem
384 3815 598 3892 videbantur,
632 3813 691 3881 ced
719 3836 738 3879 a
767 3812 859 3881 nuiio
887 3814 951 3882 alio
982 3828 1065 3883 teste
1086 3818 1372 3890 confirmabantur.

220 3923 306 4000 Hinc
328 3921 454 3987 tactum
476 3931 546 3994 est,
570 3930 607 3985 ut
628 3917 760 3987 inEdd.
775 3919 859 4001 opp.
883 3942 972 3986 omn.
996 3920 1057 3987 toti
1078 3918 1372 4014 huicreidiffideus

200 4047 261 4093 [eo
284 4045 389 4108 noque
410 4020 651 4106 progrederer,
672 4033 729 4097 ut,
750 4021 1064 4104 quemadmodum
1056 4046 1088 4090 ιιι
1103 4024 1286 4093 Fonteiano
1304 4028 1398 4100 fecit
1397 4019 1399 4068 5

221 4125 424 4200 Niebuhriun
448 4125 581 4205 Fragrn
609 4124 716 4192 Oratt
745 4147 778 4206 p.
803 4126 873 4204 38„
904 4126 945 4193 de
972 4127 1108 4194 Hernici
1134 4128 1293 4211 Stephani
1317 4105 1398 4195 lide

125 4261 136 4294 ι
224 4233 411 4299 dubitarem
438 4233 500 4293 nec'
528 4225 592 4292 alin
620 4249 720 4308 quam
751 4228 1010 4298 Pseudocodicis
1032 4231 1148 4315 steph
1168 4233 1306 4301 nomine
1325 4231 1398 4306 ert-j

224 4346 338 4414 cerpta
360 4333 399 4398 ab
421 4349 462 4397 eo
484 4327 589 4396 data
581 4330 786 4409 trroignirem
1396 4315 1397 4360 ³
