2850 4759
192 299 362 370 omno
381 298 470 369 mo
495 296 617 368 unce
637 296 857 414 nantem,
874 319 909 369 e.
930 301 951 365 a
971 312 1005 370 ei
1024 302 1057 375 s.
1155 298 1217 368 in
1302 255 1305 261 ⁴

36 459 91 527 tioi
112 456 253 537 docuit,
286 469 380 550 certe
406 456 441 525 id
460 457 600 540 quidem
621 455 816 524 calamitate
836 455 928 526 docti
949 458 1116 527 meritoria
1137 461 1219 531 reti·

33 581 114 628 nere
129 560 320 631 debemus:
343 580 422 626 nam
445 571 535 634 tunt,
554 579 634 625 cum
656 560 690 626 in
711 561 795 626 Asia
814 580 870 627 res
893 580 1034 639 magnas
1054 560 1218 643 permulti

33 663 240 739 amiserant,
271 662 421 740 scimus,
451 662 583 728 Romae
601 659 775 727 solutione
795 661 957 743 impedita
978 662 1080 728 fidem
1103 665 1219 731 conol-

35 762 135 830 disse.
179 761 258 828 Non
279 764 369 829 enim
391 772 538 843 possunt
564 783 631 828 una
651 762 686 827 in
712 762 849 828 civitate
870 762 969 829 multi
987 767 1063 830 'rem
1085 782 1127 830 ac
1146 765 1219 832 for·

37 875 133 931 tonas
159 864 334 947 amittere,
355 874 484 930 utnon
505 860 621 943 plures
641 882 755 928 secun
770 863 805 928 in
820 863 962 930 eandem
978 863 1114 932 trahant
1127 865 1220 934 cala-

37 965 204 1032 mitatem.
246 967 280 1031 A
307 986 374 1046 quo
401 962 553 1045 periculo
582 962 762 1044 prohibete
788 985 861 1031 rem
889 966 1061 1048 publicam
1083 965 1221 1034 etmihi

39 1066 186 1143 credite,
221 1064 257 1131 id
284 1064 375 1148 qnod
402 1067 465 1148 ipsi
493 1065 630 1132 vidctisr
667 1064 861 1134 baselides
889 1080 991 1150 atque
1017 1067 1103 1135 haec
1131 1069 1219 1135 ratio

10 1184 13 1196 ·
38 1169 278 1251 pecuniarum,
305 1188 395 1250 'quae
415 1169 562 1244 Romae,
591 1186 677 1249 quae
697 1168 732 1234 in
752 1169 831 1234 foro
851 1182 1027 1247 versatur,
1058 1167 1222 1250 implicita

39 1284 193 1336 estoum
221 1268 287 1336 illis
314 1271 468 1350 pecuniis
494 1267 654 1335 Asiaticis
681 1280 716 1335 et
742 1267 923 1348 cohaeret3
952 1290 1053 1336 ruere
1073 1268 1130 1336 illa
1151 1292 1222 1351 non

38 1382 203 1452 possunt,
231 1383 278 1437 ut
314 1369 400 1437 baec
429 1393 499 1437 non
538 1369 661 1437 eodem
689 1368 859 1436 labefacta
889 1383 987 1437 motu
1024 1362 1220 1438 concidant.

42 1472 162 1562 Quare
180 1469 311 1554 videte,
338 1494 421 1539 num
444 1471 668 1541 dubitandum
690 1472 787 1538 vobis
808 1472 854 1539 sit
874 1473 967 1539 omni
987 1472 1101 1541 studio
1125 1473 1166 1540 ad
1187 1470 1223 1541 id

40 1572 167 1640 bellum
188 1574 403 1651 incumbere,
427 1575 457 1639 in
479 1596 545 1656 quo
567 1572 676 1652 gloria
690 1572 838 1640 nominis
855 1574 980 1650 vestri,
1001 1573 1094 1642 salus
1109 1574 1224 1642 socic-

41 1695 136 1759 rum,
167 1672 346 1754 vectigalia
366 1677 534 1755 maxima,
566 1675 727 1743 fortunae
746 1672 973 1755 plurimorum
995 1676 1121 1742 civium
1141 1695 1242 1749 cum,
1263 1738 1265 1742 .

42 1773 235 1858 republica
257 1775 499 1845 defenduntur.
1168 1824 1171 1829 -

46 1930 51 1937 .
117 1879 218 1942 vul.
261 1876 428 1968 Quoniam
451 1877 639 1958 degenere
660 1876 737 1945 belli
759 1878 848 1955 dixi,
880 1899 970 1945 nunc
992 1878 1226 1958 demagnitu·
1245 1883 1285 1947 tt)

43 1977 119 2047 dhre
148 1997 259 2059 pauca
286 1976 408 2045 dicam.
447 1980 565 2045 Potest
591 1978 660 2046 boc
686 1981 777 2046 enim
804 1979 887 2047 dici:
920 1978 999 2045 belli
1019 2000 1128 2059 genus
1145 1994 1225 2067 'esse

44 2080 89 2146 ita
108 2079 362 2155 necessarium,
384 2091 423 2145 ut
442 2081 488 2147 sit
507 2079 716 2158 gerendum3
736 2102 805 2146 non
827 2100 903 2147 esse
922 2081 969 2146 ita
984 2101 1166 2161 magnum,
1187 2091 1227 2147 ut

47 2181 92 2247 sit
107 2180 435 2260 pertimescendum.
489 2181 530 2247 ln
557 2203 624 2263 quo
652 2183 802 2247 maxime
828 2179 1053 2247 laborandum
1083 2192 1166 2259 est,
1184 2200 1227 2247 ne

48 2280 136 2348 forte
166 2305 186 2348 a
215 2282 329 2358 vobis,
367 2302 453 2364 quac
484 2280 743 2360 diligentissime
772 2279 983 2364 providenda
1014 2293 1112 2361 sunt,
1146 2302 1228 2348 con·

49 2381 228 2449 temnenda
250 2402 326 2449 esse
355 2384 543 2450 videantur.
592 2384 705 2462 Atque
739 2393 778 2447 nt
805 2403 924 2450 omncs
952 2382 1142 2462 intelligant
1172 2403 1228 2449 me
1271 2440 1275 2447 ,

48 2483 84 2550 L.
111 2481 254 2569 Lucullo
285 2495 416 2550 tantum
444 2482 621 2565 impertire
642 2481 773 2558 laudis,
808 2496 973 2566 quantum
993 2484 1073 2551 forti
1095 2485 1170 2553 viro
1192 2496 1228 2552 et
1266 2555 1269 2559 ,

49 2586 189 2667 sapienti
218 2583 347 2653 homini
375 2598 409 2652 et
437 2607 561 2664 magno
590 2586 788 2666 imperatori
816 2585 996 2665 debeatur,
1028 2586 1124 2673 dico,
1155 2587 1228 2656 eius
1271 2660 1275 2664 ,
1365 2622 1368 2627 ·

49 2687 196 2753 adventu
217 2687 386 2765 maximas
408 2685 617 2753 Mithridatis
647 2688 766 2768 copias
786 2691 944 2755 omnibns
966 2691 1067 2756 rebus
1091 2702 1229 2757 ornatas

51 2800 149 2871 atque
168 2789 354 2857 instructas
375 2789 503 2864 fuisse,
537 2790 725 2870 urbemque
745 2788 848 2854 Asiae
869 2787 1092 2859 clarissimam
1115 2790 1232 2878 nobis·

52 2908 116 2969 que
144 2890 385 2955 amicissimam
414 2889 665 2969 Cyzicenorum
695 2890 871 2956 obsessam
893 2910 968 2956 esse
990 2891 1030 2956 ab
1051 2891 1126 2970 ipso
1149 2909 1231 2967 rege

51 2991 199 3068 maxima
227 2988 444 3055 multitudine
467 3002 502 3054 et
521 3000 751 3070 oppugnatam
779 2990 1093 3066 vehementissime,
1129 3010 1232 3071 quam

52 3089 89 3154 L.
116 3089 276 3157 Lucullus
304 3092 429 3156 virtute
458 3089 655 3156 assiduitate
690 3086 832 3155 consilio
866 3090 1010 3155 summis
1044 3088 1252 3183 obsidionis}

52 3192 210 3271 periculis
240 3191 417 3270 liberavit,
451 3193 491 3256 ab
520 3190 641 3256 eodem
670 3190 875 3270 imperatore
903 3188 1047 3258 classem
1070 3179 1232 3270 magnam
1254 3194 1294 3257 et

56 3305 280 3372 stomatasm,
321 3312 407 3374 quae
435 3290 578 3358 ducibus
600 3291 806 3357 Sertorianis
828 3289 1022 3358 adltaliam
1044 3292 1158 3358 studio
1182 3293 1232 3358 in-
1264 3344 1265 3347 ,

121 3474 132 3534 5
151 3476 194 3521 2⁰.
214 3477 259 3520 troc
273 3471 344 3533 caim]
365 3473 395 3521 E.
410 3474 480 3516 sorim
498 3473 542 3516 boc
559 3466 668 3517 Erm-
688 3485 703 3515 a
721 3467 797 3530 uobis]
815 3470 926 3516 Firmut
943 3471 972 3517 Ρ.
992 3469 1022 3518 Β.
1041 3486 1068 3519 or
1082 3470 1147 3517 cobis
1165 3471 1236 3518 Butt-

57 3569 132 3603 martu.
149 3582 183 3597 -·
201 3561 330 3613 contempta
347 3557 438 3603 Nescio
462 3554 529 3601 euius
546 3568 612 3612 susp.
625 3551 789 3612 -ropicrrti]
810 3552 841 3598 P.
865 3553 895 3598 E.
917 3556 1090 3610 “pientissimo
1109 3555 1167 3600 Era.

122 3639 189 3700 tet.
207 3638 362 3700 inflammata]
380 3640 411 3685 E.
430 3639 575 3697 irstmnmoto
591 3637 650 3683 Em.
668 3660 701 3675 -
719 3636 850 3692 legionibus
867 3637 970 3680 Pontum
989 3636 1019 3681 P.
1038 3658 1074 3675 -
1089 3633 1188 3699 fitted]
1206 3635 1236 3682 E.

61 3726 115 3766 erret
131 3724 189 3769 Em.
204 3747 239 3760 -
254 3727 351 3767 uranus
367 3738 390 3767 a.
408 3701 567 3780 refertarsP.
585 3719 614 3764 E.
633 3723 717 3763 ornata
734 3732 757 3763 α.
775 3718 864 3775 referta
880 3718 939 3772 Em.
958 3740 993 3757 -
1007 3732 1053 3764 erto
1068 3721 1135 3764 adita
1153 3721 1238 3765 adom·

62 3804 135 3866 taque]
151 3807 182 3852 E.
200 3820 246 3852 urso
262 3807 361 3852 ademta
378 3805 408 3850 P.
426 3817 472 3848 ruo
489 3804 554 3849 editu
570 3807 638 3860 atque
654 3803 753 3848 moenia
770 3801 828 3846 Em.
840 3824 876 3838 -
886 3802 919 3845 ud
934 3800 1005 3861 olias]
1017 3803 1046 3848 E.
1058 3804 1120 3848 atior
1131 3803 1189 3849 Em.
1205 3827 1239 3842 -

62 3886 114 3931 lore
129 3903 174 3934 erre
192 3889 222 3936 E.
235 3913 269 3927 -
288 3889 400 3935 Firmant
416 3887 447 3933 P.
466 3886 496 3932 E.
513 3888 570 3932 lect.
590 3889 657 3944 atquo
674 3887 725 3939 ito,
751 3884 867 3937 Quirites,
884 3888 916 3928 art.
951 3884 998 3930 Sed
1014 3884 1044 3930 Ρ.
1061 3888 1088 3929 at
1103 3898 1145 3930 oor
1161 3887 1204 3931 irtt.

61 3985 250 4007 fi-——n

127 4053 138 4114 ἦ
163 4055 206 4101 21.
236 4052 332 4099 ducibus
356 4044 509 4111 Sertorianis]
532 4047 675 4094 nominatim
698 4048 727 4094 t..
751 4045 843 4102 Vario,
873 4051 988 4093 senatore
1011 4045 1060 4092 rto.
1094 4044 1137 4094 Bis
1158 4051 1240 4092 autam

29 4172 30 4181 ,
64 4131 206 4185 Mithridatis
223 4137 327 4182 classem
345 4133 449 4190 devicit,
467 4132 571 4191 primum
588 4131 652 4178 iuter
669 4131 794 4176 Tenedum
812 4136 837 4175 et
854 4129 1011 4176 Achaeorum
1021 4133 1136 4188 portum,
1155 4129 1241 4175 deinde

65 4218 95 4261 ed
111 4219 236 4277 Lemnum,
254 4218 296 4265 ubi
314 4216 406 4263 Varius
427 4221 513 4273 captus
531 4220 570 4270 ct,
597 4212 714 4273 quoniam
731 4213 756 4259 in
774 4213 900 4270 triumpho
918 4214 974 4260 duci
985 4213 1125 4259 Romnum
1143 4216 1241 4255 oronto-

66 4310 112 4346 rcm
125 4315 173 4361 pon
192 4301 322 4361 placebat,
346 4297 441 4345 occisus
459 4303 503 4345 est.
538 4295 650 4359 Appiae.
668 4296 753 4343 Mitbr.
772 4296 814 4342 rt.

905 4400 926 4459 9
