2850 4759
184 280 244 344 aa
567 250 578 269 '
655 270 891 340 excursus

184 458 281 514 eum,
316 430 733 513 retransmittere,
766 442 918 512 quaeque
946 440 1083 495 servata
1113 440 1166 495 est
1194 430 1378 510 usquead

186 537 312 606 liberae
338 538 387 602 rei
414 534 569 616 publicae
596 532 786 598 interitum.
828 532 914 598 Sunt
941 542 1055 607 autem
1084 531 1168 597 haec
1194 531 1375 598 Ciceronis

188 640 305 707 verba:
325 635 432 728 Quae
455 634 648 720 descriptio
672 634 918 709 (comitiorum)
942 635 975 699 si
999 644 1091 699 esset
1110 634 1239 715 ipnota
1262 634 1374 717 uobis,

188 738 442 832 explicaretur
460 758 485 802 a
500 757 567 802 me.
610 731 719 802 Nunc
739 735 921 800 rationem
941 734 1070 800 uidetis
1089 753 1166 800 esse
1185 733 1323 817 talem,
1342 747 1377 800 ut

190 842 353 930 equitum
386 837 572 904 centuriae
597 857 678 902 curn
706 855 776 902 secr
806 835 996 917 sufflapiis
1025 847 1060 902 et
1084 837 1216 925 prima
1246 835 1377 904 classis

189 941 318 1009 addita
349 938 532 1021 centuria,
569 957 666 1025 puae
696 936 748 1003 ad
778 957 961 1004 summum
991 958 1097 1003 usum
1123 938 1230 1019 urbis
1251 939 1378 1013 fabris

189 1042 363 1126 liquariis
382 1051 435 1107 est
449 1038 556 1124 data,
577 1033 760 1104 LXXXV
757 1035 843 1104 IIII
843 1083 853 1103 .
872 1039 1056 1105 cecaturias
1072 1038 1227 1122 Ιιαόθιιίς
1250 1039 1379 1128 quihus

190 1167 241 1213 cco
255 1153 396 1211 centum
409 1148 585 1229 quattuor
602 1141 774 1207 centuriis
785 1143 862 1217 (tot
879 1141 975 1205 enim
990 1140 1156 1223 reliquae
1172 1143 1290 1216 sunt)
1306 1151 1378 1206 octo

190 1243 293 1314 solae
308 1243 342 1311 si
357 1254 602 1327 accesserunt,
625 1240 789 1318 consecto
803 1253 855 1308 est
869 1242 924 1308 uis
933 1239 1061 1330 populi
1077 1242 1276 1324 uniuersa‚·
1299 1241 1377 1309 reli·

191 1366 339 1434 quaque
365 1342 479 1410 multo
504 1343 627 1409 rnaior
654 1341 847 1409 multitudo
871 1363 941 1409 sese
964 1353 1000 1407 et
1023 1343 1233 1423 nonapinta
1259 1355 1375 1409 centu·

191 1446 339 1513 riarum
354 1466 469 1535 neque
488 1442 751 1511 excluderetur
770 1445 975 1529 suffraqiis,
996 1466 1040 1510 ne
1055 1446 1255 1531 superbum
1268 1457 1374 1529 essen

192 1570 257 1631 nec
275 1546 412 1617 ualeret
429 1547 557 1632 nimis,
578 1567 624 1613 ne
643 1556 737 1613 essct
751 1545 1010 1635 periculosum.
1051 1545 1154 1628 Apud
1174 1547 1373 1613 Ciceronem

192 1649 297 1730 igitur
314 1646 407 1715 nulla
426 1648 563 1714 cannino
583 1647 621 1716 iit
640 1648 787 1714 tribuum
808 1649 934 1714 mentio
953 1647 985 1713 iu
1000 1649 1147 1714 comitiis
1166 1650 1370 1715 centuriatis.

121 1736 124 1747 ’
193 1750 279 1831 Sed,
306 1750 431 1833 inquit,
459 1738 550 1832 apud
570 1749 702 1816 Livium
725 1750 904 1815 minimum
928 1750 990 1816 tria
1010 1749 1081 1815 eius
1103 1750 1152 1814 rei
1174 1751 1369 1828 gravissima

193 1862 312 1918 extant
338 1851 545 1917 testimonia:
564 1848 697 1917 scilicet
716 1853 772 1929 24,
794 1852 824 1917 t.
853 1851 905 1929 (a.
926 1871 959 1919 ιι.
979 1871 1009 1915 c.
1029 1852 1088 1913 540
1115 1850 1252 1930 Varr.):
1288 1850 1368 1918 Cum

192 1972 275 2020 sors
283 1953 570 2042 praeropatiuee
583 1950 741 2018 Aniensi
758 1951 944 2017 iuniorum
957 1953 1093 2019 exisset
1106 1974 1224 2040 eaque
1241 1950 1277 2017 T.
1290 1951 1367 2019 Ota-

192 2052 331 2134 cilium,
350 2051 398 2118 M
411 2052 612 2119 Aemilium
626 2050 805 2134 Repillum
820 2051 983 2140 consules
995 2053 1139 2140 diceret,
1163 2067 1242 2120 turn
1250 2053 1293 2145 ρ.
1305 2051 1366 2119 Fa·
1412 2130 1413 2133 Ἴ

193 2156 273 2224 lius
304 2154 449 2224 silentio
468 2155 574 2230 sacto
603 2151 673 2219 tali
700 2156 866 2222 oratione
888 2166 941 2223 est
967 2175 1072 2240 usus,
1105 2177 1172 2237 qua
1203 2156 1362 2232 dissuasit,

193 2278 237 2325 ne
264 2258 304 2324 Τ.
332 2254 497 2326 Otacilius
529 2253 650 2324 consul
685 2266 886 2334 crearetur,
919 2259 1083 2338 cuiusque
1120 2256 1241 2323 ultima
1274 2258 1362 2322 verba
1412 2275 1413 2355 i

194 2358 279 2426 haec
306 2369 404 2426 suut:
442 2378 603 2443 praece,
638 2355 838 2424 Aniensem
871 2359 1056 2423 iuniorum
1090 2360 1129 2424 in
1158 2359 1363 2441 suffrapium
1411 2440 1412 2443 Ἴ

193 2481 339 2528 reuoca.
360 2494 400 2505 -
427 2459 486 2534 26,
506 2460 557 2525 tt.
579 2461 641 2537 ¹(a.
664 2480 698 2524 ιι.
721 2480 751 2527 c.
772 2461 840 2529 stt.
861 2459 982 2532 Varr.)
1008 2481 1086 2526 cum
1106 2460 1363 2550 praeroqatioa
1410 2448 1412 2519 l

196 2556 234 2624 V
232 2559 354 2625 eturie
375 2558 561 2623 iuniorum
577 2579 665 2630 coss.
689 2559 898 2629 declarasset
913 2561 955 2630 T.
972 2561 1142 2627 Manlium
1161 2562 1361 2644 Torquatum
1410 2550 1411 2605 Ῑ

194 2664 230 2725 et
253 2658 294 2725 T.
319 2656 522 2737 Otacilium,
561 2661 662 2744 idque
687 2659 836 2729 Manlius
860 2662 933 2743 ipse
965 2661 1201 2746 dissuasisset,
1239 2664 1362 2729 Veturia

195 2758 251 2825 illa
269 2759 460 2846 iuniorum,
482 2763 624 2830 consilio
643 2765 726 2831 inito
743 2785 823 2830 cum
842 2764 981 2830 Veturia
999 2767 1194 2850 seniorum,
1218 2767 1267 2832 M.
1280 2766 1360 2830 Mur·
1409 2784 1410 2845 ι

195 2859 319 2927 cellum
343 2874 377 2928 et
400 2863 452 2929 M.
476 2862 647 2931 Valerium
674 2887 765 2932 coss.
787 2865 874 2933 dixit
898 2878 951 2933 et:
992 2858 1249 2933 arcctoritatcrn
1264 2887 1359 2958 prae·

195 2964 387 3046 repatiuae
402 2986 527 3033 ornnes
535 2968 721 3034 centuriae
734 2980 877 3036 secutae
890 2981 984 3036 sunt.
993 3006 1034 3016 -
1043 2972 1094 3048 27,
1105 2971 1134 3034 6.
1152 2973 1196 3046 (a.
1209 2993 1241 3039 u.
1253 2991 1280 3034 c.
1292 2972 1359 3043 545),
1408 2992 1409 3007 ι

195 3064 347 3133 Galeria
366 3068 569 3153 iuniorum,
592 3089 688 3158 puae
711 3082 810 3137 sorte
827 3071 1091 3160 praeropatiua
1112 3083 1212 3157 crat,
1233 3070 1277 3162 Q
1290 3067 1359 3136 Ful·
1407 3140 1408 3171 1

195 3167 294 3233 oium
323 3178 358 3234 et
389 3164 435 3258 Q.
471 3166 628 3235 Fabium
662 3170 824 3247 consules
854 3171 1029 3256 dixerat,
1071 3171 1265 3262 eodemque
1293 3174 1360 3237 iure

196 3279 347 3336 uocatae
379 3272 564 3351 (centurias
599 3272 750 3354 intellige
784 3295 827 3340 ex
862 3273 939 3341 loco
972 3275 1200 3355 praecedente
1228 3277 1357 3353 ituit,
1406 3322 1407 3333 .

195 3392 264 3436 uon
294 3371 415 3448 tribus)
445 3370 699 3459 inclinassent,
729 3376 769 3441 ni
792 3376 929 3444 tribuni
952 3377 1003 3461 pl.
1034 3372 1073 3442 C.
1100 3389 1135 3442 et
1158 3375 1201 3440 L.
1218 3375 1357 3443 Arcanii

196 3490 235 3535 se
252 3471 552 3559 interposuissent
573 3490 654 3558 cet,
677 3478 731 3557 qui
752 3476 819 3542 loci
831 3477 956 3543 Liviani
972 3477 1148 3559 quomodo
1163 3499 1242 3543 curu
1259 3488 1355 3543 nostra
1405 3466 1406 3497 ¹

196 3575 363 3640 sententia
393 3573 595 3642 conciliandi
625 3577 719 3653 siut,
763 3601 847 3645 mox
878 3578 1203 3648 demonstrabimus.
1259 3582 1355 3646 Restat
1404 3604 1405 3659 i

197 3669 282 3736 alius
307 3695 326 3740 a
349 3672 575 3744 Huelliuauuo
604 3676 709 3745 Reim.
736 3676 1079 3762 Grunduerfassunq
1100 3704 1133 3761 p.
1157 3682 1228 3746 299.
1254 3679 1355 3745 allatus

195 3776 233 3852 θ’,
255 3776 304 3841 18.
331 3777 381 3850 (a.
404 3796 441 3841 u.
467 3799 496 3844 c.
522 3781 612 3856 358).
653 3778 770 3846 Haud
791 3782 915 3848 inuitis
933 3784 1104 3870 patribus
1125 3779 1170 3845 P.
1192 3779 1355 3846 Licinium
1403 3768 1404 3823 l

196 3874 353 3943 Caluum
372 3883 636 3967 praeropatiuo
664 3884 850 3949 tribunum
873 3884 1033 3950 militum
1060 3882 1253 3963 (cousidari
1276 3893 1354 3964 pote·
1401 3904 1404 4019 j

196 3980 303 4055 state)
328 3990 471 4063 creant,
496 4015 510 4029 -
534 4017 549 4030 ·
576 4004 772 4073 ornnesque
792 3983 957 4075 deinceps
976 4008 1027 4052 ccc
1047 3986 1199 4068 callepio
1219 3983 1354 4051 eiusdem

198 4080 287 4144 anni
305 4081 408 4161 refici
431 4080 655 4170 apparebat;
670 4122 684 4135 ·
703 4123 718 4135 ·
742 4088 807 4174 aui
821 4089 1044 4178 priusquam
1063 4088 1352 4161 renuntiarentur,

182 4180 280 4249 ,iure
320 4172 457 4249 uocatis
493 4182 656 4251 tribubus
687 4190 875 4272 permissu
909 4190 1101 4271 interrepis
1134 4186 1179 4254 P.
1213 4185 1352 4253 Liciniis

201 4272 332 4344 Caluus
357 4281 411 4344 ita
432 4282 544 4359 uerba
561 4283 653 4358 fecit
673 4295 736 4350 cet.
781 4287 907 4357 Verum
937 4302 1029 4358 reete
1052 4289 1263 4357 Niebuhrius
1281 4288 1348 4354 Hist·
