2850 4759
197 258 257 325 att
671 253 902 328 CICERONIS

141 426 180 492 37
200 419 406 490 viderentur.
446 421 524 490 Non
553 417 729 505 respondit
750 431 864 488 tamen
883 440 953 487 una
971 418 1085 488 facere
1105 417 1243 489 Sullam.
1278 420 1350 490 Ete-

199 526 270 599 nim
291 537 379 594 esset
405 522 607 605 absurdum,
642 546 720 591 oum
749 534 881 589 ceteros
908 544 969 590 sna
995 536 1117 606 sponte
1143 525 1352 607 nominasset,

200 631 404 699 mentionem
424 625 535 697 Sullae
561 627 676 694 iacere
700 623 830 693 nullam
850 626 913 693 nisi
935 624 1145 696 admonitum
1167 641 1202 696 et
1221 631 1354 696 interro-

184 726 336 817 'gatumt
362 733 425 801 nisi
445 732 533 799 forte
553 732 622 798 veri
642 726 751 798 simile
773 741 825 796 est
842 729 883 795 Ρ.
904 727 1015 797 Sullae
1035 753 1159 799 nomen
1180 734 1216 800 in
1236 755 1354 801 memo·

99 828 102 831 ’
200 826 252 904 ria
278 836 394 903 Cassio
420 857 488 902 non
513 834 630 901 fuisse.
672 833 707 901 Si
731 832 886 899 nobilitas
907 833 1072 910 hominis,
1105 837 1133 903 si
1156 836 1276 903 afflicta
1294 837 1353 904 sor·

202 952 302 1019 tuna,
330 939 358 1007 si
379 936 537 1022 reliquiae
557 937 718 1020 pristinae
739 936 909 1018 dignitatis
930 960 1000 1005 non
1022 950 1088 1005 tam
1109 937 1263 1015 illustres
1284 940 1355 1007 luis-

201 1056 294 1121 sent,
324 1054 437 1110 tamen
462 1040 628 1111 Autronii·
644 1041 924 1108 commemoratio
946 1036 1145 1110 memoriam
1168 1041 1282 1111 Sullae
1301 1058 1354 1111 ret-

203 1147 352 1226 tulisset,
372 1147 491 1226 etiam,
511 1157 549 1211 ut
569 1143 733 1227 arbitror,
757 1164 833 1211 oum
849 1146 1067 1214 auctoritates
1081 1148 1274 1231 principum
1289 1169 1354 1215 con·

202 1251 377 1321 iurationis
405 1248 448 1317 ad
472 1246 659 1316 incitandos
687 1249 815 1316 animos
837 1245 1059 1329 Allobrogum
1088 1247 1266 1331 colligeret
1287 1253 1352 1319 Cas·

203 1355 294 1437 siuS,
327 1366 457 1420 etcum
479 1353 581 1421 sciret
602 1363 737 1418 exteras
757 1351 908 1419 nationes
930 1355 1077 1425 maxime
1097 1353 1274 1422 nobilitate
1293 1379 1353 1422 mo·

145 1466 184 1531 38
204 1458 294 1545 veri,
327 1480 397 1524 non
423 1456 514 1540 prius
535 1456 741 1523 Autronium
763 1478 864 1540 quam
884 1455 1010 1524 Sullam
1032 1461 1255 1526 nominasset
1296 1459 1354 1526 lam

206 1582 286 1628 vero
308 1558 391 1626 illud
410 1559 545 1642 probari
566 1560 701 1625 minime
722 1571 852 1642 potest,
876 1557 991 1626 Gallos
1006 1562 1176 1629 Autronio
1194 1564 1355 1631 nominato

204 1675 341 1748 putasse
362 1674 500 1744 propter
520 1659 718 1730 calamitatis
739 1661 990 1730 similitudinem
1006 1664 1067 1732 sibi
1082 1662 1208 1748 aliquid
1223 1664 1264 1733 de
1278 1666 1356 1734 Sulla

206 1789 281 1835 esse
301 1762 545 1850 quaerendum,
569 1765 703 1857 Cassio,
732 1767 760 1833 si
780 1765 835 1833 hio
855 1778 947 1835 esset
964 1767 999 1833 in
1020 1766 1138 1835 eodem
1159 1768 1303 1849 scelere,
1322 1792 1356 1836 ne

206 1888 283 1938 eum
305 1867 506 1953 appellasset
526 1865 658 1951 quidem
679 1870 902 1947 Autronium,
924 1868 1023 1937 buius
1044 1871 1076 1936 in
1091 1884 1239 1940 mentem
1254 1875 1357 1941 venire

205 1975 368 2058 potuisse.
409 1970 474 2041 Sed
502 1983 613 2038 tamen
640 1972 718 2055 quid
747 1971 921 2055 respondit
947 1972 994 2039 de.
1009 1973 1100 2041 Sulla
1122 1976 1286 2044 Cassiust
1323 1975 1358 2044 Se

206 2078 337 2146 nescire
357 2089 499 2148 certum,
538 2074 616 2142 Non
636 2076 914 2160 purgat,‘inquit
954 2077 1032 2143 Dixi
1054 2091 1172 2145 antea:
1205 2100 1248 2146 ue
1268 2081 1296 2146 si
1314 2102 1358 2144 ar·

208 2194 327 2263 gueret
346 2178 479 2264 quidem
501 2190 572 2247 tum
594 2177 753 2265 denique,
774 2200 851 2245 oum
867 2191 957 2246 esset
970 2180 1217 2261 interrogatus,
1239 2181 1274 2248 id
1288 2181 1359 2249 mibi

150 2295 188 2358 39
209 2285 426 2352 criminosum
448 2280 630 2351 videretur.
679 2281 744 2348 Sed
766 2303 828 2362 ego
850 2283 885 2348 in
904 2281 1034 2349 indiciis
1057 2296 1091 2350 et
1109 2283 1144 2350 in
1166 2286 1359 2369 quaestioni·

209 2390 270 2457 bus
290 2411 357 2456 non
378 2387 444 2455 hoc
465 2383 692 2470 quaerendum
714 2385 875 2464 arbitror,
896 2407 976 2452 num
992 2399 1154 2469 purgetur
1169 2386 1289 2477 aliqui,
1308 2387 1360 2456 sed

208 2514 289 2558 num
310 2500 485 2571 arguatur:
523 2491 646 2556 etenim
674 2510 751 2555 oum
773 2501 875 2570 negat
900 2510 936 2557 se
957 2493 1044 2557 scire
1067 2492 1221 2573 Cassius,
1255 2506 1358 2560 utrum

209 2591 363 2661 sublevat
382 2591 525 2671 Sullam,
548 2615 589 2663 an
609 2588 690 2660 satis
710 2593 832 2675 probat
852 2613 889 2659 se
910 2592 1067 2659 nescire!>
1106 2593 1269 2661 Sublevat
1282 2593 1358 2678 apud

211 2694 338 2764 Gallos.
381 2693 479 2787 Quid
499 2693 572 2762 irat
606 2714 649 2761 ne
673 2694 850 2769 indimota
886 2695 1003 2787 Quint>
1038 2697 1066 2764 si
1086 2697 1276 2780 periculum
1297 2720 1359 2766 esse

210 2792 379 2887 putasset,
411 2820 454 2867 ne
478 2796 525 2865 illi
552 2820 700 2881 unquam
729 2796 933 2879 indicarent,
967 2798 1009 2866 de
1034 2822 1070 2867 se
1095 2803 1170 2883 ipso
1193 2803 1359 2870 confessus

122 2960 125 2963 .
211 2902 326 2972 essetl
356 2898 516 2971 Nesoivit.
559 2900 689 2982 Credo,
716 2901 862 2982 iudices,
889 2901 1036 2971 celatum
1058 2926 1132 2972 csse
1153 2905 1309 2973 Cassium
1327 2905 1360 2972 do

118 3030 121 3034 ’
211 3006 305 3076 Sulla
328 3002 413 3075 uno:
446 3027 524 3073 nam
554 3004 597 3072 de
622 3006 744 3072 ceteris
771 3018 864 3071 certe
891 3006 1036 3085 sciebat,
1070 3020 1106 3073 et
1126 3028 1165 3074 ea
1188 3009 1281 3074 domi
1302 3010 1359 3076 eius

211 3110 370 3196 pleraque
390 3112 534 3179 conficta
557 3129 631 3177 esse
651 3108 835 3176 constabat.
883 3109 950 3201 Qui
971 3131 1094 3190 negare
1114 3109 1225 3178 noluit
1245 3135 1318 3181 esse
1335 3113 1359 3177 in

213 3237 252 3283 eo
273 3236 412 3282 numero
433 3210 578 3291 Sullam,
600 3235 665 3297 quo
686 3211 762 3295 plus
783 3212 853 3296 spei
869 3209 973 3280 Gallis
996 3212 1110 3294 daret,
1131 3214 1358 3284 dicereauten

212 3318 335 3386 falsum
356 3341 423 3385 non
443 3338 544 3384 ausus
564 3327 633 3394 est,
654 3337 785 3383 nescire
807 3315 912 3403 dixit..
943 3318 1047 3401 Atqui
1068 3316 1134 3385 hoc
1154 3321 1359 3402 perspicuum

214 3434 281 3498 est,
304 3444 381 3487 oum
402 3422 448 3507 is,
469 3420 526 3503 qni
547 3417 588 3486 de
607 3420 762 3489 omnibus
785 3418 915 3494 scierit,
938 3417 979 3484 de
999 3416 1090 3487 Sulla
1109 3442 1148 3488 ae
1169 3424 1259 3491 scire
1272 3444 1358 3505 nega·

213 3525 275 3598 rit,
297 3525 436 3590 eandem
450 3525 523 3611 ⁴vim
545 3543 619 3589 esse
641 3523 828 3602 negationis
849 3520 948 3591 huius
970 3545 1068 3606 quam
1091 3527 1119 3590 si
1140 3538 1241 3594 extra
1261 3527 1359 3594 coniu-

214 3627 378 3694 rationem
399 3626 489 3693 hunc
509 3647 584 3706 esse
604 3646 641 3694 se
666 3625 755 3707 scire
779 3623 937 3693 dixisset:
967 3647 1045 3693 nam
1070 3630 1168 3698 ouius
1197 3633 1357 3699 scientiam

212 3770 426 3793 ...ιιι-ηὐε-

184 3886 187 3890 ’
281 3875 293 3939 ἦ
310 3877 351 3925 37.
367 3877 463 3942 qfflicta]
480 3879 560 3942 qfflaia
576 3876 605 3926 Ρ.

281 3984 351 4048 588.
368 3989 517 4047 quaerendum
534 3985 591 4048 cet]
610 3989 760 4049 quaerendum
777 4003 824 4035 esse
838 4005 855 4036 o
875 3991 969 4047 casam
994 3992 1087 4048 Caesio,
1106 3994 1129 4038 ei
1143 3992 1236 4041 Codex
1250 3989 1355 4043 'rotrudi

214 4070 276 4119 nlius
293 4086 365 4149 quam
379 4073 410 4120 P.
800 4139 803 4144 ἱ

259 4174 262 4183 “
283 4178 353 4241 ξ39.
370 4179 472 4245 indiciis]
497 4182 607 4233 Ambrae.
629 4181 659 4228 1².
682 4183 775 4227 tanton
797 4181 869 4229 Rern,
884 4183 979 4232 Gener.
995 4184 1087 4256 Volgo.
1104 4209 1141 4223 -
1158 4191 1182 4233 et
1197 4190 1222 4233 in
1238 4181 1355 4248 quaesthl

216 4268 303 4322 quam.
327 4263 420 4311 Manat.
447 4271 494 4313 tac.
517 4264 587 4314 'l'orn
610 4268 634 4311 in
657 4270 743 4325 quaest.
771 4270 794 4311 et
820 4267 868 4316 tat
897 4266 1009 4316 Antros
1031 4293 1066 4308 -
1092 4274 1116 4316 et
1136 4286 1163 4317 u
1189 4272 1268 4332 mi]
1288 4268 1353 4316 uui·

216 4348 280 4393 dont
295 4346 325 4393 Ρ.
