2850 4759
289 282 457 355 ORATIO
487 283 736 354 PHILIPPICA
763 286 949 374 tt,c.13.
1140 284 1199 353 stu

27 456 109 513 ente
138 442 288 527 legibus
312 455 367 514 est
390 442 550 526 solutus,
584 447 613 516 si
647 447 687 515 ab
717 447 803 514 urie
835 444 911 531 plus
945 466 1045 535 quun
1080 447 1198 516 decern

27 551 84 618 lies
116 549 321 618 abluisseti
359 570 422 623 mn
454 548 523 617 iudi
553 548 769 635 Apollinares
800 549 985 620 iuc'reri‘drili
1019 553 1071 620 M.
1103 552 1201 619 Bruti

27 674 149 723 sonore
179 652 374 721 celebratii
414 674 476 723 cur
505 656 700 740 provinciae
730 654 835 723 Bruto
865 667 900 722 rt
931 655 1053 724 Cassio
1079 655 1200 727 «taraci

27 781 74 825 *ur
89 769 308 842 quaestores
323 755 451 824 additi?
461 778 527 833 „cur
541 755 733 840 legatorum
749 779 910 825 numerus
922 756 1067 853 auctus?
1088 764 1200 843 Atque

26 883 98 929 racc
118 874 204 945 apta
228 881 297 944 per
318 872 363 928 tc.
404 860 482 928 Nun
503 862 606 943 igitur
623 861 824 933 homicidas.
862 862 1040 946 Sequitur,
1063 874 1101 930 ut
1120 860 1201 930 libe·

27 979 150 1034 ratores
175 977 242 1032 tuo
272 962 396 1034 iudicio
420 966 505 1045 sint,
527 964 797 1050 quandoquidem
823 967 960 1034 tertium
985 963 1067 1034 nihii
1087 977 1202 1049 potest

27 1090 103 1138 csse.
147 1067 248 1152 Qud
269 1069 346 1137 est?
366 1069 637 1137 uum'conturbo
658 1071 713 1137 te?
734 1066 812 1137 Non
832 1070 921 1138 enim
936 1070 1085 1139 t'ortassc
1104 1070 1198 1156 satis,
1221 1078 1261 1141 32

27 1192 103 1256 quae
125 1171 323 1242 diiunctius
341 1160 517 1252 dicuntur,
536 1171 709 1254 intelligis.
750 1173 816 1242 Sed
837 1186 949 1245 tamen
964 1172 1049 1242 isaeo
1065 1194 1201 1243 summa

27 1287 70 1341 est
96 1273 341 1344 conclusionis
367 1298 483 1345 meac:
511 1278 669 1361 quoniam
693 1276 822 1348 scelere
851 1301 870 1347 a
898 1290 930 1346 tc
955 1275 1087 1347 liberati
1109 1290 1200 1359 suut,

27 1379 61 1444 ab
91 1378 221 1448 codem
252 1391 292 1447 te
325 1380 540 1465 amplissimis
575 1381 734 1466 praemiis
770 1380 987 1467 dignissimos
1022 1381 1201 1449 iudicatos.

25 1481 137 1566 ltaque
163 1483 236 1551 iarn
273 1496 392 1551 retexo
422 1486 612 1553 orationem
635 1506 757 1559 meam.
797 1485 948 1555 Ssribam
974 1484 1017 1553 ati
1035 1483 1130 1561 ilios,
1150 1497 1202 1563 ut,

28 1585 130 1671 siqui
155 1587 275 1674 forte,
307 1588 396 1670 quod
419 1599 492 1656 ate
513 1589 785 1657 milichiectunr
810 1601 878 1676 est,
906 1600 1087 1675 quaerent,
1113 1588 1202 1656 sitne

28 1708 159 1769 verum,
183 1713 230 1759 ne
258 1692 315 1758 cui
343 1705 477 1774 negent.
513 1688 650 1762 Etenim
675 1714 815 1773 vereor,
836 1714 878 1762 ne
900 1705 961 1760 aut·
983 1690 1129 1759 celatum
1147 1713 1203 1758 ms

31 1789 89 1860 Illis
112 1794 198 1877 ipsis
225 1817 300 1863 non
327 1793 528 1875 honestum,
559 1809 618 1865 ant
644 1798 825 1867 invitatum
851 1796 1021 1878 refugisse
1049 1794 1131 1864 mihi
1157 1796 1204 1864 sit

34 1897 281 1986 turpissImum.
323 1902 417 1979 Quae
433 1900 525 1967 eninr
542 1920 597 1969 res
614 1923 762 1985 unquam
781 1903 794 1977 i
801 1923 864 1984 pro
881 1914 1000 1969 sancte
1016 1899 1203 1985 Iuppiteri)
1243 1918 1247 1929 ’

34 2019 94 2065 non
123 2002 233 2070 modo
264 2002 298 2069 in
332 2000 397 2069 hac
421 2004 522 2080 urbe,
556 2001 679 2073 sedin
711 2004 867 2073 omnibus
902 2004 999 2070 terris
1026 2015 1078 2072 cst
1106 2015 1204 2084 gesta

37 2102 158 2170 maior?
172 2126 265 2191 qnae
279 2103 485 2186 gloriosior?
498 2127 585 2190 quae
598 2107 870 2176 commendatior
885 2105 1060 2174 homiuum
1076 2127 1206 2174 memo·

37 2203 98 2272 riae
116 2209 376 2293 sempiternae?
409 2209 447 2281 Iu
470 2208 571 2281 huius
597 2231 653 2279 me
677 2224 714 2279 tu
736 2210 868 2280 consilii
893 2209 1089 2278 societatem
1119 2221 1205 2276 saur·

40 2329 127 2388 qnam
154 2312 189 2380 iu
213 2312 560 2397 equursr,T1·oianum
588 2332 666 2383 cusu
697 2314 903 2398 principibus
927 2310 1096 2381 includis'.i
1125 2311 1204 2379 Non
1224 2317 1264 2380 83
1323 2358 1326 2369 ·

39 2432 166 2484 recuso:
189 2440 258 2499 ago
278 2418 378 2486 etiam
397 2420 541 2500 gratias,
561 2440 697 2504 quoquo
711 2417 830 2485 animo
848 2417 945 2485 facis.
986 2416 1204 2499 Tantaeniru

41 2533 88 2582 rcs
111 2532 189 2598 est,
215 2534 257 2590 ut
282 2521 442 2593 inuidiam
467 2522 593 2602 istam,
617 2544 718 2607 quam
744 2534 781 2588 tu
808 2522 842 2589 in
866 2540 920 2588 me
944 2520 995 2589 vis
1019 2520 1204 2597 sciscitare,

42 2637 110 2687 cum
135 2620 238 2693 laude
264 2649 334 2693 non
358 2647 567 2710 comparem.
606 2623 696 2710 Quid
724 2626 813 2693 enim
843 2625 972 2693 beatius
999 2623 1083 2708 iliis,
1118 2645 1204 2707 qnos

45 2729 75 2785 tu
94 2726 258 2809 expulsos
287 2748 306 2795 a
332 2741 364 2796 te
388 2728 564 2813 praedicas
588 2721 623 2798 el
645 2728 838 2810 relegatus?
872 2730 927 2812 qui
952 2726 1047 2795 iocus
1070 2739 1122 2794 est
1146 2741 1206 2794 aut

44 2833 103 2893 tam
120 2827 280 2900 desertus
300 2844 359 2900 aut
377 2845 446 2903 tam
462 2831 679 2911 inhumanus,
700 2835 756 2917 qni
776 2831 868 2916 illos,
889 2853 967 2897 cum
987 2833 1206 2915 accesserint,

46 2947 105 2996 non
128 2935 223 3004 affari
251 2950 351 3021 atquc
376 2948 543 3021 appetere,
557 2936 736 3009 videatur?
754 2937 813 3022 qui
837 2934 990 3003 homiues
1014 2947 1082 3003 tarn
1109 2957 1206 3015 agre-

46 3042 125 3119 stes,
154 3039 211 3123 qui
236 3062 291 3120 se,
324 3062 401 3108 curn
422 3062 481 3113 eos
504 3040 739 3125 adspexerint,
770 3062 837 3108 non
862 3041 1049 3106 maximum
1073 3040 1206 3121 cepisse

50 3133 127 3203 vitae
148 3143 301 3212 linctum
327 3145 468 3227 putent?
501 3166 693 3230 quaerero
718 3158 786 3212 tam
811 3144 990 3213 immemor
1011 3145 1204 3226 posteritas,

49 3257 123 3315 quan
144 3256 215 3315 trun
239 3249 392 3329 ingresse
413 3248 544 3318 litteras
568 3250 796 3332 reperientur,
818 3271 902 3331 qnae
919 3270 1038 3314 eorum
1060 3243 1205 3326 gloriam

51 3358 109 3407 uon
126 3346 390 3420 Immortalitatis
408 3354 572 3421 memoria
588 3353 860 3438 prosequantur?
881 3353 934 3421 Tu
952 3374 1033 3420 vero
1052 3351 1205 3421 adscribe

53 3460 99 3509 me
122 3450 222 3521 talem
249 3457 283 3523 in
309 3477 501 3524 numerum.

58 3604 238 3635 ’,ἡ-

56 3725 184 3782 solvebant
200 3753 224 3786 r.
241 3753 263 3786 c.
281 3738 355 3786 etism
373 3740 427 3801 iege
449 3739 481 3785 rio
502 3738 564 3786 ludis
587 3735 770 3799 Apollinaribus
792 3735 908 3784 iaciendis
929 3743 977 3784 cet.
994 3762 1027 3775 -
1043 3733 1206 3801 Apollinares]

57 3806 101 3858 Clr.
117 3814 225 3882 Philipp.
246 3824 272 3879 l,
291 3823 302 3885 i
319 3824 361 3870 86.
377 3847 410 3862 -
426 3820 571 3884 prouisriss]
589 3821 667 3870 Bruto
684 3821 845 3877 Macedonis,
861 3820 931 3882 Syrie
949 3821 1044 3868 GsssIo.

117 3922 184 3985 532.
200 3929 335 3993 dudardus]
353 3934 453 3978 diiuncta
469 3933 545 3978 diem
561 3939 597 3979 est
614 3930 762 3979 diluurtious
779 3930 895 3992 colligere
912 3932 965 3987 sel,
982 3936 1009 3977 ut
1025 3929 1101 3990 volgo
1118 3929 1208 3983 dicunt,

59 3999 191 4061 diiunctivo
208 4017 350 4078 syllogismo
367 4004 485 4078 probare,
514 4018 543 4063 tle
566 4030 616 4078 quo
634 4016 817 4077 argumentandi
833 4031 922 4077 genere
939 4017 1004 4075 leges
1021 4015 1072 4061 Cic.
1091 4012 1207 4060 Araden.

59 4080 85 4137 ⁴³
100 4089 137 4138 ³⁰·
158 4095 245 4159 Topic.
271 4103 309 4149 tt.
332 4104 458 4151 lleussnu.
475 4126 511 4139 -
528 4094 623 4164 smero]
649 4106 769 4159 retracto,
797 4116 861 4164 quse
885 4101 1011 4156 dixeram,
1036 4111 1074 4144 mo
1096 4096 1208 4145 videlicet

61 4172 222 4232 coniurationis
237 4187 329 4235 socium
347 4202 395 4234 non
413 4187 493 4235 luisse.
526 4185 630 4237 maru.

118 4282 185 4346 llll.
201 4295 260 4360 rum]
279 4299 309 4346 de
326 4297 383 4346 litu.
401 4296 466 4347 cont.
484 4296 589 4345 Schuetz
606 4301 630 4344 ei
648 4262 757 4357 lllsdsig.
792 4294 857 4343 Libri
874 4308 919 4353 quo
936 4291 992 4353 (z
1008 4288 1101 4353 quom).
1135 4288 1208 4336 Iunta

62 4373 147 4427 linquo,
