2850 4759
235 291 533 379 onustorum
552 291 823 382 cnrrttmu,
844 297 908 378 uo
931 296 1017 363 oo.
1081 397 1086 406 Ἰ
1133 294 1193 362 ns

47 454 172 533 Errant,
205 455 259 538 qui
287 455 369 523 istas
396 450 582 522 aCatilina
607 461 816 538 exspectant·
858 454 940 524 Meo
961 454 1121 523 beneficio
1143 466 1192 523 ta.

47 557 129 625 boiae
147 579 253 625 novae
271 557 512 641 proferentur.
543 558 922 626 verumauotionariae.
963 558 1081 641 Neque
1102 560 1191 630 enirn

43 661 106 742 isti,
139 663 192 745 qui
220 662 451 745 possessionos
479 658 623 737 habent,
660 659 724 729 aiio
752 664 882 732 ratione
911 659 978 728 ulio
1004 660 1088 730 snivi
1116 683 1192 732 esse

43 778 182 847 possunt.
225 765 328 858 Quod
342 767 370 833 si
381 765 551 833 'maturius
566 762 678 834 faeere
693 764 894 843 voluissent,
910 786 1017 849 neque
1031 765 1085 844 (id
1100 763 1191 849 quod

42 866 263 936 stultissimum
285 870 355 948 est)
376 881 509 938 certare
535 890 614 938 oum
636 868 750 937 usuris
770 868 936 937 fructibus
956 868 1190 951 praediorum.
1294 877 1296 882 ’

43 983 70 1037 et
85 969 355 1055 locupletioribus
376 972 427 1041 his
455 983 490 1040 et
515 970 711 1046 rudioribus
732 964 867 1039 'civibus
893 985 1085 1039 uteremur.
1123 970 1190 1040 Sed

42 1072 131 1144 hosoo
156 1074 308 1146 homiues
337 1075 475 1156 minime
501 1087 584 1158 puto
606 1074 913 1159 pertimescendos,
943 1073 1031 1159 quod
1054 1087 1112 1142 aut
1132 1074 1190 1143 de·

42 1171 119 1245 dueti
144 1178 184 1246 de
210 1179 377 1247 sententia
404 1191 569 1262 possunt3
608 1191 685 1257 aut,
720 1180 749 1250 si
782 1180 1043 1262 permanebunt,
1080 1180 1188 1261 tnagis

41 1280 107 1349 mibi
122 1283 281 1352 ridentur
301 1295 382 1361 votat¹
402 1282 526 1351 facturi
547 1288 761 1356 contrairem
780 1279 949 1366 publicam
970 1304 1189 1368 quam-arma

41 1382 136 1454 laturi.
542 1457 549 1470 ,
599 1391 606 1404 ’
880 1454 884 1461 ,
1164 1399 1168 1408 ’

103 1488 159 1559 [Χ.
198 1489 356 1558 Alterum
379 1511 486 1572 genus
508 1502 562 1558 est
579 1476 715 1567 eorum,
736 1489 793 1573 qni
813 1509 1014 1575 quamquam
1030 1513 1189 1574 premun-
1209 1496 1247 1559 1⁹

30 1601 86 1670 ¹tur
107 1615 180 1662 aere
206 1591 337 1671 alieno,
373 1594 641 1688 dominationem
678 1604 790 1661 tamen
823 1607 1039 1678 exspectant,
1072 1617 1195 1666 rerum

41 1696 122 1776 potiri
146 1696 282 1787 ¹volunt,
317 1695 480 1783 honores,
513 1717 599 1782 quos
626 1699 748 1780 quieta·
765 1719 803 1766 re
827 1694 961 1781 publiea
988 1697 1187 1782 desperant,

41 1801 214 1880 perturbata
234 1802 396 1886 consequi
416 1822 454 1874 se
474 1820 577 1885 posse
597 1802 815 1869 arbitrantur.
858 1801 988 1893 Quibus
1008 1799 1074 1868 hoo
1093 1823 1189 1884 prae·

42 1900 222 1994 ripieudum,
242 1904 395 1986 videtur,
429 1928 535 1974 unum
568 1903 697 1987 seilicet
720 1918 757 1972 et
786 1905 893 1983 idem,
928 1905 1018 1990 quod
1051 1904 1186 1989 reliquis

42 2007 190 2086 omuibus,
209 2020 251 2076 ut
263 2008 460 2093 desperent,
473 2031 510 2077 se
524 2008 577 2096 id,
591 2008 682 2092 quod
696 2022 881 2088 conantur,
896 2010 1055 2093 oonsequi
1071 2031 1184 2092 posse:

39 2110 164 2187 primum
182 2113 353 2191 omnium,
382 2134 437 2180 me
460 2114 570 2197 ipsum
593 2111 750 2194 vigilare,
777 2111 913 2192 adosse,
937 2112 1117 2206 providere
1137 2113 1207 2181 rei'

40 2211 189 2304 publicator
208 2215 332 2283 deinde
349 2224 492 2297 magnos
509 2217 733 2288 animos'osse
748 2215 782 2283 in
799 2216 895 2288 bonis
912 2217 1011 2300 viris,
1027 2238 1184 2298 inriguam

41 2319 253 2402 concordiam,
273 2320 456 2394 maximam
478 2317 749 2395 multitudinem,
771 2339 910 2399 magnos
932 2331 1107 2403 praeterea
1125 2342 1184 2388 co·

40 2418 95 2497 pias
109 2422 270 2503 nitrum
291 2423 372 2492 deos
393 2422 537 2507 denique
557 2420 767 2492 immortales
793 2419 871 2488 huie
890 2421 1015 2490 invicto
1038 2421 1184 2507 populo,

41 2519 203 2596 clarissimo
231 2527 393 2620 imperio,
424 2525 673 2610 pulcherrimae
702 2526 777 2595 urbi
807 2531 925 2594 c'ontra
950 2515 1081 2595 'tantam
1114 2528 1183 2595 vim

41 2624 154 2699 roele‘ris
171 2647 368 2725 praesentes
396 2632 557 2702 auxilium
580 2652 655 2699 esse
674 2627 814 2701 laturos.
855 2630 956 2721 Quod
977 2632 1006 2698 si
1030 2633 1095 2699 iam
1115 2633 1183 2702 sint
1205 2673 1209 2678 -

40 2727 80 2809 id,
105 2725 188 2819 quod
214 2760 294 2807 oum
326 2758 460 2805 summo
485 2736 601 2803 furore
631 2736 789 2829 eupiunt,
810 2734 942 2823 adepti,
964 2758 1046 2802 num
1069 2735 1118 2801 iiii
1147 2737 1182 2804 iu

40 2834 130 2905 cinere
150 2842 242 2910 urbis
261 2854 295 2908 et
314 2842 347 2908 in
368 2840 529 2921 sanguine
552 2840 695 2916 civium,
718 2858 803 2922 quae
818 2838 1182 2925 menteeousooierata

39 2955 68 3008 to
96 2942 215 3010 nefaria
248 2940 510 3026 concupierunt,
544 2942 701 3011 eonsules
737 2963 774 3010 se
806 2954 863 3010 aut
894 2942 1092 3032 dictatores,
1123 2957 1181 3011 aut

40 3039 118 3110 etiam
150 3067 248 3128 reges
277 3059 417 3130 sperant
446 3047 606 3115 futuros?
662 3046 740 3113 Non
775 3045 890 3113 vident
913 3045 946 3111 id
967 3036 1005 3114 se
1037 3067 1179 3128 cupere,
1250 3095 1252 3098 .

40 3145 111 3221 ruod
132 3150 159 3215 si
183 3150 294 3234 adepti
322 3152 409 3236 sint,
437 3150 582 3231 fugitivo
614 3146 713 3217 alicui
742 3162 801 3216 aut
828 3148 1007 3230 gladiatori
1039 3149 1180 3220 concedi

40 3244 73 3311 sit
93 3254 252 3322 necesse?
292 3254 446 3322 Tertium
463 3273 580 3335 -genus
605 3264 657 3321 est
684 3253 885 3320 aetate‘ianr
909 3254 1084 3332 affectum,
1118 3253 1178 3322 sed
1199 3260 1237 3321 to

44 3378 212 3409 *ῆι-ξ...-

89 3477 152 3542 §.12
171 3486 306 3541 perturbato
328 3499 351 3531 se
372 3476 478 3545 consequi
499 3484 528 3531 Ρ.
550 3483 608 3547 (non
627 3483 692 3546 ΤΒ.)
710 3508 742 3523 -
760 3487 855 3546 reliquis
876 3484 989 3549 omnibus]
1007 3477 1080 3533 t‘ttP.
1098 3465 1177 3533 ceteris

40 3563 125 3635 rustu-
134 3567 188 3615 Em.
202 3558 304 3616 omnibus
317 3571 425 3630 Madvig.
443 3571 505 3618 Mox
520 3586 542 3618 v.
560 3584 584 3616 se
599 3571 737 3631 transponit
752 3576 808 3617 ante
828 3587 851 3619 v.
867 3574 973 3630 consequi
982 3572 1012 3617 tt.
1024 3571 1084 3632 (uon
1093 3571 1134 3631 T.)
1143 3596 1177 3611 -

40 3655 125 3701 mamm
144 3656 206 3700 mutr.
229 3654 259 3703 1¹.
281 3657 344 3712 (nou
362 3653 427 3714 ΤΒ.)
446 3681 477 3693 -
496 3656 575 3712 copias
588 3661 709 3713 praeterea
727 3658 757 3702 tt.
776 3657 839 3717 (non
855 3653 899 3715 Τ.)
915 3680 949 3691 -
966 3660 1046 3701 contra
1063 3658 1108 3700 nim
1126 3660 1176 3700 tun·

40 3729 74 3772 itm
87 3744 114 3779 tr.
129 3733 157 3782 Ρ.
165 3764 192 3775 -·
202 3754 289 3785 summo
306 3744 389 3786 scelere
406 3740 434 3785 P.
445 3763 480 3774 -
490 3745 512 3784 et
527 3742 551 3783 in
568 3739 689 3801 sunguine]
702 3740 755 3787 Ttt.
767 3747 790 3785 et
800 3754 866 3797 sung.
877 3740 934 3785 Em.
943 3764 977 3777 -
985 3742 1092 3785 scelerato
1105 3739 1134 3785 1².
1142 3764 1176 3778 -

39 3818 119 3862 consto
139 3835 161 3864 se
180 3829 219 3869 nut
240 3824 306 3886 dict]
330 3824 360 3870 Τ.
377 3837 400 3869 se
417 3826 518 3869 eonsules
535 3815 575 3869 out
591 3826 646 3871 dict.
665 3826 694 3871 tt.
711 3841 735 3870 se
753 3828 854 3871 consules
869 3840 898 3870 ec
914 3825 969 3870 diet.
987 3824 1044 3869 Ern.
1062 3848 1091 3860 -
1110 3825 1135 3868 id
1151 3827 1181 3868 se
1269 3854 1272 3862 »

40 3899 110 3962 rupere]
126 3903 195 3953 TRP.
212 3908 268 3955 Em.
286 3907 345 3973 (non
362 3923 386 3954 se
403 3923 485 3968 cupere
502 3909 548 3970 tu.)
562 3934 596 3946 -
612 3911 690 3968 adepti
706 3908 769 3970 sint]
787 3909 862 3956 TRP.
879 3910 957 3968 adepti
967 3907 1061 3968 suerint
1076 3908 1176 3954 Em.-

40 3988 107 4029 rnon
120 3990 150 4033 ur
163 3991 192 4038 Ρ.
210 3991 268 4053 (non
286 3993 350 4052 Ta.)

83 4090 100 4154 i
115 4097 151 4144 20.
168 4101 281 4165 rrff'ertum]
305 4103 342 4150 Sic
361 4103 436 4149 ΤΗΙ).
458 4105 529 4166 (nom
544 4102 670 4162 consectum
691 4116 769 4163 nequo
791 4097 902 4162 pffetum.)
926 4096 1011 4160 (genus
1033 4102 1079 4144 inm
1102 4069 1192 4146 oetnte¹
1272 4145 1275 4160 ¹

39 4170 123 4227 (ΨΜ
133 4181 175 4242 Ρ.)
185 4211 215 4223 -
227 4189 266 4234 sed
282 4192 355 4234 tamen
368 4187 455 4252 exero]
465 4187 517 4236 Tu.
533 4190 573 4234 red
588 4203 663 4234 erere.
675 4187 705 4234 P.
720 4188 766 4233 del.
779 4189 906 4233 sed-tomen
918 4187 1011 4235 Marmt.
1024 4186 1132 4247 Madvig.
1140 4210 1174 4225 -

40 4293 204 4323 5——

91 4385 152 4447 520·
172 4395 290 4448 Catilinam
307 4397 343 4459 (in
361 4398 498 4445 consulatus
516 4389 645 4458 petitione)
661 4398 771 4455 soporum
782 4398 853 4443 :toro
865 4396 999 4447 iuuentutis,
1016 4394 1124 4437 vallatum
1137 4392 1172 4436 r'n·
