2850 4759
188 272 383 345 *canno
404 276 490 345 ruo
514 278 556 347 o.
577 250 733 357 sunna,
765 299 796 346 ο.
821 279 861 379 ro
881 224 915 347 'a
934 280 986 345 ιι.
1052 232 1054 235 ’
1123 281 1193 346 anv

32 458 136 520 magna
155 449 199 506 et
224 438 431 523 xqueribunda
456 461 543 509 voce
570 438 711 508 dicebat.
758 439 796 508 In
826 462 892 524 quo
921 441 1070 523 primum
1096 438 1181 508 iilud
1203 440 1255 504 te

32 556 87 611 nat
105 541 310 624 absurdum,
345 542 538 629 quodcum
563 565 619 622 ea,
650 565 736 629 quae
758 545 878 611 leviter
902 540 1053 626 dixerat,
1083 547 1180 614 vobis

32 640 155 727 probare
179 647 333 727 volebat,
369 669 425 716 eos
453 660 584 736 autem,
615 650 822 734 quiciacum
850 646 1011 716 iudicium
1034 650 1181 729 stabant,

32 751 128 819 mdire
150 750 308 834 nolebat,
328 775 397 820 non
420 751 642 835 intelligebat,
664 774 719 829 ea,
740 774 825 838 quae
855 752 946 820 clare
970 752 1113 831 diceret,
1135 754 1192 836 ito

33 852 87 921 lios
108 854 302 941 audituros,
331 855 450 940 quibus
479 878 515 925 se
543 856 755 935 venditabat,
777 868 815 923 ut
841 878 904 925 vos
930 878 1063 941 qrroque
1088 856 1183 923 audi·

32 960 113 1038 retis,
141 959 198 1042 qui
225 957 269 1025 id*
286 983 356 1027 non
380 960 588 1043 probabatIs.
630 959 759 1028 Deinde
779 958 922 1028 aiterum
944 962 1009 1028 iam
1034 958 1185 1029 cratoris

32 1062 149 1142 titium,
176 1086 249 1133 non
271 1062 401 1141 videre,
422 1063 502 1147 quid
524 1084 673 1149 quaeque
695 1084 798 1130 causa
817 1062 987 1147 postulet..
1019 1062 1110 1131 Nihil
1129 1075 1183 1132 est

32 1166 102 1233 enim
121 1178 190 1234 tam
215 1165 362 1234 alienum
381 1168 422 1235 ab
446 1189 505 1245 eo,
528 1167 584 1251 qui
603 1165 747 1235 aiterum
766 1168 1011 1236 coniurationis
1031 1180 1181 1247 accuset,

32 1291 112 1351 mam
126 1269 235 1336 videri
251 1271 505 1338 corriuratorum
521 1265 664 1354 poenam
680 1283 893 1355 mortemque
908 1271 1035 1352 lugere.
1078 1269 1183 1362 Quod

32 1392 93 1439 curn
122 1374 149 1442 is
178 1375 336 1440 tribunus
366 1371 452 1456 plebi
484 1374 582 1460 facit,
619 1376 675 1458 qui
700 1365 796 1442 uous'
816 1373 951 1441 videtur
980 1372 1112 1442 exiliis
1139 1373 1184 1442 ad

32 1472 177 1555 lugendos
203 1477 397 1547 coniuratos
421 1476 576 1557 relictus,
598 1478 722 1545 nemini
747 1479 870 1544 mirum
890 1490 957 1546 est:
979 1476 1108 1545 difficile
1131 1489 1184 1546 est

32 1582 103 1648 enim
128 1593 261 1663 tacere,
290 1602 366 1648 cum
389 1579 522 1661 doleas;
544 1596 593 1659 te,
626 1582 654 1649 si
683 1580 762 1665 quid
789 1582 955 1650 eiusmodi
979 1581 1087 1675 facis,
1115 1605 1184 1649 nou

32 1682 116 1750 nodo
143 1684 245 1751 tatem
272 1683 538 1763 adolescentem,
560 1683 621 1753 sed
645 1686 678 1751 in
703 1707 742 1752 ea
766 1706 886 1772 eausa,
914 1687 947 1752 in
973 1698 1090 1775 quate
1110 1688 1184 1752 vin-

32 1784 122 1855 dicem
153 1788 397 1856 coniurationis
431 1787 514 1856 velis
543 1810 635 1867 esse,
667 1787 885 1856 vehementer
914 1788 1076 1857 admiror.
1117 1788 1183 1857 Sed
1205 1791 1245 1856 32

32 1890 223 1972 reprehendo
249 1904 360 1959 tamen
384 1891 466 1959 illud
490 1895 656 1971 maxime,
692 1892 783 1975 qnod
805 1893 879 1960 isto
896 1893 1031 1974 ingenio
1051 1905 1084 1959 et
1103 1916 1184 1977 pru·
1216 1892 1218 1894 ’

33 1990 125 2063 deotia
148 1996 321 2079 praeditus
348 2017 485 2064 causam
516 1997 565 2064 rei
591 1995 745 2080 publicae
770 2019 838 2063 uon
870 2008 983 2075 tenea,
1014 1999 1070 2080 qui
1096 1997 1185 2065 arbi-

34 2107 105 2165 trere
123 2099 211 2184 plebi
233 2103 406 2168 Romanae
429 2123 483 2170 res
507 2123 561 2168 eas
590 2124 658 2168 noo
683 2100 838 2183 probari,
861 2121 943 2183 quas
965 2121 1020 2166 me
1043 2099 1182 2167 consule

33 2222 130 2271 onnes
154 2207 236 2273 boni
260 2226 321 2286 pro
344 2202 453 2272 salute
477 2204 650 2270 communi
677 2214 867 2284 gesserunt.

97 2309 153 2377 xl.
193 2309 347 2393 Ecquem
373 2321 410 2375 tu
434 2306 577 2392 horunr,
612 2308 667 2390 qui
691 2307 835 2384 adsunt,
868 2307 987 2388 quibus
1011 2316 1184 2374 tecontra
1247 2348 1249 2351 ν
1323 2354 1326 2359 -

33 2408 165 2489 ipsorum
189 2411 401 2480 voluntatem
426 2410 640 2488 venditabas,
669 2422 728 2478 aut
749 2422 816 2478 tam
837 2408 1039 2478 sceleratum
1059 2411 1182 2476 statuis
1256 2490 1259 2497 Ι

35 2511 138 2595 fuisse,
171 2529 210 2583 ut
238 2515 322 2583 haec
351 2516 599 2597 omniaperire
621 2513 785 2594 voluerit,
819 2526 877 2580 aut
910 2527 977 2581 tam
1009 2514 1189 2594 miserum,

36 2624 65 2677 ut
83 2628 113 2682 et
134 2640 169 2685 se
191 2621 304 2701 perire
326 2631 466 2701 cuperet
489 2630 524 2686 et
547 2617 628 2686 nihil
653 2619 809 2697 haberet,
832 2619 923 2702 qaod
951 2617 1080 2687 salvum
1107 2639 1191 2700 esse,

37 2710 147 2786 sedati
167 2727 221 2790 An
245 2744 326 2789 vero
350 2721 575 2790 clarissimum
598 2723 709 2789 virum
731 2725 863 2804 generis
885 2723 990 2790 vestri
1011 2745 1050 2788 ao
1074 2723 1184 2789 nomi-

36 2820 75 2885 nis
93 2844 186 2893 nemo
209 2826 445 2909 reprehendit,
467 2830 523 2910 qui
547 2825 652 2893 filium
680 2849 781 2893 suum
809 2829 877 2893 vita
897 2828 1060 2911 privavit,
1090 2828 1183 2903 utin

38 2936 148 2994 ceteros
175 2930 327 2997 firmaret
353 2931 551 3013 imperium3
582 2941 618 2995 tn
646 2953 719 2996 rem
752 2928 919 3012 publicam
952 2928 1182 3013 reprehendis,
1217 2983 1220 2988 .

38 3046 104 3106 quae
127 3030 330 3102 domesticos
345 3033 488 3114 hostes,
515 3056 557 3101 ne
578 3035 618 3100 ab
640 3032 679 3101 iis
703 3036 775 3116 ipsa
796 3046 990 3112 necaretur,
1021 3031 1183 3099 necavit?

39 3130 208 3151 ᾖ--ι--ι-ιι

90 3194 152 3257 531.
170 3198 260 3261 leuiter]
287 3202 368 3245 leniter
390 3199 421 3246 Ρ.
437 3220 471 3237 -
488 3179 586 3259 mmm]
606 3198 647 3244 Sic
669 3211 752 3244 omnes
770 3198 863 3255 eona,
890 3197 964 3244 etiam
981 3197 1040 3254 moi;
1072 3211 1116 3244 nec
1132 3203 1183 3256 est,

39 3288 71 3322 tur
84 3293 132 3327 eum
146 3283 202 3331 Em.
219 3285 318 3333 inducto
336 3286 362 3330 td
378 3286 469 3343 levem,
492 3284 565 3330 immo
588 3288 684 3343 gratam
708 3283 856 3329 anomaliam
878 3284 999 3330 tollamne.
1016 3309 1051 3321 -
1063 3284 1183 3342 prodatu-

39 3360 69 3419 ὥ]
82 3361 137 3412 Tum
152 3383 203 3415 cum
221 3370 263 3416 ille
281 3369 356 3417 aerbo
372 3369 486 3416 iaciebat.
521 3369 563 3415 Sic
580 3369 653 3415 etiam
671 3368 701 3414 P.
713 3367 786 3414 Bern.
805 3368 897 3416 Gener.
911 3394 943 3407 -
957 3368 1064 3428 medatis
1082 3369 1183 3416 Oxoon.

38 3446 83 3492 ¹¹0⁸·
96 3473 127 3487 -
141 3454 193 3510 quid
211 3469 309 3513 quaeque
326 3453 405 3512 coma]
423 3455 478 3513 quid
495 3469 551 3513 quoe
568 3467 587 3499 c.
622 3453 710 3499 Codex
728 3452 790 3498 alius
806 3451 944 3510 Torrentii,
962 3467 1011 3499 oon
1029 3453 1058 3498 P.
1071 3479 1102 3491 -
1115 3467 1184 3512 quom

40 3528 98 3574 ”fideti
112 3536 286 3599 coniuratorum]
312 3550 380 3597 quom
404 3539 577 3584 coniuratorum
592 3538 621 3585 P.
641 3539 753 3597 -quod
770 3551 820 3581 cum
837 3535 868 3597 is]
887 3538 948 3595 quod
966 3541 1040 3582 tamen
1059 3540 1079 3582 is
1095 3538 1126 3584 Ρ.
1144 3538 1183 3600 (ut

40 3611 129 3664 e'Codd,
146 3620 243 3679 hamb„
271 3622 312 3685 qui
329 3629 408 3670 tameo
432 3622 522 3670 omittit
546 3639 569 3671 v.
587 3620 628 3683 is.)
643 3648 679 3661 -
695 3623 782 3667 nemini
798 3617 893 3684 mirum]
912 3620 1023 3669 Ambror.
1042 3636 1083 3667 nec
1099 3624 1184 3669 mirum

41 3689 117 3750 Manat.
135 3708 180 3751 tae.
200 3706 271 3753 Torr.
362 3722 364 3729 ¹

94 3781 104 3842 h
119 3785 156 3833 ³2.
173 3794 195 3834 et
208 3792 248 3850 re]
259 3796 283 3836 et
295 3806 320 3837 se
337 3794 411 3851 ipsum
428 3793 457 3838 P.
468 3817 503 3829 -
513 3805 541 3836 oc
556 3793 656 3836 nominis
666 3790 743 3853 nemo]
762 3795 784 3835 et
795 3792 894 3836 nominis
905 3796 1022 3837 auctorem
1033 3805 1098 3837 nemo
1110 3791 1139 3838 Ρ.
1152 3814 1186 3831 -ι

43 3860 157 3933 internos]
176 3872 285 3923 Ambrae.
303 3879 327 3922 in
344 3879 424 3923 ceteris
441 3877 534 3923 Manut.
552 3882 600 3922 tac.
618 3874 689 3922 Torr.

50 3950 218 3978 ξ··-------

96 4016 157 4079 831.
174 4028 193 4070 is
210 4025 373 4086 attempt]
401 4027 429 4073 t.
453 4027 610 4085 Calpurnium
632 4027 738 4073 Bestiam
756 4026 838 4086 potius
856 4041 928 4088 quam
946 4028 975 4080 Q.
993 4028 1119 4083 Metellum
1136 4025 1186 4071 No·

46 4104 111 4152 Ρθῐθῠ]
126 4106 246 4166 significari
264 4111 437 4158 demonstrarit
455 4111 611 4158 Garatonius.
646 4112 714 4157 Idem
732 4111 851 4171 signifieat
868 4111 1016 4158 Schultesta.

98 4185 161 4258 §32
177 4197 325 4242 clarissimum
347 4193 433 4259 cirum]
458 4196 486 4241 T.
510 4196 626 4241 Manlium
648 4195 809 4255 Imperiosum
832 4188 996 4257 Torquatum,
1023 4196 1064 4257 qui
1088 4192 1185 4239 tertium

48 4271 113 4316 tonsol
128 4290 149 4320 o.
166 4291 187 4324 u.
204 4295 224 4326 c.
242 4281 301 4327 414.
328 4281 416 4329 Latino
440 4281 515 4327 hello⁴
528 4279 617 4338 filiurn,
645 4280 686 4342 qui
710 4286 797 4326 eontra
815 4294 882 4327 suum
900 4280 1005 4326 edictum
1022 4285 1184 4340 pugnaverat,

48 4354 112 4400 necari
127 4357 194 4408 iussit.
228 4366 332 4413 Mnnnn.

835 4471 873 4530 ts
