2850 4759
151 239 158 250 ’
222 278 390 350 orario
411 280 457 345 ιι.
480 277 528 348 ru
548 277 822 358 οιιιιιιιιιι,
844 299 875 346 c.
893 280 929 358 u
944 290 978 347 er
992 271 1040 347 rt.
1159 283 1217 348 aru

57 438 222 527 praesidii,
258 438 453 510 consultum
482 452 583 523 atque
614 440 789 523 provisum
822 452 900 509 est.
947 439 1068 513 Coloni
1098 461 1218 514 omnies

54 548 302 631 municipesque
330 546 435 633 ventri
459 544 623 612 certiores
657 564 677 611 a
703 565 759 611 me
784 542 935 611 sactide
962 544 1025 612 hae
1052 557 1219 613 nocturna
1271 565 1274 576 ·

56 653 252 719 excursione
282 650 444 718 Catilinae
474 634 574 715 facile
604 647 704 716 urbes
730 668 810 716 suas
837 647 988 731 liuesq'ue
1015 647 1216 715 defendenti

54 753 271 835 gladiatores,
291 775 393 838 quam
414 750 477 821 sibi
499 749 555 820 ille
575 771 713 822 manum
735 751 959 828 certissimam
980 752 1055 819 sore
1072 753 1218 835 putavit,

55 879 255 941 quamquam
275 854 417 923 meliore
437 848 548 922 animo
564 867 645 923 sunt
659 876 757 939 quarn
775 877 851 938 pars
865 858 1103 940 patriciorum,
1122 868 1219 943 pote·
1257 845 1260 850 ⁴

54 973 136 1029 state
157 972 271 1041 tamen
298 972 415 1028 nostra
436 957 707 1044 contiuebuntur.
761 959 804 1050 Q.
825 958 1005 1045 Metellus,
1033 980 1134 1044 quern
1155 979 1219 1041 ego

55 1062 115 1134 hoc
143 1063 356 1147 prospiciens
385 1062 420 1129 in
445 1083 567 1144 agrum
596 1059 764 1132 Gallicum
791 1063 1021 1148 Picenumque
1041 1064 1241 1145 praemisi,

55 1179 108 1236 aut
133 1168 305 1251 opprimet
329 1166 503 1248 hominem
530 1177 589 1233 ant
615 1166 687 1234 eius
723 1186 841 1234 omnes
869 1180 983 1236 motus
1011 1179 1220 1252 conatusque

56 1269 255 1352 prohibebit·
295 1268 445 1353 Reliquis
465 1282 585 1339 autem·
599 1268 764 1350 derebus
785 1269 1032 1340 constituendis
1046 1283 1220 1340 maturan-

56 1373 101 1443 dis
120 1374 260 1456 agendis
280 1374 347 1442 iam
369 1371 412 1444 ad
428 1386 583 1445 senatum
603 1373 810 1453 reseremus,
831 1395 931 1457 quern
950 1376 1067 1444 vocari
1086 1374 1221 1443 videtis·
1275 1409 1278 1416 ·

124 1477 228 1545 Nune
260 1475 354 1554 illos,
390 1476 447 1561 qui
479 1478 512 1544 in
543 1478 627 1548 urbe
659 1491 897 1547 remanserunt
921 1491 1024 1563 atque
1051 1478 1136 1548 adeo
1165 1480 1222 1563 qui
1241 1489 1281 1552 27

56 1592 168 1650 eontra
191 1581 286 1649 urbis
307 1579 452 1649 salutem
470 1584 689 1665 omniumque
708 1579 871 1665 nostriiin
885 1583 920 1651 in
937 1583 1022 1650 urbe
1043 1604 1063 1652 a
1080 1581 1223 1652 Catilina

58 1682 156 1751 relicti
177 1696 276 1763 sunt,
303 1706 506 1769 quamquam
528 1684 763 1771 aunt‘hostes‚
792 1697 925 1767 tamon,
952 1688 1030 1770 quia
1052 1689 1122 1755 nati
1142 1700 1223 1758 aunt

58 1786 157 1867 ciues,
194 1789 347 1857 monitos
380 1810 438 1858 eos
468 1788 568 1860 etiam
601 1802 702 1873 atque
733 1790 835 1857 etiam
860 1788 952 1858 volo.
995 1790 1076 1866 Mea
1103 1790 1221 1862 lenitas

57 1890 157 1958 adhuc
176 1893 206 1961 si
235 1892 290 1958 cni
318 1890 462 1960 solutior
485 1894 557 1962 visa
578 1905 644 1967 est.
665 1891 733 1961 hoc
751 1894 977 1981 exspectavit,
998 1907 1038 1962 ut
1061 1893 1108 1974 id,
1131 1894 1221 1979 quod

57 1992 206 2075 latebat,
224 2008 430 2085 erumperet.
474 1995 576 2088 Quod
601 1994 769 2081 reliquum
793 2011 863 2075 est,
894 1998 960 2065 iam
988 2021 1056 2067 non
1080 2020 1221 2082 possum

59 2096 200 2169 oblivisci
231 2120 344 2168 meam
373 2100 462 2169 hanc
483 2122 558 2169 esse
581 2100 744 2183 patriam,
776 2121 831 2167 me
853 2097 974 2167 horum
997 2122 1071 2190 esse
1099 2107 1222 2172 corisu-

58 2199 134 2283 lem,
151 2204 236 2271 mihi
259 2215 320 2271 aut
343 2224 420 2274 eum
450 2202 501 2272 his
523 2202 704 2270 vivendum
727 2215 786 2270 atat
812 2228 875 2287 pro
902 2203 953 2272 his
974 2225 1049 2273 esse
1077 2207 1223 2274 morien·

60 2303 142 2375 dum.
180 2305 307 2376 Nullus
326 2321 379 2375 est
398 2308 507 2392 portis
528 2301 662 2384 cu'stoS,
682 2305 795 2374 nullus
812 2306 988 2376 insidiator
1005 2308 1094 2373 viae:
1116 2309 1145 2375 si
1166 2308 1222 2392 qui

61 2409 143 2476 exire
166 2408 308 2499 volunt,
330 2413 512 2480 connivere
529 2414 691 2493 possum,
718 2411 773 2493 qui
796 2432 877 2479 vero
901 2432 938 2480 se
962 2412 996 2505 in
1023 2413 1106 2478 urbe
1128 2432 1229 2477 com··

61 2515 212 2595 moverit,
238 2516 334 2583 cuius
360 2536 423 2597 ego
446 2539 513 2586 non
539 2513 641 2582 modo
662 2513 809 2592 sactum,
827 2514 891 2582 ¹sed
914 2514 1086 2597 inceptum
1114 2513 1221 2582 ullum

61 2631 256 2685 conatumve
272 2631 392 2686 contra
410 2621 552 2702 patriam
573 2616 844 2702 deprehendero,
865 2620 987 2686 sentiet
1004 2621 1037 2685 iu
1058 2618 1122 2687 hae
1138 2619 1222 2686 urbe

62 2738 124 2786 esse
153 2719 314 2790 consules
345 2722 542 2805 vigilantes,
580 2743 654 2789 esse
690 2723 846 2803 egregios
879 2724 1114 2803 magistratus,
1147 2739 1224 2818 essex

63 2822 176 2891 fortem
198 2839 373 2905 senatum,
400 2848 474 2895 esse
495 2848 606 2903 urina,
627 2846 701 2893 esse
726 2846 911 2903 carcerem,
933 2846 1042 2915 quem
1054 2823 1222 2891 vindicem
1268 2887 1277 2908 .

62 2928 262 2997 nefariorum
294 2951 335 2998 ae
363 2930 621 3037 manifestorum
654 2926 820 2997 scelerum
847 2928 994 3000 maiores
1013 2929 1123 2996 nostri
1147 2949 1221 2995 esse

62 3030 246 3101 voluerunt

130 3136 228 3207 Xlll.
270 3139 382 3222 Atque
406 3134 490 3204 haec
518 3157 631 3227 omma
656 3137 708 3203 sio
732 3115 886 3218 agentur,
915 3135 1085 3228 Quirites,
1106 3147 1144 3202 ut
1166 3155 1221 3202 res
1243 3137 1282 3199 28

64 3241 201 3308 maxima
223 3240 362 3309 minimo
387 3252 499 3320 motu,
519 3239 669 3324 pericula
692 3262 824 3310 summa
847 3240 940 3310 nullo
961 3238 1131 3320 tumultu,
1151 3238 1222 3307 bel-

65 3428 117 3473 rtem
132 3432 175 3475 ltoe
190 3432 250 3478 Ern.
267 3455 303 3467 —
322 3429 450 3493 Gallicum]
467 3431 541 3478 TRP.
563 3432 708 3478 Gallicanum
725 3413 783 3478 Eru.
803 3455 837 3468 -
859 3433 906 3477 eins
923 3431 1010 3493 omnes]
1033 3431 1063 3479 T.
1081 3445 1158 3477 omnes
1174 3434 1223 3477 eius

66 3511 91 3559 R.
106 3514 160 3562 Em.
177 3542 210 3556 -
228 3517 399 3572 construendis,
416 3522 471 3563 nent.
488 3516 541 3562 TR.
560 3518 735 3571 constituendis,
753 3519 927 3582 conseruandia,
949 3523 1004 3564 mot.
1022 3518 1052 3564 P.

123 3606 191 3668 tat.
214 3609 283 3655 Nunc
305 3609 373 3674 idos]
398 3610 439 3657 stc
460 3609 535 3657 TliP.
559 3610 626 3656 Nune
647 3607 734 3671 [illos]
757 3611 866 3671 Madvig.
884 3638 918 3649 -
934 3611 1106 3678 nosnumTR.
1123 3617 1222 3657 vanum

67 3685 115 3734 Ero.
131 3716 162 3730 -
179 3699 232 3739 sunt
251 3695 301 3740 nati
323 3695 354 3742 n.
376 3695 436 3756 (non
458 3692 499 3756 Τ.)
516 3721 549 3734 -
566 3698 665 3742 monitos
688 3710 727 3741 eos
743 3694 823 3756 etiam]
841 3695 894 3744 TR.
911 3701 1011 3743 monitos
1027 3700 1097 3744 eham
1114 3697 1171 3743 Ero.
1188 3723 1222 3736 -

67 3784 157 3821 meorum
173 3792 220 3823 esse
236 3777 265 3825 T.
283 3794 318 3825 me
335 3794 382 3824 esse
398 3781 480 3825 tiorum
497 3779 527 3825 P.
538 3804 571 3817 -
580 3779 670 3839 portu]
686 3779 826 3827 Arusianus.
838 3780 946 3842 Madvig.
960 3786 1044 3839 portae
1055 3782 1107 3828 TR.
1119 3783 1177 3828 Ero.
1188 3805 1223 3821 -

68 3863 176 3908 connivere
190 3860 296 3927 possum]
315 3864 426 3911 Valerius
442 3858 538 3911 Probus
554 3880 579 3924 p.
596 3864 668 3910 1482.
686 3864 829 3913 Scholiasta.
842 3865 872 3913 T.
890 3869 1006 3913 consulere
1020 3873 1116 3924 possunt
1128 3868 1221 3913 licon-

68 3946 131 3990 tulere
152 3949 196 3993 sibi
214 3953 313 4006 possunt
331 3949 390 3996 Em.
406 3973 441 3988 -
456 3964 480 3995 se
501 3952 526 3995 in
547 3945 613 4013 urbe]
628 3949 712 3996 -Tuta
730 3950 755 3994 in
772 3949 827 3994 urie
838 3946 867 3992 vse
883 3948 941 3995 Ern.
958 3973 991 3987 -
1008 3950 1047 3994 aed
1064 3964 1091 3994 ne
1110 3950 1222 4005 inceptum

69 4025 95 4074 ll.
109 4055 139 4070 -
154 4036 254 4080 consules
271 4033 364 4095 eeseP.

127 4139 194 4201 528.
211 4143 325 4207 maxiano]
344 4143 418 4191 TllP.
440 4144 486 4190 Ed.
513 4144 586 4190 1474.
609 4145 725 4190 maximae
739 4143 799 4188 Ἐιιι.
816 4166 849 4181 -·
863 4144 969 4200 pericula
985 4142 1088 4186 maximo
1105 4138 1134 4184 Ρ.
1150 4160 1185 4177 -
1201 4144 1223 4183 et

70 4218 136 4287 met]
153 4224 225 4274 TRP.
241 4244 270 4273 uc
286 4242 350 4275 moa.
366 4228 424 4275 Ern
440 4252 472 4270 -ι
490 4229 545 4287 imp.
562 4229 763 4275 solontan.-
781 4229 894 4289 Quirites,
911 4228 980 4273 sili.
993 4219 1114 4289 (ιιοιιΤ.)
1132 4248 1166 4261 -
1184 4226 1222 4268 rte·

71 4306 167 4372 duent]
184 4312 235 4361 Tu.
253 4316 389 4363 deduxerint
404 4316 462 4362 Ero.
475 4313 670 4360 -deiecera'tR
682 4336 714 4350 -
726 4314 841 4359 attinetur
857 4310 916 4358 ΤΡ.
926 4308 990 4406 (uon
1009 4305 1055 4373 lt:)
1070 4329 1104 4345 ·-
1117 4310 1223 4366 utusque

72 4389 133 4439 ΡΜ
148 4399 274 4459 quiequam]
296 4399 371 4448 TRP.
388 4405 413 4446 ut
428 4414 456 4447 ne
472 4401 523 4462 quis
540 4400 610 4445 innuo
627 4398 709 4444 Eum·
