2850 4759
226 286 285 354 ιιι
448 360 452 367 ,
692 279 927 350 crcrronrs

43 481 47 490 ⁴
125 515 130 520 ,
227 446 306 514 tatis
327 443 445 524 liuius,
467 441 703 525 exstinguendi
718 443 868 527 imperii,
890 439 1052 509 delendae
1067 442 1178 527 urbis,
1198 440 1274 508 anibi
1287 440 1367 509 maio

226 572 300 618 rem
321 547 385 615 bae
406 570 461 616 res
483 546 636 615 dolorem
659 570 760 631 quarn
777 548 820 639 Q.
835 546 1039 626 Hortensio,
1062 544 1141 614 mihi
1158 547 1262 614 maius
1276 544 1365 613 odium

227 655 351 723 afferre
380 652 521 730 debent,
553 672 667 720 uicum
696 648 842 733 denique
868 652 1007 731 gravius
1034 672 1109 720 esse
1133 651 1304 729 iudicium,
1328 652 1368 732 qui

225 757 438 826 aaliuvandus
460 757 493 824 in
508 754 560 828 his
575 758 705 835 causis,
727 757 782 840 qui
798 754 1065 839 oppragnandus,
1087 755 1143 838 qui
1158 753 1367 838 defendendus,

229 862 285 946 qui
306 860 512 954 deserendus
534 880 609 930 esse
629 859 811 928 vibratura
844 860 913 938 lta,
944 860 1067 943 inquit:
1100 873 1135 925 tu
1156 861 1244 926 enirn
1264 860 1369 925 investi·
1394 847 1395 942 l

188 968 335 1048 agaso,
368 983 403 1032 ιιι
431 964 620 1049 patefecisti
648 964 929 1031 coniurationem.
974 963 1076 1056 Quod
1098 985 1177 1034 curu
1199 962 1293 1040 dicit,
1321 984 1395 1030 ιιι

229 1067 390 1147 attendit,
423 1090 521 1149 euin,
552 1068 608 1151 qui
634 1067 852 1151 patefecerit,
885 1067 951 1135 hoc
978 1088 1135 1143 curasse,
1166 1079 1207 1133 ut
1232 1053 1395 1146 'adonici‘

230 1172 401 1252 viderent,
440 1170 531 1257 quod
559 1186 659 1239 antea
687 1173 811 1239 fuisset
837 1172 1021 1240 occultum.
1065 1170 1211 1262 Quare
1203 1182 1266 1239 ista
1283 1169 1395 1276 eoniu

229 1280 336 1364 ratio,
366 1276 396 1345 si
420 1276 592 1360 patefacta
616 1297 678 1360 per
704 1297 759 1344 sne
787 1287 857 1358 est,
890 1289 957 1343 tam
985 1287 1080 1359 patet
1099 1275 1286 1343 Hortensio
1298 1233 1395 1356 quaml

229 1380 323 1452 suilri.
366 1380 478 1472 Quem
500 1402 579 1448 curn
600 1379 717 1448 videas
738 1379 870 1448 honore
898 1379 982 1467 boc,
1015 1382 1240 1458 auctoritate,
1267 1377 1395 1450 virtute,

229 1482 373 1554 consilio
396 1483 585 1567 praeditum
607 1507 676 1554 ιιοιι
698 1481 871 1553 dubitasse
893 1485 972 1569 quin
993 1484 1262 1567 iunocentemP
1277 1478 1371 1548 Sullam

229 1586 448 1666 defenderet,
470 1609 616 1672 quaero,
639 1610 701 1656 eur
723 1613 780 1673 qur
770 1588 911 1658 aditus
933 1588 975 1658 ad
994 1609 1133 1655 causam
1149 1587 1395 1694 Hortensiana

232 1692 352 1773 tuerit,
385 1690 467 1760 rnihi
496 1689 701 1761 interclusus
727 1713 803 1761 esse
825 1694 987 1760 debuerit.
1031 1692 1168 1783 Quaero
1191 1689 1271 1757 illud
1290 1661 1395 1763 etiam,

230 1796 261 1864 sl
282 1816 356 1876 me,
386 1797 442 1880 qui
465 1791 628 1876 defendo,
656 1794 970 1879 reprehendendum
993 1808 1091 1879 putas
1113 1817 1207 1881 esse,
1235 1794 1306 1879 quid
1324 1805 1372 1857 tau·

230 1899 310 1967 alem
340 1898 381 1966 do
409 1898 461 1968 his
491 1900 666 1968 existimes
696 1901 840 1968 surnruis
868 1901 948 1967 viris
975 1912 1009 1967 et
1035 1898 1235 1968 clarissimis
1264 1897 1371 1972 civibus,

233 2026 375 2086 quorum
389 2002 501 2073 studio
516 2015 552 2071 et
564 2001 727 2086 dignitate
741 2001 904 2073 celebrari
919 2002 986 2072 hoc
999 2002 1183 2083 iudicium,
1205 2004 1309 2073 ornari
1321 2022 1373 2067 cau

231 2128 326 2184 sain,
361 2106 496 2175 defendi
525 2106 625 2175 huius
651 2108 876 2174 innocentiam
905 2106 1016 2176 vides:
1049 2132 1118 2176 non
1146 2110 1237 2177 enim
1262 2129 1321 2178 una
1340 2114 1374 2170 est

166 2285 171 2294 „
233 2212 319 2279 ratio
341 2211 557 2310 defensionis·
570 2234 626 2291 ea,
646 2232 732 2295 quae
753 2215 863 2294 posita
884 2224 937 2279 est
950 2214 983 2280 in
999 2214 1170 2295 oratione3
1193 2234 1322 2290 omues,
1337 2207 1373 2291 qui

232 2314 378 2395 adsunt,
414 2316 471 2399 qui
498 2314 674 2401 laborant,
710 2316 766 2399 qui
794 2313 926 2383 salvum
953 2314 1100 2393 volunt,
1133 2339 1199 2400 pro
1227 2339 1286 2385 sua
1305 2324 1374 2398 parte

193 2427 212 2491 5
234 2432 336 2504 atque
364 2419 568 2492 auctoritate
594 2418 791 2486 defendunt.
838 2423 893 2486 An
920 2417 1013 2488 rero
1032 2422 1066 2487 in
1094 2422 1218 2504 quibus
1246 2415 1375 2489 subselliis

235 2522 319 2591 haec
342 2535 543 2598 ornamenta
563 2544 604 2590 ao
623 2520 758 2589 lumina
779 2523 827 2590 rei
850 2523 1004 2606 publicae
1024 2523 1175 2592 viderem
1183 2574 1196 2612 ‚
1230 2526 1263 2593 in
1275 2522 1324 2589 *his
1340 2537 1376 2586 ue

235 2646 398 2710 apparere
418 2621 564 2713 nollem,
587 2649 732 2710 quorum
754 2648 818 2708 cgo
840 2626 935 2695 illum
957 2629 990 2696 iu
1013 2627 1128 2697 locurn
1150 2640 1254 2712 atque
1272 2629 1302 2694 iu
1316 2622 1376 2691 hauc

235 2728 460 2799 celsissimam
488 2730 602 2799 sedem
633 2730 806 2811 dignitatis
833 2741 933 2812 atque
960 2719 1101 2800 honoris
1128 2732 1247 2800 multis
1268 2731 1377 2797 meisac

238 2835 370 2920 magnis
391 2831 562 2904 laboribus
583 2834 796 2917 etpericulis
817 2832 1097 2903 adscendissent?
1123 2842 1239 2920 Atque
1259 2846 1295 2901 ut
1309 2825 1377 2899 intel·

238 2936 344 3020 ligas,
366 2939 560 3023 Torquate,
581 2960 682 3022 quern
704 2958 863 3015 accuses,
885 2938 912 3003 si
936 2948 967 3004 te
987 2939 1021 3006 id
1043 2939 1202 3022 offendit,
1225 2936 1308 3024 quod
1324 2955 1377 3013 egb

234 3045 292 3125 qui
313 3042 378 3111 hoc
399 3065 522 3125 genere
544 3043 749 3127 quaestionis
772 3040 979 3109 defenderim
1002 3044 1191 3122 nerninem,
1213 3067 1281 3111 non
1300 3037 1377 3130 desim

236 3148 274 3212 Ρ.
305 3146 434 3225 Sullae,
471 3145 652 3214 recordare
681 3146 723 3214 de
751 3141 893 3223 ceteris,
933 3134 1016 3230 quos
1043 3140 1164 3214 adesse
1191 3146 1271 3213 huic
1295 3140 1375 3210 vides:

233 3247 400 3331 intelliges
427 3262 461 3318 et
489 3250 531 3319 de
558 3248 625 3320 hcc
654 3263 687 3318 et
709 3249 750 3318 de
771 3251 893 3319 ceteris
914 3250 1076 3319 iudicium
1097 3272 1213 3319 meum
1236 3247 1377 3318 ethorum

236 3441 428 3458 ——Q

302 3568 355 3632 54.
370 3584 415 3628 per
432 3584 467 3615 ms
484 3569 533 3632 est]
552 3572 586 3614 eat
600 3582 643 3625 per
659 3567 792 3614 msl'-
814 3567 843 3611 da
858 3567 895 3611 llis
911 3564 1037 3627 aalma]
1061 3565 1122 3611 Curn
1144 3563 1173 3610 P.
1197 3564 1289 3610 Mauut
1308 3559 1395 3650 Repell

236 3654 320 3701 bamb.
338 3655 443 3702 habeant
460 3657 576 3700 existimes
593 3655 622 3699 de
639 3655 689 3706 bis,
715 3652 782 3698 illum
800 3667 840 3700 vv.
858 3651 981 3704 ordinem,
1013 3650 1053 3712 qui
1070 3657 1151 3697 tamen
1169 3655 1205 3697 est
1222 3648 1293 3695 etiam
1307 3644 1327 3691 iu
1340 3613 1395 3714 ltrl

236 3740 300 3799 tina,
318 3756 334 3787 a
352 3741 458 3788 Grutero
476 3740 583 3786 tacitae
602 3738 680 3787 Codd.
699 3737 832 3799 repositum
850 3736 1029 3785 essearbitror.

304 3892 475 3956 §bsquorum
492 3903 536 3949 ago
554 3884 632 3949 illam]
660 3888 702 3936 stc
725 3886 798 3935 Bora.
822 3887 915 3935 Gener.
938 3886 989 3933 Cir.
1012 3885 1151 3933 Editionem
1168 3897 1246 3932 meam
1263 3880 1314 3928 rusi.
1340 3874 1377 3920 F⁴¹²

237 3979 284 4036 „iu
302 3992 439 4044 quorum
424 3978 504 4026 locum
520 3975 588 4021 illum
605 3974 722 4035 insignem
739 3987 769 4020 ac
786 3974 947 4034 praeclarum.
964 3997 999 4014 -
1025 3986 1122 4032 qaorum
1145 3986 1189 4029 ego
1209 3983 1281 4027 ma
1295 3955 1395 4020 ιἰἱνιΡί

237 4064 329 4124 Volgo.
354 4062 405 4109 Alii
429 4059 785 4119 ops,opers,uasilio.1n
810 4058 895 4120 quibus
916 4059 1012 4117 duplex
1035 4064 1071 4103 est
1086 4056 1270 4104 incommodum.
1301 4046 1395 4122 Delfldq

237 4146 300 4192 eninr
318 4160 369 4191 esse
386 4155 482 4202 quornm
499 4157 543 4201 ego
560 4157 631 4200 opera
651 4146 709 4188 bunc
727 4150 787 4199 cet.;
805 4151 854 4189 tum
872 4156 921 4204 qua
938 4149 991 4187 erat
1015 4142 1050 4188 sui
1073 4141 1151 4187 meriti
1174 4136 1314 4187 couscientia
1327 4140 1395 4196 pn?

237 4229 315 4283 ditus,
332 4228 421 4274 Cicero
439 4241 559 4288 uunquam
577 4228 692 4281 dixisset,
709 4243 736 4273 se
754 4227 916 4274 consularium
933 4227 1029 4273 illorum
1047 4241 1126 4286 opera
1143 4228 1175 4273 ad
1193 4224 1395 4286 consulatum·
1394 4169 1395 4258 l

238 4314 344 4367 vonisse,
362 4312 432 4374 quid,
451 4314 515 4374 quod
533 4313 614 4360 statim
631 4312 752 4374 sequitur,
776 4326 826 4374 qua
843 4327 869 4359 re
886 4313 970 4360 consul
988 4304 1071 4359 faedus
1083 4311 1128 4358 siti
1151 4310 1202 4358 scil.
1219 4308 1295 4360 uuas
1308 4289 1395 4358 suissi]

239 4396 331 4457 magnis
349 4395 472 4443 laboribus
490 4402 514 4442 et
531 4396 652 4456 periculis.
1175 4415 1178 4417 ’
