2850 4759
266 298 437 372 ORATIO
462 300 711 373 Ptttttertcs
734 306 800 393 lL,
822 324 851 374 c.
872 306 911 371 1⁶
929 319 963 376 et
982 309 1032 374 17.
1161 307 1219 372 383

33 471 178 528 ratrem
218 458 432 530 exheredans
462 472 496 530 te
522 461 668 532 faciebat
691 461 862 533 heredem.
903 464 943 534 ln
969 463 1093 534 multas
1122 487 1218 550 prae·

37 577 146 633 terea
171 567 332 650 pecunias
358 563 641 636 alienissimorum
669 566 842 637 homiuum
872 571 987 638 eiectis
1012 572 1103 638 reris
1123 568 1218 637 here-

37 670 152 739 dibus
179 682 349 754 tamquam
378 671 476 739 beres
504 685 612 752 esset,
647 672 781 743 invasit.
825 675 1039 765 Quamquam
1060 675 1126 742 hoe
1147 697 1217 743 ma·
1235 690 1275 751 42

37 776 144 842 xime
166 775 465 854 admiratus-sum,
486 777 692 846 mentionem
714 789 746 845 te
766 775 991 846 hereditatum
1005 799 1125 847 ausum
1139 800 1216 847 csse

37 881 183 969 facere,
210 900 289 947 cum
313 880 386 962 ipse
405 876 625 948 hereditatem
645 882 751 964 patris
771 904 839 949 non
856 882 1001 951 adisses.
1064 942 1066 947 ⁴
1106 889 1128 955 ¹.

127 983 246 1051 XVll.
286 982 379 1050 ilaec
399 993 437 1049 ut
457 981 652 1073 colligeres,
673 984 776 1053 homo
797 987 1043 1067 amentissime,
1071 999 1123 1055 tot
1144 987 1214 1056 dies

38 1087 77 1153 in
104 1085 214 1154 aliena
231 1083 313 1153 villa
331 1084 547 1167 declamasti,
568 1108 772 1172 quamquam
790 1098 825 1154 tu
841 1088 973 1174 quidem
988 1094 1040 1167 (ut
1054 1094 1102 1159 tui
1117 1092 1215 1160 santi—

37 1185 221 1256 liarissimi
239 1180 408 1270 dictitant)
427 1190 496 1258 vini
516 1189 694 1258 exhalandi
701 1222 721 1280 ,·
733 1214 803 1260 uon
819 1193 942 1275 ingenii
956 1196 1097 1263 acuendi
1111 1216 1214 1264 carrea

38 1291 234 1363 declamas.
274 1292 319 1361 Et
345 1314 429 1363 vero
456 1291 593 1363 adhibes
618 1294 683 1362 ioci
703 1314 806 1365 causa
826 1299 1027 1378 magistrum
1049 1300 1212 1382 suffragio

43 1409 107 1465 tuo
126 1408 164 1465 et
186 1408 426 1481 compotorum
454 1409 611 1477 tuorum,
637 1395 829 1480 rhetorem,
855 1403 910 1470 oui
929 1405 1152 1492 concessisti,¹
1175 1407 1214 1472 ut

19 1505 156 1580 inte,
184 1522 270 1585 quae
293 1499 411 1582 vellet,
438 1500 585 1582 diceret,
614 1500 743 1571 salsum
767 1507 906 1573 omnino
928 1505 1118 1576 hominem:
1151 1510 1212 1578 sed

19 1640 20 1643 π
44 1604 192 1672 materia
218 1603 326 1674 facilis
351 1606 460 1674 estin
486 1619 520 1675 te
543 1607 635 1675 etin
662 1619 740 1677 tnoa
765 1607 855 1678 dicta
879 1608 1005 1678 dicere.
1046 1611 1131 1680 Vide
1153 1634 1213 1680 au·

44 1722 134 1798 tem,
153 1706 236 1793 quid
257 1709 389 1778 intersit
410 1711 499 1781 inter
519 1722 552 1778 te
572 1723 606 1779 et
624 1732 725 1781 avum
743 1724 856 1781 tunm.
896 1712 958 1782 llle
977 1715 1103 1785 sensim
1124 1715 1213 1785 dice·

20 1815 122 1893 bat,
155 1812 252 1898 quod
282 1835 409 1882 causae
438 1814 634 1899 prodesset3
671 1827 708 1884 tn
735 1818 863 1886 cursim
894 1817 978 1887 dicis
1010 1818 1127 1890 aliena.
1165 1824 1212 1889 At
1231 1837 1272 1898 43

43 1927 172 2002 quanta
203 1937 334 1985 merces
365 1915 495 1986 rhetori
529 1917 608 1988 data
635 1921 704 1993 esti
744 1920 890 2002 Audite,
925 1920 1056 2010 audite,
1089 1924 1210 1994 Patres

19 2021 251 2105 conscripti,
280 2033 318 2088 et
341 2023 537 2106 cognoscite
559 2022 607 2090 rei
637 2020 792 2106 publicae
817 2023 966 2093 volnera.
1013 2027 1090 2094 Duo
1120 2027 1212 2096 milia

44 2127 202 2206 iugerum
227 2125 340 2208 campi
365 2126 519 2193 Leontini
546 2125 627 2193 Sex.
652 2125 772 2194 Clodio
798 2116 926 2195 rhetori
949 2129 1151 2212 assignasti,
1177 2142 1212 2197 et

44 2230 183 2312 quidem
213 2228 394 2309 immunia,
412 2241 465 2297 ut
483 2226 609 2313 ¹populi
639 2229 785 2298 Romani
818 2242 911 2300 tanta
939 2232 1097 2299 mercede
1115 2232 1211 2301 ‘nihil

43 2350 167 2418 sapere
195 2331 354 2404 disceres.
402 2332 494 2401 Num
522 2334 621 2401 etiam
653 2331 739 2414 boc,
768 2333 873 2402 homo
898 2335 1135 2415 audacissime,
1165 2356 1210 2404 ex

19 2482 20 2493 κ
46 2437 202 2505 Caesaris
222 2436 504 2511 narrentanas
524 2434 589 2505 Sed
610 2435 733 2507 dicam
747 2437 812 2507 alio
831 2436 907 2507 loeo
928 2436 1027 2507 etde
1046 2441 1210 2511 Leontino

44 2557 130 2623 agro
154 2550 192 2607 et
214 2526 265 2608 de
280 2542 472 2624 Campano:
494 2560 579 2625 quos
603 2543 792 2624 isteagros
824 2538 959 2627 ereptos
975 2545 1032 2612 rei
1056 2543 1209 2627 publicae

44 2644 250 2728 turpissimis
281 2644 535 2727 possessoribus
567 2646 763 2731 inquinavit.
810 2645 882 2718 tan
913 2651 1020 2726 enirn,
1051 2650 1208 2730 quoniam

47 2748 244 2816 criminibus
264 2748 337 2815 eins
362 2747 444 2816 satis
464 2749 643 2833 respondi,
673 2749 715 2817 de
734 2751 811 2833 ipso
836 2751 1054 2821 emendatore
1072 2766 1112 2823 ,et
1135 2773 1210 2823 eor·

45 2860 181 2922 rectore
206 2863 325 2923 nostro
359 2850 521 2936 quaedam
556 2842 697 2923 dicenda
727 2865 819 2921 sunt.
868 2855 941 2923 Nec
973 2856 1061 2925 enim
1095 2858 1210 2926 omnia

46 2956 236 3044 effundam,
264 2969 319 3040 ut,
347 2957 375 3024 si
399 2956 532 3041 saepius
551 2955 793 3025 decertandum
813 2959 873 3046 sit,
903 2970 943 3026 ut
962 2960 1043 3039 erit,
1073 2982 1209 3046 semper
1240 2998 1242 3000 ·

47 3081 155 3130 novus
179 3060 329 3141 reniam3
348 3082 450 3144 quam
470 3057 667 3129 facultatem
687 3060 770 3130 mihi
789 3060 977 3133 multitudo
990 3063 1088 3134 istius
1108 3063 1209 3133 sitio·

48 3159 123 3232 runs
149 3176 433 3248 peccatorumque
446 3161 612 3245 «largitur.
775 3178 777 3183 ’

50 3281 241 3305 -σ--ὰ
281 3284 286 3294 “

49 3365 73 3398 ae
90 3359 171 3397 nemen
188 3349 278 3409 paridem
293 3350 448 3408 perscripsitr
463 3350 485 3393 ta
509 3342 581 3393 Bern.
602 3342 683 3397 canett.
705 3342 765 3394 lists.
781 3372 815 3387 ·-
831 3351 856 3395 οι·
871 3322 1037 3399 mentxem.
1054 3351 1135 3401 Gnett.
1154 3352 1208 3402 lde·

49 3444 122 3486 retu·
154 3432 230 3483 Mon
252 3438 316 3481 herm
333 3447 405 3489 esses,
430 3435 535 3480 inamata·
551 3433 582 3480 de
598 3432 734 3483 nummu
751 3430 816 3481 coni.
833 3435 944 3484 Sebaste

116 3537 185 3611 hili.
200 3544 288 3605 petru]
305 3544 343 3618 M,
361 3541 462 3591 Antonii
479 3539 568 3590 Cretici
574 3569 586 3612 q⁸
598 3541 640 3604 qui
657 3535 708 3590 ttlo
725 3539 785 3590 nihl!
801 3544 940 3608 reliquerat.
952 3569 985 3582 -
998 3549 1034 3592 tot
1048 3544 1107 3609 dies]
1125 3547 1208 3596 xvlt.

50 3628 100 3683 Gir,
121 3629 181 3676 Phil.
200 3628 229 3687 b,
246 3630 272 3677 7,
288 3644 322 3669 a.
347 3629 371 3674 iss
392 3631 468 3674 sume
489 3625 557 3688 cillo]
579 3621 604 3674 ht
628 3620 755 3676 Tiburtino
778 3628 807 3682 Q.
825 3629 918 3675 Metelli
937 3627 1072 3691 Scipionis,
1095 3631 1208 3695 Pompeii

51 3713 131 3778 magni
145 3714 238 3770 meari,
266 3713 308 3776 qni
330 3713 436 3775 perierat
457 3712 481 3759 in
503 3712 597 3759 Africa.
613 3735 648 3748 -·
664 3715 727 3758 dieta
749 3709 835 3777 dicere]
858 3713 875 3761 i.
893 3728 915 3760 e.
938 3715 1059 3764 deteriore
1077 3718 1209 3767 Latinitate

50 3801 159 3854 Mais,
186 3801 275 3857 uttsr'ge
296 3798 413 3858 Eiqr'dlle,
443 3798 586 3856 apostema.
603 3820 637 3836 ·-
659 3797 808 3845 hamatis
826 3798 919 3847 Sicilia.
952 3801 1074 3858 „Nultum
1091 3809 1127 3849 eat
1144 3804 1209 3849 nrbis

46 3884 177 3949 proprisos
191 3894 289 3940 men,
315 3884 358 3929 sed
380 3894 505 3930 commune
521 3883 648 3943 popalo.“
681 3883 777 3942 Zumpt.
794 3884 826 3930 ad
843 3882 914 3934 Vere.
933 3883 1038 3945 pasl.
1054 3911 1089 3925 -
1102 3885 1209 3946 pictatia]

47 3969 105 4024 κατ’
123 3968 256 4034 sipontino.
273 3992 304 4004 -
322 3968 391 4014 XIV.
408 3958 542 4027 ordinibus}
561 3965 705 4024 „Gradibns
726 3967 760 4028 iu
773 3968 885 4027 uano,
914 3967 938 4016 in
955 3969 1041 4032 quibus
1058 3984 1091 4016 ex
1109 3971 1163 4030 legs
1181 3971 1208 4015 t.

52 4050 136 4105 Roscii
150 4052 252 4101 Othonis
270 4057 380 4113 equester
396 4054 458 4099 ordo
475 4051 586 4098 sedebeta
610 4051 748 4106 orchestra,
765 4050 790 4099 id
807 4059 855 4110 est,
875 4068 934 4100 area
951 4055 1053 4108 theatri,
1071 4060 1208 4106 senatorum

53 4142 114 4191 erat.
146 4137 262 4186 Antonius
279 4144 359 4183 autern
377 4151 449 4198 eques
466 4137 527 4191 Ro„
545 4138 650 4183 nondum
666 4143 765 4184 senator
781 4144 833 4183 erat
851 4152 882 4184 eo
899 4141 1035 4198 tempore.“
1052 4140 1158 4184 Illnaur.
1177 4163 1209 4178 .-

52 4224 179 4273 muliebrem
196 4221 286 4285 togam]
304 4221 408 4268 feminae
424 4221 524 4267 infames
542 4227 566 4267 et
583 4220 688 4269 libertini
704 4221 799 4282 generis
816 4227 890 4282 tosa,
920 4230 1046 4270 matronae
1064 4223 1167 4282 pudicae
1183 4228 1208 4269 et

54 4303 153 4362 honesto
179 4312 236 4358 loeo
258 4317 346 4363 natae,
373 4310 438 4358 stols
465 4310 600 4357 utebantur.
623 4309 662 4360 lo.
685 4337 720 4352 -
741 4308 835 4371 stolam]
852 4309 947 4357 Novae
963 4314 1053 4367 nuptae
1071 4307 1207 4366 praetextis

54 4396 137 4460 positis
151 4397 224 4444 stolas
241 4395 378 4452 sumebant,
401 4409 416 4442 a
434 4395 525 4443 meritis
542 4397 637 4444 datas..
