2850 4759
237 266 404 337 orario
426 265 511 336 ruo
536 265 580 359 ρ.
599 223 798 349 arcario,
827 271 982 336 ,aaa
1134 270 1208 373 uo
1267 244 1271 253 ’

38 441 150 501 morte
170 427 351 507 multabat,
386 431 559 512 quisquam
592 430 660 510 egit
692 431 758 496 isto
791 429 905 496 modo.
952 429 1029 510 Ipse
1058 430 1192 498 iubebat
1268 448 1270 455 ·

38 536 158 611 occidi,
191 532 286 599 nulio
319 531 530 616 postrriaute3
564 535 721 616 praemiis
757 535 855 598 etiam
893 535 1074 613 invitabat3
1107 556 1191 617 quae

36 653 141 703 tamea
171 636 352 704 crudelitas
378 638 418 704 ab
448 635 513 704 boo
541 638 657 703 eodem
688 635 814 719 aliquot
841 638 934 704 anuis
962 649 1057 718 post,
1092 659 1192 721 quem

25 754 69 806 tu
93 763 179 809 armo
201 740 370 808 crudelem
390 762 463 809 esse
481 743 551 827 vis,
573 723 740 806 vindicata
761 754 822 807 est.
913 772 916 781 ·

109 848 152 911 V.
191 844 265 925 Ego
282 865 363 910 vero
382 841 470 912 istud
488 867 554 911 noo
569 841 723 926 postulo,
754 845 895 926 inquies.
936 843 987 910 Ita
1003 842 1193 911 mehercule

36 950 205 1027 existimo,
227 949 376 1015 Tubero.
416 947 502 1014 Novi
516 950 605 1013 cuim
621 960 674 1033 te,
693 949 770 1012 novi
790 961 940 1029 patrem,
960 949 1037 1014 novi
1054 948 1192 1014 domum

34 1073 219 1135 nomenque
236 1063 408 1129 vestrum3
427 1050 537 1118 studia
549 1053 681 1130 generis
694 1073 733 1116 ao
744 1051 889 1118 familiae
900 1064 1033 1118 vestrae
1048 1052 1193 1138 virtutiS,

35 1155 258 1230 humanitatis,
281 1154 468 1230 doetrinae,
493 1152 713 1235 plurimarum
732 1157 852 1221 artium
877 1169 975 1238 atque
991 1157 1192 1237 optimarum

33 1272 110 1325 uota
131 1259 211 1325 mihi
233 1271 323 1327 sunt.
363 1259 479 1340 itaque
501 1270 594 1325 certo
607 1260 676 1326 scio
692 1282 754 1326 vos
771 1283 838 1325 nou
856 1271 969 1340 petere
982 1261 1190 1338 sauguinem.
1214 1266 1252 1328 13

35 1365 92 1429 Sed
113 1386 230 1445 parum
253 1361 433 1429 attenditis.
476 1363 540 1428 Res
564 1363 651 1429 euim
673 1383 712 1428 eo
734 1376 860 1444 spectat
869 1413 879 1446 ,
902 1376 939 1433 ut
960 1384 997 1428 ea
1011 1384 1137 1444 poena,
1159 1364 1194 1429 in

37 1488 96 1546 qua
127 1464 237 1532 adhue
266 1466 309 1556 Ω.
341 1465 493 1545 Ligarius
527 1466 587 1544 sit,
618 1490 685 1533 uon
717 1468 897 1534 videamini
926 1486 999 1533 csse
1030 1469 1190 1533 contenti.

39 1569 126 1658 Quae
149 1581 200 1636 est
222 1569 326 1649 igitur
342 1568 407 1634 alia
426 1580 560 1651 praeter
579 1570 755 1636 mortch>
795 1571 826 1637 Si
846 1572 933 1636 euim
953 1583 1004 1636 est
1025 1571 1055 1635 in
1077 1569 1191 1648 exitio,

37 1674 128 1738 sicuti
147 1684 215 1749 est,
237 1671 316 1754 quid
333 1671 475 1753 amplius
493 1672 701 1755 postulatae
731 1697 791 1758 aa,
813 1697 854 1740 ne
875 1674 1097 1755 ignoscatur?
1119 1673 1191 1738 Hoc

36 1799 112 1842 vcro
145 1774 257 1841 multo-
278 1776 430 1844 acerbius
459 1775 633 1859 multoque
659 1778 786 1844 durius.
839 1778 941 1868 Quod
969 1799 1031 1844 nos
1057 1776 1220 1857 [domil'
1290 1840 1297 1851 ,

35 1883 174 1963 petiurus
202 1879 381 1961 precihus,
407 1878 572 1957 lacrimis,
605 1883 702 1947 strati
727 1881 767 1946 ad
790 1881 910 1963 pedes,
939 1905 1006 1946 nou
1040 1893 1106 1946 tam
1132 1904 1192 1946 uo·

36 1996 118 2049 strae
146 2003 268 2050 causae
297 1982 438 2050 fidentes
468 2006 566 2067 quam
596 1982 695 2050 huius
719 1984 935 2060 humanitati,
966 1984 1000 2051 id
1021 2006 1063 2049 ne
1088 1987 1193 2065 impe·

36 2097 175 2164 tremus,
196 2087 387 2169 pugnabisi
419 2099 452 2154 et
472 2089 505 2154 iu
526 2101 684 2184 nostrum
705 2087 821 2153 fletum
846 2088 1042 2169 irrumpesa
1071 2100 1105 2153 et
1128 2110 1190 2156 nos

36 2232 254 2244 u———nn-

36 2330 79 2362 om.
92 2326 138 2363 esee
154 2318 179 2365 b.
191 2342 223 2357 -
233 2319 260 2362 e'cl
276 2332 322 2375 aaa
343 2333 364 2366 e.
376 2344 409 2356 —
423 2316 558 2379 mehercule]
577 2318 640 2378 eglb.
657 2319 767 2363 mehercle
783 2332 849 2364 1.-
862 2332 910 2364 om.
930 2319 1018 2363 moero
1035 2335 1059 2379 g.
1071 2345 1102 2356 -
1116 2321 1191 2364 etudia

35 2402 129 2462 geaerta]
150 2403 198 2462 egl.
220 2404 296 2448 amaia
318 2404 413 2463 denique
433 2404 524 2460 generis
546 2402 585 2451 bv.
602 2426 636 2440 -
651 2401 709 2447 milei
731 2392 798 2460 aaut]
823 2399 951 2469 colomb.
968 2402 1095 2446 mitterent
1112 2404 1190 2446 amaia

35 2488 75 2546 egi.
91 2491 144 2533 eant
160 2489 222 2538 milei,
235 2490 312 2535 amaia
330 2502 353 2535 v.

94 2614 106 2676 1
125 2615 166 2661 13.
189 2619 257 2660 certo
274 2628 315 2659 voe
337 2615 386 2658 ecio
408 2614 431 2663 1,.
441 2637 475 2651 -
492 2628 519 2659 eo
539 2618 632 2672 apertat
649 2626 768 2672 euperecr.
783 2626 815 2659 ee.
833 2616 928 2656 mortem
945 2626 966 2657 e.
985 2626 1012 2656 eo
1028 2615 1124 2661 mortem
1140 2626 1191 2669 epe-

35 2699 112 2745 ctatb.
129 2704 207 2743 —at
228 2689 288 2743 eatae
309 2710 336 2748 ea
359 2698 382 2743 b.
400 2723 434 2736 -
451 2699 525 2743 adbuc
545 2700 658 2756 Liguriae
681 2698 703 2742 b.
721 2722 756 2734 -
772 2700 806 2740 eet
827 2698 851 2740 ia
869 2693 952 2758 exilio]
971 2697 1017 2755 egi.
1037 2699 1059 2740 ia
1077 2698 1150 2740 exitio
1168 2695 1191 2741 b.

35 2787 55 2827 ia
75 2787 147 2830 eailr'o
171 2789 204 2829 eet
225 2799 249 2831 v.
267 2809 300 2821 -
318 2786 424 2841 ignoscat
445 2783 469 2829 b.
493 2797 541 2832 om.
565 2797 605 2830 vv.
627 2797 657 2831 aa
679 2774 706 2825 ae
730 2783 861 2843 ignoscatur
883 2796 907 2840 g.
923 2804 957 2817 -
974 2780 1063 2839 dariae]
1086 2780 1138 2839 egl,
1159 2784 1194 2824 eet

35 2869 105 2914 ituriae
122 2884 147 2915 v.
167 2867 250 2928 (mutto
267 2868 370 2913 acerbius
386 2870 429 2912 hoc
447 2872 495 2922 eet,
521 2867 593 2911 mutto
611 2858 647 2910 eet
660 2867 739 2911 dariae
756 2863 793 2925 b.)
811 2891 842 2901 -
859 2866 920 2925 quor!
936 2879 963 2910 ae
980 2879 1021 2910 voe
1037 2866 1060 2913 b.
1078 2890 1111 2901 —
1128 2866 1192 2909 domi

35 2956 163 3009 suspectum
180 2948 294 2996 Fabricio
313 2954 337 2994 et
354 2949 489 3009 Madvigio.
505 2973 545 2985 -ι
561 2950 670 3011 (petimur
688 2964 770 2995 omnes
788 2949 846 3006 mei,
875 2964 924 2996 nou
945 2946 1071 3007 patrimae.)
1090 2975 1121 2985 -
1134 2932 1190 3004 pre·

35 3036 102 3089 citae,
128 3032 243 3094 taerimte]
268 3034 320 3092 egi.
337 3047 400 3090 pree.
424 3037 446 3078 et
462 3034 521 3084 lara,
538 3032 577 3083 bv.
594 3059 626 3073 —·
641 3037 757 3092 prostrati
774 3034 796 3080 b.
815 3057 847 3072 ·-
864 3035 1009 3079 hamanitatis
1027 3032 1049 3078 b.
1067 3057 1101 3069 -
1118 3046 1190 3089 appu·

35 3120 106 3174 gaabie
123 3120 172 3179 egl.
191 3117 250 3179 (non
268 3116 304 3178 b.)
323 3143 355 3155 ·-
373 3130 476 3177 erumpes
493 3119 509 3164 1.
551 3147 552 3150 =

35 3249 247 3267 Q*-

35 3329 149 3404 aitirioira,
176 3332 224 3404 οὔχ
243 3334 313 3404 υἱὸν,
341 3333 373 3391 oei
389 3346 467 3408 γονεῖς
486 3333 675 3408 barbatorum·
702 3340 736 3407 τῷ
759 3343 781 3391 δ’
799 3334 1061 3409 riaomeiaroae'ya'ouc
1078 3334 1123 3390 ‹ii-o
1141 3334 1190 3390 rai-

34 3421 103 3474 i-‹caru
119 3422 165 3490 τῆς
187 3421 356 3493 ἀνδροφονίας
377 3421 423 3474 aria
444 3424 533 3483 δοῦλος
558 3420 693 3489 δεσπότην,
722 3420 767 3475 κᾶν
789 3430 886 3494 πατέρα
903 3422 959 3482 υἱὸς
974 3418 1056 3493 (italia.
1077 3442 1099 3472 a.
1122 3441 1144 3472 u.
1168 3441 1190 3471 c.

36 3507 84 3554 ore.
100 3535 133 3548 ·-
150 3509 278 3571 vindicata]
297 3511 363 3557 Suet.
382 3511 451 3558 Caes.
472 3513 511 3556 11.
546 3513 577 3556 In
599 3514 724 3557 exercenda
741 3513 768 3557 de
786 3514 878 3556 sicariis
898 3515 1027 3571 quaestione
1049 3526 1086 3555 eoe
1104 3524 1191 3570 quoque

35 3594 164 3640 sicariorum
187 3608 279 3640 numero
303 3597 395 3651 babuit,
421 3599 460 3655 qut
477 3599 650 3654 proscriptione
674 3598 702 3642 ob
725 3599 799 3641 relata
821 3599 903 3642 ciuium
930 3597 1006 3653 capita
1029 3599 1138 3653 pecuniae
1161 3611 1191 3640 ea

35 3680 118 3722 aerario
137 3684 275 3736 acceperant
293 3695 316 3725 a.
336 3695 359 3726 u.
377 3695 398 3726 c.
414 3682 522 3731 691-
541 3685 595 3726 noui
612 3682 714 3749 patrem]
737 3685 763 3728 L.
782 3681 878 3727 Aelium
893 3679 1057 3737 Tuberonem,
1074 3680 1114 3741 qui
1133 3679 1190 3725 scri·

36 3761 76 3816 psit
98 3763 233 3809 historiam.
253 3767 284 3809 ad
310 3765 339 3817 Q.
363 3765 393 3811 fr.
413 3766 440 3821 l,
461 3767 481 3810 1.
500 3765 544 3811 cfr.
562 3767 592 3812 de
616 3767 697 3819 Quiriti
718 3781 815 3829 quoque
834 3765 968 3812 Tuberonis
985 3765 1134 3812 accusatoria
1150 3766 1190 3810 Li·

36 3846 89 3913 gerii
108 3847 212 3895 historie
233 3849 332 3895 Krauaii
350 3849 419 3897 Vites
436 3849 490 3896 hiet.
511 3852 582 3897 Rom.
602 3850 711 3898 Berolioi
732 3853 803 3898 1833.
823 3865 847 3910 p.
868 3850 926 3895 321.
945 3875 976 3885 —
993 3850 1093 3909 generis]
1114 3849 1190 3909 gentis

36 3929 178 3988 tellemar
198 3947 247 3993 que
262 3948 285 3980 v.
301 3948 323 3979 c.
341 3934 432 3981 Sextus
448 3934 530 3980 Aetius
547 3936 634 3990 Catus,
660 3938 719 3980 iuria
744 3937 833 3994 quictem
854 3936 930 3979 ciuilis
955 3937 1055 3995 amatum
1075 3936 1190 4001 peritissi-

36 4025 91 4068 mue,
107 4019 146 4062 aad
164 4020 232 4062 etiam
250 4020 415 4086 aridicerutam
428 4025 543 4076 paratae,-
566 4022 596 4066 de
614 4022 683 4066 Orat.
701 4021 729 4077 l,
746 4021 793 4077 45,
813 4021 869 4065 198.
905 4020 931 4064 1..
950 4019 1033 4065 Aelius
1055 4019 1118 4064 scito
1138 4032 1188 4061 eru·

37 4097 150 4146 ditissimae
173 4107 195 4147 et
214 4103 309 4148 Graecia
326 4105 415 4171 tittera'e
426 4108 449 4147 et
465 4105 556 4148 latinia
572 4107 757 4164 antiquitatieque
776 4107 957 4162 scriptorumque
974 4107 1072 4156 ueterum
1091 4104 1190 4146 litterate

35 4185 129 4239 ratem,
156 4184 223 4233 Brut.
245 4186 291 4241 56,
316 4189 374 4233 205.
397 4214 428 4226 -
446 4185 566 4251 samaiae]
585 4188 753 4242 Tuberonum,
782 4189 843 4235 iuter
863 4202 923 4250 quoe
943 4187 1039 4233 illustris
1058 4193 1111 4232 eret
1131 4199 1190 4229 arua
1276 4228 1279 4240 ,

38 4271 173 4316 accusatorie
191 4271 220 4323 Q.
240 4270 324 4318 Aetius
343 4271 455 4330 Tubero,
479 4272 587 4327 Stoicae,
612 4275 649 4318 uir
670 4275 770 4319 eruditae
785 4278 813 4323 ,et
834 4276 938 4319 tonatur
959 4273 1027 4316 bomo
1046 4275 1069 4314 et
1089 4269 1190 4322 nobilem

38 4360 77 4404 pro
93 4352 192 4400 Morene
210 4355 258 4413 36,
276 4355 316 4401 75.
1075 4366 1076 4369 ’
1181 4341 1186 4351 ’
