2850 4759
181 268 354 343 onarro
380 265 636 339 rnrsrrrton
657 266 723 356 ιι,
752 286 783 336 a.
806 267 864 353 rs,
885 268 925 334 n
943 278 977 335 a
997 269 1047 340 ao.
1154 272 1214 338 asa

24 430 146 499 indite
159 452 230 499 non
248 450 380 515 posses.
422 426 487 499 Sed
505 428 672 515 reliquum
689 430 781 498 vitae
800 449 941 499 cursum
957 428 1088 510 sidetes
1109 449 1211 514 quern

24 534 162 617 niden
187 532 345 602 celeriter
366 534 610 617 perstringam.
651 532 705 602 sd
731 532 815 600 baec
831 534 939 610 enim,
962 552 1049 615 quae
1070 531 1212 600 incivili

24 636 132 723 tello,
154 636 188 704 in
213 636 373 703 maximis
398 634 622 717 reipublicae
646 634 791 703 miseriis
811 634 894 702 fecit
913 645 948 700 et
969 634 1011 701 ad
1036 652 1092 713 ea,
1125 656 1212 717 quae

24 739 178 825 quotidie
206 739 307 815 lacit,
330 738 469 805 festinat
494 737 640 804 animus.
684 736 784 827 Quae
806 749 905 820 peto,
928 748 983 822 ut,
1006 758 1211 821 quamquam

24 843 135 911 nulto
161 842 298 910 notiora
318 840 414 907 vobis
440 858 541 923 <luam
568 838 649 905 nribi
673 852 769 917 sunt,
793 850 923 922 tamen,
946 851 985 903 ut
1006 838 1138 916 facitis,
1160 849 1212 904 at-

24 958 117 1013 ,ente
139 942 299 1011 audiatis.
341 941 450 1009 Debet
471 942 561 1008 eninr
588 938 710 1007 talibus
735 943 768 1006 in
785 942 886 1006 rebus
904 941 1056 1006 excitare
1077 941 1210 1007 animos

24 1069 89 1113 ron
109 1043 268 1124 cognitio
292 1040 404 1109 solum
429 1062 562 1117 rernm,
594 1040 655 1135 sed
684 1043 783 1108 stiam
809 1041 1016 1112 recordatio.
1056 1042 1211 1110 Tametsi

24 1146 216 1215 ‚ueidamus
233 1154 370 1226 oportet
384 1142 511 1230 media,
529 1164 572 1210 ne
587 1143 686 1210 nimis
701 1164 779 1212 sero
792 1144 832 1209 ad
849 1155 1004 1211 extrema
1019 1146 1209 1212 veniamus.

99 1247 250 1314 lntimus
270 1246 395 1312 eratin
418 1246 589 1313 tribunatu
610 1244 752 1321 Clodio,
773 1246 829 1328 qui
848 1266 909 1312 sna
931 1267 1013 1327 erga
1033 1268 1088 1313 me
1110 1249 1210 1313 bene·
1230 1236 1272 1299 4⁸

24 1351 99 1418 beia
138 1359 409 1425 commemorem
443 1347 515 1415 eius
546 1348 699 1415 omnium
729 1346 965 1415 incendiorum
997 1350 1075 1425 fax3
1111 1351 1210 1421 cuius

24 1454 131 1519 etiarn
154 1450 248 1517 domi
272 1453 341 1527 iarn
370 1460 442 1515 turn
474 1448 635 1532 quiddam
672 1449 811 1517 molitus
843 1462 908 1517 est.
966 1450 1058 1542 Quid
1084 1450 1210 1534 dicam,

24 1556 95 1638 ipse
120 1553 250 1636 optime
276 1548 443 1631 intelligit.
494 1550 578 1618 inde
606 1551 671 1617 iter
694 1550 948 1619 Alexandream
970 1567 1090 1623 contra
1111 1577 1212 1624 sena-

23 1669 80 1725 tus
108 1655 371 1730 auctoritatem,
403 1664 525 1726 contra
554 1673 627 1722 rem
659 1651 828 1734 publicam
856 1667 890 1720 et
914 1653 1115 1736 religiones:
1147 1658 1211 1727 sed

24 1757 172 1825 babebat
191 1755 314 1822 ducem
338 1752 542 1843 Gabinium,
564 1754 702 1836 quicum
724 1754 856 1838 quidvis
881 1754 1070 1826 rectissime
1094 1760 1211 1828 facere

24 1870 156 1942 posset,
198 1856 269 1948 Qui
289 1866 362 1922 tum
385 1854 468 1922 inde
488 1855 618 1926 reditus
639 1867 700 1922 aut
722 1856 859 1939 qualis?
881 1859 979 1927 Prius
998 1860 1033 1927 in
1053 1858 1211 1930 ultimam

24 1960 172 2028 Galliam
208 1979 253 2024 ex
289 1959 468 2040 Aegypto,
505 1978 608 2041 quarn
643 1957 795 2028 domum.
849 1959 947 2050 Quae
982 1975 1096 2031 antem
1136 1979 1212 2034 erat

24 2060 179 2130 domus?
216 2060 319 2129 Suam
345 2060 434 2127 enirn
465 2060 606 2142 quisque
639 2057 783 2133 donnum
820 2071 893 2127 tum
922 2063 1114 2151 obtinebat,
1144 2086 1212 2133 nec

25 2176 100 2242 erat
123 2183 269 2246 usquam
293 2173 363 2231 tua.
405 2161 556 2229 Domum
580 2159 687 2228 dico?
708 2159 789 2244 quid
812 2174 886 2229 crat
904 2163 939 2230 in
961 2167 1080 2244 terris,
1102 2166 1159 2234 ubi
1174 2169 1211 2236 in

25 2276 86 2334 tuo
119 2264 241 2348 pedem
274 2283 438 2348 poneres,
472 2273 608 2346 praeter
640 2284 748 2330 unum
775 2263 971 2347 Misenum,
1003 2266 1096 2351 qnod
1129 2289 1210 2337 cum

28 2368 131 2438 sociis
156 2380 330 2450 tamquam
355 2366 553 2449 Sisaponem
576 2363 744 2432 tenebas?

104 2471 189 2538 XX.
230 2468 363 2538 Venisti
387 2488 405 2535 e
430 2466 542 2544 Gallia
565 2466 607 2534 arl
636 2462 855 2551 quaesturam
874 2468 1068 2552 petendam
1109 2405 1210 2542 Ande
1230 2480 1272 2543 ts

29 2570 162 2642 dicere
176 2584 210 2640 te·
235 2572 331 2655 prius
366 2569 408 2637 ad
433 2581 610 2653 parentem
643 2581 736 2637 tuam
769 2572 904 2638 venisse
937 2594 1037 2655 quam
1069 2573 1112 2640 ad
1141 2595 1209 2645 me.

27 2677 243 2756 Acceperam
273 2674 341 2740 ianr
375 2684 454 2740 ante
483 2672 641 2740 Caesaris
679 2669 830 2751 litteras,
866 2685 906 2741 ut
935 2674 1017 2741 mibi
1051 2677 1212 2756 satisfieri
1281 2746 1283 2749 ,

28 2789 164 2859 paterer
192 2776 212 2842 a
244 2788 293 2842 te:
326 2776 441 2858 itaque
472 2795 514 2841 ne
545 2772 639 2858 loqui
669 2773 804 2856 quidem
838 2797 915 2842 sum
952 2787 984 2842 te
1017 2797 1139 2858 passus
1168 2777 1211 2843 de

28 2878 146 2958 gratia.
188 2878 314 2955 Postea
334 2898 412 2945 sum
437 2875 550 2945 cultus
573 2869 663 2958 ale,
689 2888 726 2943 tu
746 2897 766 2943 a
785 2897 841 2943 me
865 2878 1068 2952 observatus
1092 2880 1127 2944 in
1149 2900 1211 2960 pe·

30 2982 146 3048 titione
161 2990 375 3063 quaesturae.
413 2979 493 3070 Quo
509 2978 643 3063 quidem
662 2990 817 3060 tempore
832 2979 871 3045 P.
889 2976 1064 3057 Clodium,
1087 3001 1212 3061 appro-

29 3081 128 3150 bante
150 3079 278 3164 populo
299 3082 476 3161 Romano,
498 3081 532 3146 in
552 3080 628 3147 foro
648 3100 684 3147 es
702 3091 846 3146 conatus
867 3080 1042 3160 occidere3
1063 3102 1211 3164 cumque

32 3205 103 3252 enm
130 3204 204 3251 rem
234 3195 292 3250 tua
322 3197 445 3267 sponte
470 3203 652 3259 conarere,
685 3203 755 3249 non
782 3181 931 3264 impulsu
961 3204 1059 3261 meo,
1095 3177 1235 3251 tamen

30 3286 73 3354 ita
93 3286 331 3370 praedicabas,
355 3299 389 3354 te
415 3308 485 3353 non
509 3285 727 3362 existimare,
754 3285 819 3351 nisi
844 3282 940 3352 illum
964 3285 1209 3369 interfecisses,

32 3408 222 3422 *uu-.—

96 3467 166 3532 §48.
184 3466 341 3534 ll’sclodius
363 3465 419 3513 trib.
444 3464 479 3526 pl.
502 3479 527 3512 s.
551 3464 611 3511 696.
634 3489 667 3504 -
691 3460 813 3528 quiddam]
833 3466 863 3511 de
880 3466 1014 3524 stuprando
1031 3465 1134 3524 Fulvia,
1159 3471 1211 3514 turn

34 3552 126 3608 Clodii,
152 3559 241 3612 postes
263 3550 367 3597 Antonii
389 3561 530 3596 uxorex-
552 3548 740 3608 Alexandream]
757 3563 782 3594 s.
800 3549 860 3594 697.
886 3554 1003 3608 prseerst
1019 3550 1071 3595 scil.
1090 3551 1211 3612 equitatui

35 3634 144 3691 Gabinii,
174 3635 216 3697 qni
233 3632 376 3703 qmdtuebet
393 3632 564 3679 Ptolemseuns
581 3628 685 3677 Auletes
704 3632 737 3677 sb
754 3629 884 3691 Aegyptiis
902 3632 1040 3692 expulsum.
1060 3659 1091 3670 -
1119 3640 1211 3682 serratus

34 3717 201 3780 auctoritatem]
220 3717 330 3766 Nolebst
348 3723 446 3764 senatus
464 3716 587 3775 Sibyllinis
604 3714 672 3763 libris
689 3715 827 3761 sdroorritus
839 3715 1009 3762 Ptolemaeum
1026 3731 1081 3764 curn
1099 3720 1210 3766 exercitu

35 3798 132 3850 restitui.
166 3802 230 3849 Idso
241 3801 350 3863 seqnitur
363 3805 444 3846 costra
456 3802 590 3858 religiones.
603 3800 674 3845 Mars.
693 3799 744 3849 err.
757 3800 789 3845 sd
801 3799 889 3846 Fannii.
905 3801 927 3846 l.
949 3800 1016 3860 Epp.
1032 3803 1059 3861 1,
1077 3804 1094 3849 2
1107 3810 1131 3849 et
1143 3804 1167 3849 3.
1176 3826 1212 3841 -

37 3882 147 3949 aarum]
170 3887 203 3933 sd
224 3885 356 3933 Caesarem
380 3898 405 3931 s.
428 3882 487 3930 70⁰.
505 3908 539 3921 -
556 3879 681 3942 Macrum]
700 3882 1024 3943 alumnumalumnum,
1048 3885 1168 3945 oppidum
1185 3885 1210 3931 in

34 3966 125 4017 bshno
142 3969 235 4016 littore.
269 3969 353 4025 strupo
370 3967 509 4027 Hispaniae
525 3967 581 4013 urbs
597 3966 622 4014 in
640 3973 763 4014 conventu
781 3966 946 4024 Cordubensi,
970 3968 1011 4014 nbi
1029 3968 1143 4013 miniatis
1160 3982 1210 4014 ore·

35 4054 92 4098 talis
109 4058 192 4107 erant,
210 4067 276 4114 quse
292 4054 424 4100 socletstss
441 4051 628 4110 publicanorum
640 4050 804 4097 exercebaris
821 4046 897 4111 igitur
909 4065 992 4097 amare
1005 4051 1063 4097 dicit
1076 4049 1210 4097 Antonium

34 4148 78 4184 non
95 4149 165 4183 nuum
182 4150 349 4196 possessorem
366 4134 454 4182 Miseni
470 4134 522 4193 sul,
539 4133 645 4182 nutris
637 4148 687 4181 ram
704 4134 865 4182 creditorrbus
874 4133 1045 4194 oppignerata
1062 4133 1149 4198 inisse,
1167 4137 1210 4183 sed

35 4220 185 4277 possessionis
202 4220 284 4268 socios
302 4219 414 4266 babuisse
430 4217 564 4283 creditores
580 4228 645 4265 snos.
681 4217 828 4265 Tosssous.

96 4301 166 4365 549.
183 4304 215 4350 ad
217 4302 431 4379 quaesituram]
407 4301 510 4348 s.701
519 4323 556 4338 -
569 4305 691 4361 parentem
708 4299 782 4361 mam]
801 4297 929 4345 Bisciolus
948 4297 1013 4345 Libri
1030 4296 1105 4361 (Vct.
1123 4297 1208 4361 Bern.)

852 4401 999 4489 aa,
