2850 4759
196 275 253 339 Δ96
530 340 534 347 ,
690 267 926 343 CICERONIS

213 454 282 498 non
315 440 459 497 tenetur.
504 427 595 519 Quid
624 427 698 494 ita?
731 427 911 519 Quodris
934 428 1098 496 Caecinae
1118 429 1210 496 faeta
1229 449 1299 494 nou
1322 441 1380 497 est.
1417 442 1418 475 ³

214 535 287 603 Diei
308 520 427 601 nrhao
448 552 550 598 causa
571 542 704 612 potest,
727 532 783 597 ubi
797 550 892 596 arma
908 529 1053 609 fuerint,
1075 530 1131 596 ubi
1145 541 1267 596 coacta
1280 532 1382 597 homi·
1417 514 1418 549 ¹

141 664 144 674 ⁴
212 658 294 702 num
317 628 517 715 multitudo,
540 634 595 698 ubi
616 631 775 698 instructi
797 643 830 697 et
851 629 1059 703 certisloois
1077 652 1156 697 cum
1171 631 1264 697 ferro
1280 630 1381 698 homi·
1417 716 1418 721 ἵ

213 757 272 802 nes
300 735 475 810 collocati,
505 734 571 799 ubi·
590 734 714 809 minae,
744 731 895 813 pericula
923 744 1139 813 terroresque
1167 734 1308 810 mortis,
1344 735 1380 800 ibi
1417 778 1418 783 κ

212 838 282 903 vim¹
302 859 369 902 non
392 834 523 905 fnisse?
547 835 676 911 Nemo,
698 834 822 914 inquit,
844 833 979 900 occisus
1001 842 1053 899 est
1073 851 1183 913 neque
1202 836 1378 910 sauciatus
1417 856 1418 861 ¹

213 939 306 1028 Quid
327 937 402 1004 aiat>
424 957 502 1002 cum
526 935 568 1001 de
582 935 806 1017 possessionis
822 937 1055 1001 controversia
1071 946 1105 999 et
1120 933 1161 999 de
1174 934 1379 1016 privatorum

211 1038 386 1117 hominnm
402 1039 619 1118 contentione
634 1036 717 1102 iuris
730 1034 929 1117 loquamur,
952 1046 986 1099 tu
1002 1036 1070 1100 vim
1086 1035 1381 1114 rogatistarum,

211 1143 240 1208 si
262 1138 382 1209 caedes
404 1150 438 1204 et
458 1138 590 1213 ooeisio
606 1137 697 1202 faota
719 1159 787 1213 nou
809 1134 900 1200 erit‘?
927 1135 1001 1214 Ego
1023 1141 1196 1223 exercitus
1219 1137 1380 1202 maximos
1417 1182 1418 1263 1

211 1259 313 1320 saepe
343 1237 459 1321 pulsos
488 1249 522 1303 et
545 1237 690 1316 ‚fugatos
718 1257 792 1304 esse
818 1235 894 1303 dieo
924 1248 1055 1302 terrore
1086 1236 1161 1317 ipso
1192 1237 1380 1319 impetuque

211 1338 380 1418 hostium,
419 1339 492 1408 sine
519 1339 722 1425 cuiusquam
750 1359 817 1404 non
839 1334 949 1403 amodo
970 1348 1101 1417 morte,
1142 1340 1380 1406 verumetiam
1410 1336 1412 1347 '

211 1438 365 1507 volnere.
443 1508 446 1515 ,
510 1482 513 1489 1
713 1498 716 1505 ,
1063 1508 1065 1513 .

151 1543 190 1603 et
291 1542 369 1609 XV.
410 1542 560 1620 Etenim,
582 1554 861 1625 recuperatores,
889 1561 959 1607 non
978 1561 1017 1607 ea
1038 1541 1113 1610 sola
1133 1543 1183 1610 vis
1205 1553 1275 1619 est,
1303 1562 1381 1626 qnae

211 1641 253 1709 ad
275 1664 399 1725 eorpus
414 1657 571 1710 nostrum
584 1645 755 1727 vitamque
770 1644 937 1726 pervenit,
958 1643 1135 1729 sedetiam
1151 1643 1262 1711 multo
1279 1647 1380 1712 maior

169 1774 174 1781 >
211 1765 269 1822 ea,
304 1766 389 1826 quae
411 1745 568 1827 periculo
591 1749 711 1814 mortis
733 1747 857 1821 iniecto
879 1743 1062 1819 formidine
1083 1747 1233 1821 animum
1255 1760 1381 1828 perter-
1417 1780 1418 1837 p

164 1900 169 1911 ,
211 1845 420 1911 ritumlooo
448 1868 549 1927 saepe
578 1859 611 1912 et
639 1858 733 1912 certo
757 1846 798 1913 de
819 1857 911 1912 statu
932 1843 1103 1921 derrrovet.
1142 1847 1381 1927 ltaqnesaueii
1416 1848 1418 1955 t

211 1966 312 2026 saepe
334 1945 507 2024 homines,
530 1968 607 2013 cum
630 1968 776 2029 corpore
798 1944 1034 2023 debilitantur,
1056 1946 1170 2013 animo
1194 1959 1382 2015 tamennon

212 2048 356 2126 aedunt,
380 2064 496 2130 neque
518 2069 596 2115 eum
618 2049 813 2131 relinquunt
831 2046 967 2124 locum,
990 2068 1089 2131 quem
1110 2059 1306 2125 statuerunt
1328 2051 1381 2119 de·

212 2148 370 2231 fenderm
401 2164 436 2219 at
462 2150 518 2223 alii
538 2148 712 2232 pelluntur
732 2148 875 2230 iutegri3
905 2160 1031 2213 utnon
1053 2148 1193 2214 dubium
1215 2151 1272 2234 sit,
1300 2153 1381 2233 quin

211 2251 321 2318 maior
335 2250 488 2334 ¹adhibita
510 2253 559 2318 vis
581 2252 611 2317 ei
632 2253 691 2328 sit,
724 2253 820 2323 ouius
842 2251 974 2316 animus
996 2251 1040 2327 sit
1060 2251 1380 2333 perterritusquam

151 2355 189 2417 43
211 2350 277 2430 itti,
313 2354 410 2425 cuins
440 2374 564 2434 eorpus
594 2352 809 2420 volneratum
835 2356 893 2418 sit.
938 2348 1091 2440 Quodsi
1112 2351 1144 2415 vi
1165 2350 1283 2433 pulsos
1305 2353 1381 2420 diei·
1416 2394 1417 2435 3

211 2475 288 2520 mus
311 2455 481 2519 exereitus
503 2474 579 2520 esse
600 2474 676 2529 eos,
705 2455 762 2534 qui
783 2465 877 2518 metu
898 2473 938 2519 ao
961 2452 1051 2517 tenni
1070 2472 1173 2534 saepe
1193 2456 1378 2536 suspicione

211 2554 352 2636 periculi
375 2555 556 2633 fugerunt,
578 2565 612 2618 et
632 2554 750 2632 sinon
772 2549 884 2618 solum
906 2552 1054 2633 impulsu
1075 2566 1379 2639 scutorumneque

212 2653 374 2718 conflictu
396 2675 579 2736 corporum
602 2675 711 2736 neque
731 2657 803 2720 ictu
829 2655 1021 2721 comminus
1042 2676 1151 2737 neque
1173 2658 1379 2724 coniectione
1416 2712 1417 2733 2

214 2753 379 2833 telorum,
411 2756 470 2821 sed
497 2775 599 2837 saepe
627 2755 778 2822 clamore
806 2757 880 2838 ipso
909 2755 1054 2828 militurn
1082 2768 1142 2825 aut
1161 2758 1379 2825 instructione
1415 2804 1417 2875 4

205 2852 443 2937 ‘adspeotuque
472 2856 649 2937 signoruni
678 2878 819 2937 magnas
847 2859 963 2938 copias
989 2859 1106 2940 pulsas
1135 2880 1211 2927 esse
1239 2872 1277 2926 et
1305 2859 1379 2927 vidi·

211 2976 287 3022 mus
310 2967 343 3022 et
364 2957 572 3039 audiv-imus:
606 2981 692 3042 quae
713 2961 765 3025 vis
787 2960 821 3024 in
845 2959 931 3025 bello
954 2958 1162 3041 appellatur,
1197 2980 1237 3026 ea
1259 2961 1294 3029 in
1314 2962 1377 3027 otio

211 3079 280 3123 non
301 3057 555 3140 appellabitur-⁶2
577 3072 628 3138 et,
650 3061 741 3143 quod
764 3060 946 3130 vehemens
968 3063 1001 3127 in
1022 3083 1059 3128 ro
1082 3060 1218 3135 militari
1232 3074 1379 3142 putatur,

114 3194 116 3197 v
210 3157 244 3224 id
265 3158 340 3223 leve
361 3160 394 3224 in
416 3161 488 3227 iure
511 3161 599 3226 cirili
621 3162 850 3229 iudicabitur?
883 3174 934 3244 et,
970 3163 1058 3244 quod
1082 3163 1253 3233 exercitus
1276 3184 1379 3229 arma·

212 3269 266 3324 tos
279 3274 405 3345 movet,
418 3261 452 3326 id
465 3261 724 3330 advocationem
742 3276 937 3342 togatorum
951 3286 1018 3329 non
1030 3262 1198 3329 videbitur
1209 3263 1379 3331 movisse?

211 3370 247 3425 et
267 3357 388 3427 volnus
411 3364 566 3444 eorporis
588 3365 696 3443 magis
716 3366 816 3430 istam
832 3351 1014 3446 nimquam
1032 3376 1143 3432 terror
1157 3365 1261 3431 animi
1276 3363 1380 3431 ‹lec-la·

210 3459 326 3525 rabit?
356 3474 389 3527 et
408 3463 573 3531 sauciatio
596 3476 797 3545 quaeretur,
818 3485 896 3532 eum
919 3466 1036 3544 fugam
1056 3466 1184 3533 factam
1206 3487 1282 3535 esse
1303 3480 1380 3533 oon·

150 3575 190 3637 44
209 3560 339 3657 stabit?
370 3561 466 3628 Tuus
488 3563 577 3630 enim
601 3565 696 3630 testis
719 3562 907 3644 hoedinis,
930 3580 1023 3633 metu
1044 3568 1238 3650 perterritis
1256 3568 1379 3636 nostris

209 3660 384 3730 advocatis
406 3661 519 3731 locum
534 3683 587 3751 se,
610 3686 676 3747 qua
691 3667 899 3747 effugerent,
922 3668 1189 3737 demonstrasse.
1233 3670 1300 3760 Qui
1314 3689 1379 3736 non

208 3761 313 3830 modo
334 3775 373 3829 ut
393 3763 572 3845 sugerent,
594 3765 654 3832 sed
676 3768 778 3834 etiam
798 3770 905 3851 ipsius
927 3771 1029 3848 fugae
1052 3782 1159 3836 tutam
1175 3772 1265 3837 viam
1281 3791 1379 3853 quae·
1414 3846 1415 3851 ἵ

207 3865 356 3943 siarum,
388 3863 440 3932 his
468 3865 518 3932 vis
547 3864 696 3934 adhibita
716 3890 785 3936 non
805 3871 1000 3938 videbiturP
1040 3869 1132 3961 Quid
1153 3871 1256 3950 igitur
1276 3872 1380 3951 fugie·
1414 3858 1415 3863 ἵ

206 3966 314 4034 bant?²
353 3968 501 4049 Propter
527 3981 669 4036 metum.
726 3969 819 4062 Quid
847 3972 1069 4039 metuebant?
1111 3971 1188 4038 Vim
1216 3971 1378 4039 videlicet.

205 4067 354 4136 Potestis
385 4070 491 4150 igitur
518 4071 683 4154 principia
709 4092 856 4154 negare,
887 4094 971 4157 ‘eum
992 4086 1147 4157 extrema
1169 4073 1378 4143 conceditis?

205 4188 432 4207 ,Μ

272 4268 284 4330 5
304 4269 346 4316 42.
363 4272 504 4335 statuerunt]
526 4274 578 4322 mr.
598 4277 722 4323 stamarint
739 4275 770 4322 Ο.
