2850 4759
199 289 258 357 sss
660 277 913 350 UOERONIS

141 455 179 520 15
197 447 335 535 quidem
356 462 518 515 assensus
540 454 604 511 ost.
648 441 765 533 Quae,
787 437 936 508 malunt.
949 451 1010 507 est
1025 439 1097 506 ista
1105 436 1300 521 noluntaria
1313 455 1385 502 ser·

195 551 318 620 ritus?
338 536 454 617 Fuerit
474 545 640 663 quaedam
662 546 866 615 necessaria.
897 544 1018 625 Neque
1038 563 1103 622 ogo
1126 540 1192 607 lroc
1212 536 1251 605 ali
1276 537 1411 603 orsini

110 704 121 738 ,ψ
200 653 306 721 bus”
284 673 326 720 us
348 649 523 734 desidero,
545 650 602 732 qui
623 648 825 717 senitentiam
848 645 1021 712 consulari
1044 642 1121 711 loco
1141 643 1271 709 dicunt.
1315 638 1385 706 Alia
1410 690 1411 695 1

152 818 158 831 ,
200 775 307 827 ostrea
327 766 381 821 est
401 772 537 827 eorunt,
559 773 705 835 quornm
722 748 856 818 silentio
872 750 1038 829 ignosco:
1061 746 1125 814 alia
1142 767 1282 818 corum,
1307 765 1387 826 qrso·

201 881 280 926 rum
307 875 429 925 vocent
459 855 609 938 requiro.
664 853 764 944 Quos
794 850 932 935 quidem
962 849 1063 918 doleo
1090 849 1124 915 in
1153 848 1411 930 suspicionun

202 957 331 1047 populo
351 959 508 1025 Romatio
530 958 647 1023 venire
668 979 737 1024 non
759 955 862 1023 modo
880 966 1015 1031 rnetns,
1046 951 1136 1035 quod
1158 955 1272 1033 ipsum
1299 961 1386 1018 esset

200 1075 323 1145 turpe,
349 1060 409 1128 sed
431 1056 534 1126 aliurn
557 1057 622 1127 alia
644 1056 686 1124 de
706 1079 812 1126 causa
834 1057 954 1124 deesse
974 1055 1130 1135 dignitati
1151 1075 1247 1122 suae.

281 1165 361 1228 Vll.
406 1161 523 1253 Quare
550 1164 698 1244 primunr
731 1161 899 1228 maximas
926 1158 1053 1239 gratias
1082 1169 1116 1223 et
1135 1156 1202 1240 ago
1224 1157 1386 1226 ethabeo

202 1269 241 1335 L.
262 1265 399 1345 Pisoni,
421 1265 477 1348 qui
498 1285 585 1350 aton,
608 1262 687 1346 quid
704 1265 841 1335 ,efficere
861 1274 980 1346 posset
1000 1262 1033 1328 in
1055 1283 1094 1327 re
1114 1260 1271 1343 publica,
1288 1262 1389 1340 *cagi-

174 1402 179 1423 κ
203 1370 308 1447 tavit,
339 1366 400 1436 sed
421 1365 501 1449 quid
523 1365 640 1437 faeere
658 1367 732 1449 ipse
753 1365 908 1433 deberet:
935 1362 1057 1432 deinde
1079 1385 1099 1431 a
1118 1366 1238 1441 vobis,
1268 1367 1388 1430 Patres

203 1470 410 1553 conscripti,
431 1481 531 1551 peto,
559 1480 617 1547 nt,
646 1470 748 1537 etiarn
770 1470 799 1536 si
820 1468 916 1551 sequi
938 1469 1050 1535 rnirms
1072 1466 1240 1535 audebitis
1264 1467 1389 1534 oratio·

205 1596 284 1641 nem
307 1584 409 1655 atque
430 1572 671 1639 auctoritatem
695 1553 826 1649 maaria,
863 1571 1005 1651 benigne
1027 1592 1083 1637 nnc
1105 1582 1241 1648 tamen,
1276 1566 1389 1635 utad·

207 1675 276 1742 lino
296 1674 445 1750 fecistis,
477 1673 635 1749 audiatis.
1038 1694 1039 1701 ¹

149 1789 186 1849 tt
286 1777 440 1844 Prirnunr
462 1774 567 1856 igitur
588 1787 664 1841 acta
688 1775 845 1844 Caesaris
867 1773 1034 1842 servanda
1055 1796 1202 1856 cense03
1231 1799 1306 1843 non
1326 1797 1388 1859 qno

209 1879 366 1962 probem:
399 1878 492 1961 (quis
520 1885 609 1943 ctrina
637 1876 671 1941 id
694 1876 829 1961 quidem
851 1878 1007 1959 potasti)
1032 1878 1102 1945 <sed
1123 1880 1203 1961 quia
1225 1883 1389 1946 rationein

209 1978 398 2051 babendum
420 1979 570 2048 inanime
590 1979 738 2045 arbitror
758 1980 851 2059 pacis
874 1994 975 2063 atque
995 1983 1068 2048 otii.
1111 1980 1242 2049 l'cllern
1261 1983 1390 2050 adesset

209 2084 396 2169 bautonius,
432 2078 535 2147 inodo
566 2081 637 2146 sine
666 2079 856 2148 advocatis.
898 2080 984 2162 Sed,
1019 2097 1059 2149 ut
1085 2086 1227 2172 opinor,
1266 2087 1389 2154 licetei

209 2187 321 2254 satiatus
340 2184 470 2270 valere,
495 2180 588 2264 quod
609 2182 690 2247 inihi
713 2181 785 2249 beri
806 2206 867 2265 per
889 2184 991 2251 illurn
1006 2208 1074 2253 non
1095 2187 1202 2260 licuit.
1247 2191 1390 2257 Doceret

209 2310 265 2354 rue
286 2285 339 2354 vel
361 2287 475 2370 potius
499 2307 579 2361 vos,
612 2288 735 2353 Patres
763 2288 967 2370 conscripti,
1000 2291 1299 2371 quemadmodum
1328 2295 1391 2375 ipse

147 2423 151 2427 Δ
210 2391 367 2459 (laeseris
395 2403 472 2456 acta
502 2386 712 2455 defraudaret.
754 2392 809 2456 An
840 2392 874 2456 in
901 2393 1194 2460 corrnrrentariolis
1222 2408 1260 2461 et
1290 2396 1392 2463 chiro·

178 2542 181 2549 1
207 2489 349 2573 grapnis
379 2503 413 2556 et
441 2487 561 2558 libellis
587 2512 625 2557 sc
647 2512 715 2556 tirno
738 2505 879 2559 auctore
901 2491 1061 2575 prolatis,
1093 2517 1135 2577 ne
1155 2496 1308 2578 prolatis
1330 2500 1391 2582 qui-

211 2596 312 2670 dcrn,
348 2592 409 2660 sed
439 2593 675 2659 tantnnnnodc
702 2594 820 2672 dictis,
862 2609 938 2662 acta
967 2599 1251 2685 Caesarislirnta
1284 2614 1391 2668 erunt:

213 2717 299 2779 quae
327 2693 382 2761 ille
412 2697 445 2760 in
471 2716 528 2762 aes
559 2694 694 2772 incidit,
730 2698 763 2763 in
791 2721 859 2779 quo
886 2697 1004 2781 populi
1033 2702 1124 2769 iussa
1147 2717 1392 2788 perpetuasque

154 2807 191 2868 tt
214 2798 306 2878 leges
322 2818 397 2864 esse
413 2795 536 2874 voluit,
561 2797 744 2879 pronihilo
762 2797 1003 2883 habebunnnt
1039 2803 1212 2886 Equidem
1236 2809 1393 2876 existimo

214 2898 296 2985 nihil
319 2911 389 2965 tarn
411 2921 486 2966 esse
506 2902 541 2966 in
563 2900 646 2966 actis
668 2902 843 2988 Caesaris,
878 2926 979 2986 quarn
1001 2903 1094 2984 leges
1117 2907 1363 2977 Caesarina
1339 2916 1392 2982 An

171 3002 243 3071 si
265 3004 319 3070 cui
341 3003 419 3086 quid
440 3001 495 3069 ille
511 3004 685 3085 promisit,
708 3004 742 3070 id
758 3006 822 3069 erit
838 3006 964 3082 fixum,
986 3008 1077 3090 qnod
1093 3007 1181 3076 idern
1195 3033 1270 3077 aron
1291 3016 1393 3079 facere

204 3105 352 3188 potunt
387 3120 426 3173 ut
453 3105 568 3172 nnrltis
596 3105 703 3173 muna
733 3109 904 3188 promissa
933 3132 1000 3176 non
1024 3110 1117 3177 iecit.
1162 3112 1262 3202 Quae
1291 3127 1392 3182 tannen

215 3207 323 3276 insulto
345 3206 443 3290 plura
465 3207 523 3277 illo
547 3221 684 3277 nrortuo
708 3222 843 3292 reperta
865 3223 965 3289 sunt,
1001 3235 1101 3294 quarn
1124 3236 1142 3279 a
1165 3217 1243 3282 rivo
1277 3217 1393 3285 bentii·

214 3346 410 3362 m

284 3432 295 3493 b
317 3433 491 3478 inconsutam
509 3429 573 3490 loco]
591 3430 654 3478 inter
672 3430 825 3485 consularcss
853 3432 969 3490 proxima
988 3432 1043 3478 huic
1061 3424 1117 3480 erat
1133 3440 1278 3482 senatorum
1299 3439 1393 3500 dignitas

216 3516 345 3576 praetorio
370 3516 429 3562 loeo
453 3516 597 3561 sententiam
619 3516 723 3561 dicendi.
759 3514 830 3561 Bate.
849 3515 894 3572 25,
913 3516 954 3561 57.
973 3520 1013 3575 qui
1030 3519 1107 3574 legum
1121 3521 1237 3574 praemiis
1251 3527 1392 3577 praetorias

216 3599 350 3643 sentientiam
367 3603 389 3642 al
403 3601 552 3654 praetextum
569 3603 648 3656 togam
666 3603 840 3657 tutusquetutur.
859 3622 894 3634 -
917 3602 1009 3656 populo
1026 3602 1145 3662 Rornauo]
1163 3603 1205 3649 Sic
1223 3602 1303 3654 Baro.
1325 3605 1392 3654 Gurli.

217 3680 328 3728 omnibus
351 3680 438 3751 litteris
462 3679 585 3739 pro'Ern.
600 3684 687 3738 populi
703 3682 814 3728 Romani.
831 3709 867 3720 -
883 3696 929 3728 saon
947 3687 1017 3730 modo
1034 3683 1117 3746 metus]
1137 3687 1218 3733 Vatic.
1254 3689 1301 3735 Est
1318 3688 1392 3751 geniti·

217 3778 262 3811 vus
280 3765 386 3822 pendens
404 3779 420 3809 a
438 3778 462 3810 v.
479 3762 642 3820 suspicionem.
687 3766 760 3818 Quod
777 3780 832 3811 cum
850 3782 937 3826 parurn
959 3768 1138 3828 intelligerent,
1163 3771 1187 3816 in
1205 3769 1280 3818 Bern.
1301 3775 1393 3835 aliisque

217 3849 366 3908 scripserunt
390 3860 436 3891 nnn
459 3851 533 3901 metus
559 3845 583 3892 id
607 3848 673 3908 quod
696 3846 817 3907 praetulit
832 3851 945 3912 Madvig.
959 3877 993 3889 -
1010 3855 1059 3897 aiio
1076 3855 1104 3898 de
1123 3852 1203 3914 cama]
1224 3855 1282 3916 qnia
1303 3855 1393 3905 Antonii

218 3930 328 3992 partibus
345 3928 470 3979 favebant.

287 4039 299 4102 i
320 4041 359 4087 16.
383 4042 433 4086 sina
455 4038 584 4102 advocatis]
610 4041 826 4109 nudabuntur,
851 4043 903 4091 sinc
919 4045 1048 4103 militibus,
1076 4045 1163 4108 quibos
1180 4048 1278 4095 solebat
1296 4031 1392 4097 senate·

219 4127 339 4179 obsidere.

289 4235 301 4295 i
322 4235 360 4281 17.
378 4249 424 4280 sion
434 4235 518 4294 secere
532 4234 628 4295 potuit]
652 4233 747 4280 Firmat
770 4236 868 4281 tandem
893 4236 956 4282 hanc
978 4236 1068 4287 Mureti
1093 4238 1160 4285 coni.
1185 4239 1249 4289 Cod.
1273 4239 1391 4302 Banberp.

221 4318 315 4377 „Quod
333 4333 381 4378 pro
399 4334 444 4367 sno
462 4319 528 4376 iure,
546 4320 665 4367 arbitrato
683 4332 729 4365 suo
747 4318 830 4365 iacere
847 4326 890 4366 sut
907 4334 957 4367 non
974 4321 1057 4368 iacere
1074 4323 1164 4380 potuit.
1173 4327 1189 4351 ‘⁶
1214 4324 1288 4386 idque
1305 4325 1392 4389 requirit
