2850 4759
207 262 246 325 u
303 349 304 352 Ὺ
356 297 362 307 -
683 251 924 326 ovonaonrs

205 427 287 488 torn
305 416 432 484 iratres
453 410 610 496 qnidam,
632 409 856 495 Tlepolemus
876 411 1046 481 etHiero:
1067 433 1215 498 qrrorum
1237 412 1382 485 alterurn

205 521 336 599 tingere
355 518 478 599 opinor
499 535 518 582 o
540 535 619 582 esra
638 514 779 584 solitum
801 534 895 591 esse,
929 513 1076 584 alterurn
1104 537 1181 584 esse
1201 518 1382 598 pictorem.

127 677 130 682 ,
204 622 320 690 Horon
348 621 487 700 opinor,
520 617 665 699 Cibyrae
692 638 771 684 oum
800 619 834 682 in
860 616 1092 697 suspiriouern
1118 619 1294 687 venisseut
1309 623 1380 690 suis

204 721 334 790 rn'vibns
356 722 474 786 sanum
497 717 666 800 expilasse
686 716 874 799 Apollinis,
895 717 1025 788 veritos
1046 739 1193 800 poenam
1214 720 1328 788 iudicii
1345 744 1381 790 ao

204 822 306 902 lusit,
329 824 432 888 domo
453 820 660 902 profugisse.
703 818 808 908 Quod
830 818 972 887 Verrem
992 820 1126 886 artificii
1146 822 1199 887 sui
1219 823 1379 904 cupidum

203 934 440 1003 cognoverant
460 934 552 1004 tum,
585 940 663 985 oum
684 918 769 996 iste,
797 919 831 985 id
853 920 945 1003 quod
966 941 1010 990 ex
1032 924 1174 990 testibus
1196 921 1379 1001 didicistis,

204 1024 367 1104 Cibyram
388 1044 468 1088 oum
490 1021 644 1090 inanibus
663 1021 1050 1102 syngrapbisvenerat,
1087 1022 1191 1090 domo
1212 1025 1378 1103 fugientes

132 1179 138 1188 .
204 1124 247 1191 ad
274 1146 353 1190 euin
384 1144 422 1190 se
449 1122 587 1201 exules,
623 1143 702 1188 oum
730 1124 796 1187 iste
824 1133 917 1199 esset
947 1123 982 1194 in
1008 1124 1108 1202 Asia,
1147 1124 1377 1192 contulerunt.

202 1225 328 1290 Habuit
349 1245 409 1290 eos
430 1244 548 1290 seeum
572 1225 613 1289 ab
635 1222 693 1288 illo
716 1233 890 1305 tempore,
925 1235 961 1289 et
984 1224 1019 1289 in
1046 1223 1225 1305 legationis
1246 1227 1378 1307 praedis

165 1338 305 1408 atque
335 1325 435 1392 furtis
469 1322 614 1390 multum
645 1321 778 1389 illorum
813 1343 925 1405 opera
952 1323 1163 1414 consilioque
1197 1349 1281 1395 usus
1314 1342 1377 1395 est.

142 1430 181 1519 31
202 1427 246 1494 Hi
263 1435 346 1493 'snm
367 1425 431 1500 illi,
466 1425 615 1507 quibus
607 1446 641 1492 nr
663 1424 785 1492 tabulis
807 1425 914 1492 refert
933 1444 1010 1492 sese
1032 1426 1075 1516 Q.
1097 1426 1225 1496 Tadius
1247 1427 1379 1496 dedisse

200 1528 299 1596 iussu
321 1527 417 1594 istius
433 1527 572 1594 Graecis
594 1526 705 1606 pretor
706 1526 795 1594 rbus
837 1526 937 1592 Eos
929 1548 996 1594 ram
1018 1527 1102 1595 berre
1123 1529 1277 1607 cognitos
1293 1541 1328 1595 et
1345 1551 1378 1595 re

200 1628 364 1707 probatos
395 1649 512 1694 seeum
541 1628 576 1693 in
598 1625 751 1693 :Siciliam
782 1623 891 1692 duxit.
935 1627 1014 1718 Quo
1035 1641 1259 1711 posteaquam
1280 1651 1378 1697 vene-

200 1741 300 1806 runt,
338 1727 528 1794 mirandum
557 1728 591 1792 in
621 1727 781 1805 modum,
813 1730 930 1803 (canes
952 1731 1126 1797 venaticos
1147 1730 1310 1808 dicerem)
1333 1734 1381 1799 ita.

199 1830 433 1898 odorabantur
455 1830 568 1895 ornvsia
590 1841 625 1893 et
644 1830 936 1910 pervestigabant,
956 1841 1013 1909 ut,
1034 1832 1091 1898 ubi
1107 1831 1253 1913 quidque
1272 1848 1376 1910 esset,

200 1931 314 2013 aliqua
333 1932 465 1996 ratione
486 1931 686 1995 invenirent.
729 1929 831 1995 Aliud
853 1930 1031 2008 minando,
1053 1930 1376 2013 aliudpolliceudo,

199 2032 288 2101 aliud
310 2053 370 2112 per
389 2052 529 2113 servos,
549 2030 640 2095 aliud
660 2050 722 2111 per
742 2029 887 2107 liberos,
909 2053 971 2112 per
990 2032 1138 2100 amioum
1154 2032 1263 2115 aliud,
1285 2033 1374 2102 alind

199 2155 262 2215 per
281 2135 455 2199 inimicum
478 2132 712 2197 inveniebatur
748 2131 906 2212 quicquid
928 2131 1000 2200 illis.
1014 2132 1204 2217 placuerat,
1235 2135 1376 2215 perden-

198 2235 281 2299 dum
301 2245 386 2304 erat,
427 2230 518 2299 Nihil
546 2231 637 2297 alind
664 2233 830 2313 optabant
855 2255 1002 2313 qnorum
1029 2235 1237 2316 poscebatur
1257 2223 1376 2313 argere

198 2349 295 2411 turn,
322 2335 387 2401 nisi
409 2346 446 2399 ut
467 2333 500 2399 id
522 2331 661 2400 Hieroni
682 2344 718 2397 et
739 2329 940 2411 Tlepolemo
963 2333 1171 2415 displiceret.

138 2446 177 2507 32
278 2435 376 2499 xlv.
419 2433 544 2499 Verum
568 2430 764 2498 mehercule
778 2430 865 2517 hoo,
886 2432 1036 2511 indices,
1057 2434 1181 2515 dicam.
1218 2436 1374 2514 Memini,

198 2534 413 2614 Pamphilum
436 2534 709 2615 Lilybaetannm,
739 2534 886 2599 amicum
908 2545 942 2599 et
962 2533 1133 2617 hospitem
1155 2558 1287 2625 rrreunr,
1315 2561 1374 2607 no·

198 2763 202 2772 ·
265 2746 336 2807 531,
356 2748 432 2808 Vide,
460 2760 491 2792 ne
507 2742 683 2803 interpolatori
699 2741 834 2789 debeantur
850 2757 891 2790 vv.
908 2745 934 2789 r'rt
950 2747 1034 2793 ululo
1051 2745 1107 2805 (alii
1125 2747 1149 2790 ira
1166 2743 1266 2805 tubulos)
1284 2746 1372 2799 entim

197 2828 221 2874 in
240 2828 295 2875 Cod
320 2828 388 2872 Leid.
405 2851 440 2862 -
468 2827 495 2879 Q.
516 2823 617 2885 Tadius]
645 2823 727 2870 Verris
749 2810 873 2885 quaestor.
889 2852 924 2864 -
941 2824 1018 2890 roua]
1042 2835 1069 2874 nt
1090 2828 1161 2889 547.
1185 2832 1223 2874 ilii
1246 2830 1371 2886 Cibyratici

196 2926 276 2973 roam,
301 2910 431 2965 emissarii,
461 2908 656 2968 investigatores.
673 2904 830 2969 -qvidque]
853 2907 881 2951 ln
893 2907 954 2966 neg.
967 2907 1078 2953 scribitur
1089 2910 1191 2967 quicque.
1225 2909 1291 2954 Ante
1302 2898 1371 2954 Grut'.

196 2992 324 3049 legebatur
341 2989 465 3047 quidquid,
490 2992 522 3032 et'
531 2986 565 3030 sic
583 2988 690 3045 Sangall.
709 3020 726 3041 ‚,
737 2989 844 3048 Quisquis
855 3003 904 3035 non
917 2990 1016 3048 ponitur
1029 3003 1082 3036 curu
1094 2989 1216 3045 relativis,
1235 2994 1277 3036 sed
1294 2992 1372 3050 iprum

197 3073 326 3119 relativum
344 3075 410 3118 est.“
436 3071 463 3115 Ζ.
498 3053 611 3127 opponit
634 3071 777 3117 Schmidtina
803 3074 834 3116 de
850 3086 923 3129 pron.
940 3072 1044 3121 Graeco·
1057 3080 1083 3120 et
1100 3074 1188 3119 Latino
1206 3073 1278 3118 Halia
1298 3074 1371 3118 1882.

149 3157 153 3168 ’
196 3171 221 3214 p.
239 3156 280 3200 bt.
298 3156 379 3200 locum
394 3154 427 3197 ad
443 3153 511 3196 Fam.
533 3154 561 3206 o',
584 3152 604 3195 l.
622 3167 753 3211 quoeunque
770 3156 795 3197 iu
813 3156 865 3197 loco
883 3155 987 3211 quisquis
1004 3160 1051 3209 est,
1078 3158 1139 3202 idem
1151 3158 1308 3201 alcissono
1325 3163 1372 3201 cet.

195 3238 236 3286 ubi
254 3237 485 3293 Martyni-Lagunu
503 3235 614 3294 correxit
631 3238 739 3292 quisque,
770 3241 797 3300 ut
813 3236 871 3281 ibid.
890 3237 937 3297 Ep.
955 3238 979 3292 4,
998 3238 1022 3284 3.
1041 3239 1080 3282 ubi
1095 3241 1189 3297 quisque
1205 3242 1250 3291 sit,
1276 3240 1309 3283 ibi
1326 3253 1372 3284 esse

194 3319 288 3361 rninime
307 3300 374 3360 uelit.
404 3314 448 3358 Est
464 3318 593 3371 praeterea
615 3313 638 3358 io
657 3314 707 3358 Cic.
726 3300 823 3375 Fregm.
841 3319 886 3364 Ed.
903 3335 972 3365 meae
992 3336 1017 3379 p.
1031 3321 1089 3368 556.
1109 3321 1203 3365 Terenti
1210 3346 1284 3359 --·
1300 3322 1372 3374 Quid·

195 3400 251 3458 prid
275 3412 339 3443 come
363 3400 472 3455 loquerrr3
498 3398 563 3456 quod
590 3397 704 3455 explica:
733 3400 872 3460 „quidquid
897 3400 1020 3459 loqueris,
1052 3401 1154 3445 comiter
1183 3402 1317 3459 loquens.“
1347 3407 1372 3445 et

114 3489 121 3494 “
193 3483 215 3525 T
217 3495 266 3525 nsc.
285 3481 308 3535 5,
328 3479 369 3525 34.
388 3485 412 3523 ut
429 3481 540 3537 quidquid
556 3481 667 3524 obiectam
686 3486 726 3525 est.
746 3497 792 3541 pro
811 3482 916 3527 Fonteio
936 3484 960 3527 t.
987 3486 1013 3525 ut
1027 3482 1139 3539 quidquid
1156 3496 1186 3525 ex
1203 3483 1246 3525 illo
1264 3484 1317 3525 loco
1335 3483 1371 3526 di·

191 3567 271 3615 utor,
289 3563 379 3616 idest,
397 3567 449 3615 „ut
466 3562 537 3621 quid,
555 3563 671 3623 quidquid
689 3571 724 3610 est
742 3569 813 3611 ειν*
853 3566 899 3609 Sed
916 3569 1001 3609 nostro
1019 3566 1077 3611 loco
1096 3565 1158 3622 Reg.
1175 3563 1257 3614 Guelf.
1273 3565 1295 3609 Ι.
1313 3563 1372 3609 satia

193 3645 325 3692 defenduut
342 3644 490 3703 frequentius
508 3646 615 3702 quidque.
635 3670 670 3681 ·-·x
683 3651 710 3691 ut
727 3648 752 3691 id
769 3640 887 3706 Hieroni]
906 3643 967 3701 Reg.
986 3647 1012 3687 art
1026 3644 1130 3688 Hieroni
1147 3642 1214 3689 Leid.
1232 3644 1259 3688 Z.

261 3749 272 3809 b
290 3751 331 3794 82.
349 3749 457 3796 Boiithns
475 3751 604 3797 statuarius
623 3758 646 3796 et
662 3752 757 3810 argenti
776 3751 901 3805 caelator,
924 3749 1078 3807 Karthagine
1095 3755 1179 3804 natus,
1206 3749 1248 3809 qui
1265 3748 1371 3807 proinde

192 3839 249 3877 note
265 3832 387 3877 excidium
405 3833 474 3878 huius
486 3833 550 3878 orbis
568 3834 658 3879 floruit.
672 3834 765 3878 Sinnio.
777 3832 907 3889 proximus
920 3845 935 3875 a
948 3831 1070 3876 Mentore.
1104 3831 1168 3876 Plin.
1183 3831 1372 3895 38,12,55.-

191 3910 312 3976 moratu]
330 3915 392 3972 Reg.
410 3914 477 3961 Leid.
504 3916 605 3968 Quoties
624 3914 734 3971 hospites
753 3913 919 3969 advenissent,
939 3918 975 3962 ,ut
993 3914 1050 3958 Act.
1069 3916 1093 3968 2,
1111 3914 1153 3959 st.
1171 3915 1202 3958 od
1222 3916 1371 3958 invitationes

191 3997 342 4053 odoernurque
363 4002 496 4042 nostrorum
521 3998 652 4048 domitium,
682 3994 766 4042 melius
793 4008 866 4054 quam
885 3997 942 4041 Ero.
961 3997 1090 4041 odoratum.
1116 4021 1150 4033 -
1183 3993 1301 4057 Venerius]
1330 4010 1370 4053 pr.

190 4070 349 4142 irpddonloc,
366 4094 447 4127 servus
468 4078 566 4124 Veneris
583 4078 719 4134 Erycinae,
737 4076 786 4121 iam
809 4077 890 4123 Verris
906 4078 1050 4124 emissarius.
1063 4079 1162 4124 -Noo
1183 4084 1275 4122 temero
1296 4079 1371 4122 Lam·

190 4161 259 4206 binus
280 4164 310 4207 de
330 4175 375 4207 sno
396 4161 471 4204 edidit
491 4160 547 4217 qnid
569 4160 615 4209 rr's,
635 4160 753 4214 inquiunt,
771 4160 837 4203 uobis
856 4161 926 4214 dorep
943 4161 985 4204 sed
1005 4158 1040 4203 sic
1057 4159 1131 4205 babet
1151 4160 1218 4205 Leid.
1233 4184 1265 4195 -
1293 4160 1369 4204 Falsa

188 4242 263 4289 terno
281 4243 338 4288 Ern.
354 4243 403 4288 tls.
427 4254 454 4285 cc
472 4254 507 4284 me
521 4263 552 4273 -
567 4262 599 4278 -
611 4240 664 4283 dial
678 4254 713 4285 ma
732 4243 855 4299 aaronem,
879 4225 915 4289 ex
935 4241 1094 4299 Herragiano
1113 4243 1202 4290 dudum
1221 4247 1367 4302 propagate
