2850 4759
204 283 248 348 ιι
651 250 932 350 emmonis

184 393 201 416 ι,

207 438 292 519 tuit,
323 438 370 508 ita
395 436 599 507 calumniam
625 437 871 521 stultitiamque
892 438 964 506 eius
990 438 1129 507 obtrivit
1151 455 1194 506 ae
1216 430 1370 519 contudit.

149 541 248 612 191n
275 544 493 624 possessione
522 543 690 610 bonorum
724 562 803 609 cum
835 545 927 609 esset
955 554 1090 609 etcum
1113 543 1186 623 ipse
1213 539 1370 608 sextulam

207 665 306 712 suam
321 645 462 711 nimium
478 657 719 725 exaggeraret,
753 643 892 709 nomine
910 643 1224 711 heredisarbitrum
1243 641 1373 717 familiae

208 744 432 812 erciscundae
462 744 658 827 postularit.
706 748 822 827 Atque
846 743 912 812 illis
938 747 1055 827 paucis
1084 744 1220 821 diebus,
1250 756 1372 826 postea·

206 865 311 928 quem
342 845 452 924 videt,
485 844 566 911 nihil
600 866 638 913 sc
671 846 710 913 ab
741 847 784 912 A.
813 845 960 912 Caecina
985 838 1087 927 posse
1115 838 1372 915 litium'renon

207 946 391 1032 abradere,
432 945 560 1012 homini
588 945 717 1012 Romae
740 946 774 1012 in
801 945 879 1012 foro
905 945 1081 1012 denuntiat
1105 945 1248 1011 fundum
1278 945 1373 1022 illurn,

207 1049 251 1117 de
271 1070 339 1131 quo
364 1059 441 1113 ante
463 1046 550 1122 dixi,
585 1050 680 1113 cuius
696 1046 801 1113 istum
820 1058 1009 1128 emptorem
1030 1046 1264 1120 demonstravi
1284 1046 1374 1112 finisse

207 1150 371 1221 mandatu
393 1147 618 1223 Caesenniae,
651 1166 752 1215 suum
771 1166 847 1214 esse
870 1167 1013 1259 seseque
1035 1149 1097 1214 sibi
1119 1148 1253 1214 emisso.
1301 1144 1374 1236 Quid

208 1249 284 1316 ais?
305 1249 402 1316 istius
425 1245 480 1313 ille
502 1245 629 1313 fundus
647 1258 714 1321 est,
750 1266 851 1329 quem
871 1246 944 1312 siue
962 1246 1030 1313 ulla
1053 1248 1293 1316 controversia
1312 1267 1375 1328 qua·

208 1349 420 1426 driennium,
454 1347 522 1414 lroc
543 1359 611 1422 est,
646 1366 689 1412 ex
713 1369 780 1430 quo
809 1360 962 1429 tempore
983 1349 1110 1415 fundus
1133 1349 1255 1423 veniit,
1278 1346 1374 1431 quoad

68 1536 71 1541 .
208 1451 316 1535 vixit,
355 1447 509 1530 possedit
539 1446 756 1513 Caesennia?
809 1447 900 1518 Usus
931 1450 1039 1525 enim,
1066 1449 1195 1531 inquit,
1226 1442 1324 1515 fundi
1349 1458 1375 1513 et

148 1565 189 1631 20
209 1553 343 1619 fructus
385 1558 588 1616 testamento
621 1549 687 1613 viri
711 1548 825 1616 suerat
854 1550 1073 1623 Caesenniae
1113 1550 1204 1616 Cum
1226 1544 1305 1616 hoe
1327 1570 1375 1614 no·

209 1675 272 1720 vae
303 1651 371 1718 litis
395 1670 499 1730 genus
525 1660 593 1714 tam
623 1645 792 1715 malitiose
820 1649 1027 1734 intenderet,
1061 1650 1190 1732 placuit
1221 1650 1375 1738 Caecinae

210 1755 253 1821 de
274 1754 465 1821 amicorum
496 1749 681 1825 sententia,
711 1748 938 1828 constituere,
971 1752 1114 1834 quodie
1138 1744 1269 1820 iurem
1295 1772 1375 1835 prae

209 1866 343 1924 sentem
368 1853 542 1917 veniretur
566 1848 658 1915 etde
682 1849 789 1919 fundo
809 1852 956 1917 Caecina
976 1853 1127 1918 rnoribus
1149 1851 1374 1920 deduceretur.

210 1953 481 2036 Colloquuntur:
509 1949 592 2016 'dies
620 1968 664 2015 ex
689 1952 867 2033 utriusque
891 1952 1074 2019 conrmodo
1103 1956 1261 2026 sumitur.
1284 1946 1376 2041 ,Cae-

210 2055 286 2121 cina
311 2075 389 2120 eum
411 2052 528 2117 amicis
552 2049 594 2116 ad
613 2051 701 2117 diem
723 2053 816 2118 venit
836 2054 870 2118 in
888 2052 1065 2119 castellum
1083 2054 1234 2120 ,Axiamz
1255 2056 1375 2135 en‘quo

191 2152 288 2221 ‘loeo
308 2151 434 2219 fundus
462 2153 505 2228 is,
534 2150 575 2236 de
599 2175 666 2233 qno
687 2154 819 2233 agitur,
840 2174 910 2219 ιιοιι
926 2151 1027 2232 longe
1047 2154 1162 2223 abestv
1193 2154 1243 2220 lbi
1260 2155 1377 2219 certior

209 2255 250 2321 fist
269 2278 287 2322 a
307 2253 460 2337 pluribus
492 2250 645 2343 homines
676 2250 867 2334 permultos
891 2251 1016 2321 liberos
1040 2264 1141 2334 atque
1164 2275 1284 2322 servos
1307 2259 1376 2321 cot·

209 2355 301 2435 gisse
330 2367 364 2421 et
392 2372 544 2420 arctasse
572 2349 769 2420 Aebutium.
808 2353 917 2419 ,Cum
943 2354 976 2418 id
1012 2355 1136 2435 partim
1165 2357 1374 2430 mirarentur,

208 2458 335 2537 poietin
356 2477 423 2521 non
447 2453 638 2530 crederent,
662 2473 741 2523 eece
760 2453 832 2531 ipse
844 2454 1011 2537 Aebutius
1026 2455 1059 2518 in
1078 2455 1374 2530 castellum'venitr

210 2556 388 2621 denuntiat
409 2554 577 2618 Caecinae
600 2573 637 2621 se
671 2563 823 2617 armatos
847 2550 991 2630 habere3
1024 2556 1193 2621 abiturum
1216 2577 1294 2622 eum
1317 2576 1375 2622 nen

210 2674 305 2730 esse,
338 2655 368 2721 si
384 2657 593 2720 accessisset.
632 2653 799 2717 Caecinae
813 2649 939 2732 placuit
955 2666 989 2718 ct
1006 2656 1141 2739 amicis,
1161 2647 1280 2736 'quoad
1294 2655 1375 2722 vide·

149 2767 189 2831 21
209 2767 306 2820 retur
329 2754 429 2824 salvo
455 2756 564 2835 capite
592 2754 667 2818 fieri
698 2770 817 2835 posse,
833 2824 837 2829 ,
855 2754 1014 2832 experiri.
1057 2756 1145 2843 Τιιιιι
1175 2752 1217 2820 de
1247 2746 1374 2824 castello

211 2853 440 2930 deseenduut3
472 2857 504 2921 ιιι
521 2852 664 2921 fundum
679 2852 956 2933 proficiscuntur.
998 2853 1140 2919 Videtur
1156 2866 1283 2922 temere
1297 2860 1377 2922 coui-

209 2957 372 3034 missum3
400 2964 519 3021 verum
528 3003 537 3037 ‚
572 2965 611 3018 ut
634 2954 775 3035 opinor,
806 2950 872 3019 hoe
899 2954 971 3018 fuit
988 2974 1129 3021 causae:
1147 2967 1231 3023 ,tarn
1262 2963 1376 3022 temere

179 3058 315 3124 ’istum
346 3076 383 3122 re
416 3056 696 3132 commissurum,
735 3076 836 3136 quam
867 3055 980 3121 verbis
1011 3056 1247 3138 minitabatur,
1286 3050 1375 3124 nemo

209 3158 352 3240 putavit.

288 3259 385 3324 Vlll.
428 3258 572 3338 Atque
563 3269 627 3324 rste
648 3222 688 3323 ad
714 3276 833 3324 omnes
852 3257 1030 3333 introitus,
1060 3271 1125 3338 qua
1147 3255 1231 3323 adiri
1256 3267 1417 3338 poteratl

209 3378 280 3423 non
304 3355 444 3422 modo
436 3380 468 3422 ιιι
491 3378 569 3421 eum
592 3357 771 3430 fundum,
787 3355 834 3421 de
858 3379 925 3437 quo
954 3369 1027 3424 erat
1054 3360 1303 3433 controversia,
1322 3354 1375 3422 sed

210 3457 311 3522 etiam
337 3457 370 3521 in
392 3455 484 3521 illurn
508 3458 721 3536 proximum,
742 3456 872 3536 dequo
893 3455 975 3523 nihil
1000 3457 1252 3536 ambigebatur,
1276 3478 1375 3524 arma·

210 3566 264 3621 tos
293 3554 448 3620 homines
475 3558 626 3635 opponit.
667 3556 785 3637 Itaque
810 3558 919 3636 primo
942 3576 1019 3621 curn
1044 3561 1077 3622 ιιι
1102 3546 1276 3639 antiquum
1303 3557 1375 3620 furi·

210 3654 285 3721 dum
311 3655 441 3734 ingredi
470 3654 587 3731 vellet,
609 3654 701 3736 quod
732 3677 770 3730 ea
799 3656 956 3735 proxime
985 3655 1098 3722 accedi
1129 3670 1278 3736 poterat,
1311 3658 1375 3720 fre·
1416 3714 1417 3741 1

148 3769 187 3831 22
210 3768 351 3836 quentes
386 3756 507 3820 arunati
542 3754 757 3820 obstiterunt.
797 3756 879 3844 'Quo
913 3755 990 3822 loco
1022 3755 1184 3836 depulsus
1220 3756 1373 3829 Caecina,
1416 3748 1417 3755 ἵ

211 3862 341 3934 tamen,
364 3877 428 3941 qua
453 3855 584 3936 potuit,
617 3855 761 3924 adeum
787 3855 931 3920 liuidum
954 3855 1129 3936 profectus
1160 3868 1228 3932 est,
1256 3858 1288 3921 in
1311 3874 1373 3935 qno

209 3999 402 4014 Μ

277 4096 288 4157 b
315 4098 353 4142 te.
372 4101 395 4140 et
420 4110 472 4140 cum
502 4097 544 4139 iste
567 4094 713 4141 Schuetzius.
728 4116 764 4129 -
781 4094 881 4151 seseque]
899 4093 949 4138 Erf.
967 4065 1034 4152 seque
1050 4094 1120 4144 0.-
1134 4095 1200 4140 otiu
1217 4091 1266 4157 itte]
1285 4092 1374 4138 Ert-

209 4181 275 4224 lnn'ns
292 4182 332 4223 ille
349 4179 453 4237 Pantug.
471 4178 529 4223 Ern.
541 4176 615 4234 fundi
631 4180 654 4220 et
663 4173 768 4236 fructus]
788 4176 839 4219 Erf.
858 4177 905 4219 eius
922 4179 945 4218 et
954 4175 1049 4232 fructus
1059 4175 1133 4232 fundi
1156 4177 1187 4221 Ο.
1416 4226 1417 4265 1

245 4324 248 4331 Δ
276 4259 347 4321 §22
365 4263 389 4304 ιιι
409 4257 465 4320 quo]
484 4260 535 4309 Eri,
554 4273 583 4303 ee
601 4272 646 4317 qno
664 4258 695 4302 0.
707 4281 740 4293 -
752 4270 806 4300 voce
823 4256 901 4314 clare]
918 4257 970 4302 Eri.
988 4261 1052 4301 clarc
1070 4270 1124 4304 voce
1142 4258 1175 4305 Ο.
