2850 4759
202 277 369 354 ORATIO
392 278 453 346 tv,
477 276 524 346 IN
549 276 869 359 colluctante.
895 281 966 347 let
984 287 1016 351 l.
1130 281 1189 347 ²45

50 462 195 523 maguum
226 441 260 507 in
286 461 322 506 re
347 436 482 523 publiea
505 440 633 507 'versari
659 439 808 506 furorem
837 451 871 506 et
903 463 992 508 nova
1024 437 1187 525 quaedam

49 546 170 613 misceri
190 556 225 611 et
243 544 406 612 concitari
424 542 514 610 mala
532 541 729 640 iampridem
749 540 921 621 videbams
940 544 1000 611 sed
1015 543 1100 611 hane
1115 559 1187 612 tarr·

46 661 121 725 tam,
142 661 209 715 tarn
230 645 406 714 exitiosam
428 645 540 713 haberi
562 646 828 713 coniurationem
844 648 1003 715 acivibus
1018 670 1187 731 nunqruun

45 753 157 836 putavi.
197 752 313 827 Nunc,
340 749 498 834 quidquid
521 763 590 824 est,
618 772 816 834 quoeunque
836 763 967 817 vestrae
989 763 1118 817 mentes
1137 750 1187 817 in·

45 852 158 921 obiret
176 868 275 937 atque
295 855 494 931 sententiae,
519 854 735 921 statuendum
755 854 849 921 vobis
869 867 946 920 aute
966 867 1099 921 renotem
1121 865 1185 922 est.

46 957 206 1048 Quantum
228 959 357 1024 lacinus
378 956 504 1026 advos
524 955 670 1026 delatum
691 959 750 1044 sit,
778 956 909 1024 videtis.
950 958 1036 1024 Huic
1056 959 1084 1026 si
1104 979 1187 1041 psu-

45 1083 95 1129 oos
113 1063 236 1144 putatis
257 1063 365 1128 affines
388 1081 480 1146 esse,
501 1061 717 1130 vehementer
732 1063 861 1130 erratis.
901 1062 1013 1129 Latius
1029 1063 1186 1145 opinione

45 1164 285 1234 disseminatum
313 1178 366 1232 est
392 1163 458 1249 boc
479 1164 623 1247 nralumr
651 1167 799 1232 manavit
819 1190 886 1234 non
907 1165 1018 1236 solum
1038 1188 1099 1250 per
1117 1166 1185 1235 lta·

44 1268 126 1345 liam,
145 1292 263 1337 rerum
286 1270 387 1337 etiarn
408 1270 613 1337 transcendit
626 1267 729 1352 Alpes
744 1282 777 1337 et
792 1271 933 1338 obscure
947 1291 1085 1355 serpens
1099 1268 1186 1338 niul·

45 1384 87 1439 tas
111 1375 174 1440 iarn
200 1374 390 1455 provincias
419 1373 605 1454 occupavit.
654 1373 690 1439 ld
724 1376 867 1457 opprimi
899 1373 1117 1442 sustentando
1145 1392 1187 1441 ac

44 1475 229 1558 prolatando
256 1475 349 1544 nullo
376 1488 477 1559 pacto
504 1488 628 1559 potest.
674 1479 882 1572 Quocunque
907 1480 1036 1547 ratione
1062 1471 1191 1563 placet,

45 1579 185 1649 celeriter
202 1581 301 1649 vobis
317 1579 553 1647 vindicandum
574 1592 641 1649 est.

108 1684 162 1780 lY.
203 1684 309 1751 Video
332 1684 414 1751 duas
436 1682 545 1751 adhuc
565 1705 639 1753 esse
658 1690 858 1755 sententias:
885 1709 986 1754 unam
1007 1687 1047 1754 D.
1070 1684 1226 1775 Silani?
1310 1691 1311 1694 ’

46 1790 95 1869 qui
108 1798 344 1866 censet,'cos.
380 1789 435 1870 qui
462 1786 545 1854 haee
571 1788 682 1880 delere
709 1792 820 1857 conati
847 1802 944 1870 sunt,
979 1802 1089 1857 morte
1110 1812 1185 1858 esse

44 1891 236 1972 multandum
267 1891 407 1959 alteram
433 1892 470 1958 C.
494 1894 663 1969 Caesaris,
694 1895 749 1976 qui
769 1896 889 1962 mortis
910 1905 1051 1976 poenar'n
1072 1916 1183 1961 remo·

44 2005 104 2073 vet,
131 2012 320 2064 ceterorum
341 1993 584 2078 suppliciorum
604 2019 720 2065 onrnes
741 1999 937 2065 acerbitates
958 1997 1184 2080 amplectitur.

43 2095 175 2183 Uterque
202 2113 238 2168 et
264 2123 323 2183 pro
353 2102 403 2167 sui
431 2099 592 2180 dignitate
617 2113 650 2167 et
675 2124 737 2183 pro
766 2122 877 2167 rerum
900 2100 1128 2181 magnitudine
1147 2104 1182 2169 in

44 2193 359 2272 summa-seueritate
380 2215 547 2269 versatur.
587 2201 683 2270 Alter
705 2225 782 2280 eos,
810 2204 864 2285 qui
885 2225 947 2270 nos
969 2226 1104 2282 omnes,
1125 2207 1182 2288 qni

44 2305 187 2388 populum
208 2309 400 2375 Romanurn
424 2304 498 2371 rita>
510 2308 642 2388 privare
662 2308 777 2374 conati
795 2321 890 2383 sunt,
911 2310 966 2391 qui
988 2307 1098 2376 delere
1119 2310 1181 2375 ini.

43 2413 176 2491 perium,
207 2409 264 2495 qui
291 2409 406 2494 populi
434 2411 575 2477 Romani
602 2433 725 2478 nomen
752 2411 988 2492 exstinguere,
1018 2423 1181 2493 puuctum

45 2518 187 2597 temporis
212 2515 280 2582 frui
302 2517 368 2581 vita
395 2527 427 2580 et
447 2514 512 2581 boc
533 2517 703 2581 conuuuni
733 2516 937 2597 spiritunon
965 2527 1059 2598 putat
1080 2538 1180 2598 opor·

45 2625 114 2695 tere,
145 2632 247 2702 atque
273 2618 339 2685 boc
366 2640 471 2697 genus
500 2637 626 2700 poenae
652 2639 752 2701 saepe
781 2622 812 2685 in
838 2619 1008 2703 improbos
1037 2620 1125 2689 cives
1146 2621 1181 2689 in

39 2714 93 2796 ,hac
117 2744 150 2788 re
176 2720 310 2805 publiea
337 2742 411 2789 esse
440 2735 635 2803 usurpatum
652 2723 870 2810 recordatur.
911 2723 1007 2790 Alter
1027 2724 1181 2805 iutelligit

45 2837 169 2894 mortem
196 2849 217 2893 a
245 2826 307 2892 diis
335 2824 579 2892 immortalibus
606 2849 671 2893 non
699 2849 774 2894 esse
799 2827 952 2909 supplicii
980 2850 1080 2896 causa
1096 2851 1180 2895 con-

43 2927 192 3010 stitutam,
214 2930 274 2998 sed
288 2933 354 2997 'aut
374 2932 606 2998 necessitatem
628 2943 766 2997 naturae
787 2943 844 2998 aut
860 2930 1066 2998 labornmac
1080 2932 1179 2998 inise-

43 3030 151 3100 riarunr
171 3035 316 3117 quieteur
339 3054 423 3100 esse.
463 3033 578 3116 ltaque
599 3055 673 3101 eum
694 3037 860 3116 sapientes
880 3056 1049 3116 nunquam
1069 3034 1178 3111 inriti,

44 3131 133 3206 fortes
153 3159 254 3220 saepe
274 3138 373 3203 etiam
401 3136 541 3203 libenter
567 3138 809 3218 appetiverunt.
856 3136 997 3209 Vincula
1016 3158 1112 3215 vero,
1145 3150 1179 3205 et
1201 3207 1204 3214 ,

46 3253 76 3300 ea
90 3242 308 3323 sempiterna,
340 3254 431 3306 certe
452 3239 492 3305 ad
515 3238 719 3319 singularem
742 3260 884 3322 poenam
904 3241 1023 3307 nefarii
1043 3240 1178 3310 sceleris

44 3336 166 3409 inventa·
192 3353 281 3412 sunt.
333 3344 526 3425 Municipiis
554 3340 720 3426 dispertiri
747 3346 847 3411 iubet.
896 3345 1026 3411 Habere
1047 3343 1202 3430 videtur

31 3435 96 3511 'ista
113 3465 163 3514 res
184 3448 409 3529 iniquitatem,
440 3449 466 3514 si
488 3447 650 3530 imperare
670 3446 770 3533 velis,
802 3447 1045 3526 difficultatem,
1075 3450 1103 3517 si
1123 3471 1178 3515 ro·
1268 3507 1273 3518 .

45 3566 122 3622 tare.
161 3552 367 3618 Decernatur
389 3563 513 3628 tamen,
534 3552 561 3617 si
582 3544 700 3633 placet.
742 3552 815 3632 Ego
835 3554 921 3618 eninr
940 3553 1117 3635 suscipiam
1132 3566 1176 3630 et,
1196 3560 1218 3621 8

45 3660 75 3713 ut
91 3672 202 3733 spero,
223 3656 402 3738 reperiam,
426 3654 553 3737 quiid,
574 3655 664 3738 quod
683 3654 799 3724 salutis
820 3657 969 3723 omniurn
991 3678 1092 3724 eausa
1111 3668 1178 3725 sta-

46 3746 217 3763 ὴ

99 3793 146 3855 bl.
163 3799 236 3843 bdlruc
251 3799 307 3843 duos
324 3798 354 3843 tt.
372 3792 430 3856 (non
447 3793 488 3854 T.)
501 3820 532 3832 —
545 3808 600 3853 quur
618 3800 690 3841 censet
705 3795 757 3843 ΤΒ.
769 3822 803 3834 -
817 3796 868 3858 sui]
885 3797 937 3843 Tu.
954 3797 1006 3842 Erf.
1022 3811 1062 3843 sua
1078 3795 1178 3841 Em.-

45 3871 81 3921 Vv.
100 3882 136 3937 qni
155 3885 261 3940 populum
283 3883 410 3926 Romanum
429 3877 438 3939 [
455 3878 465 3940 ]
484 3880 590 3939 Madvig.
614 3882 643 3926 de
667 3882 762 3928 Blocbii
785 3883 908 3928 sententie.
930 3904 965 3920 -·
982 3881 1101 3941 punctum]
1124 3880 1176 3931 Tu.

45 3956 90 4005 Em·
102 3977 142 4019 per·
154 3970 260 4023 puuctum
276 3966 305 4011 P.
317 3957 411 4010 -'nr'tu
424 3964 478 4023 frui
495 3966 525 4012 R.
535 3987 565 4002 ι-
579 3978 648 4024 saepe
661 3962 741 4023 etium]
761 3964 813 4012 Tit.
829 3964 880 4010 Erf.
898 3965 967 4010 ettam
983 3978 1049 4021 coepe
1071 3963 1126 4009 Era.
1144 3985 1177 4000 ·-
1282 4019 1285 4027 ⁸

47 4042 129 4092 utura
143 4048 171 4096 Τ.
188 4075 222 4086 -
240 4053 397 4109 appetiverunt
412 4050 463 4094 Tit.
908 4069 910 4074 ’

99 4129 147 4191 iss·
161 4136 238 4195 putet]
255 4136 328 4181 TRP.
349 4139 428 4193 putent
443 4134 500 4180 Ern.
522 4133 585 4180 coni.
602 4159 637 4171 -
652 4133 793 4195 municipiis]
811 4137 841 4181 R.
864 4135 914 4180 Erf.
932 4133 1037 4192 Madvig.
1055 4134 1176 4189 municipi-

47 4208 78 4255 Μ
92 4211 117 4261 Τ.
132 4218 186 4265 Em.
202 4245 236 4258 -
252 4223 341 4266 macula
362 4233 440 4265 cortun
463 4219 492 4265 lt.
514 4218 572 4279 (nou
596 4218 637 4279 Τ.)
654 4245 685 4255 -
709 4221 834 4264 circumdat
850 4224 872 4265 el
887 4221 968 4277 dignus
984 4220 1066 4262 scelere
1083 4218 1106 4260 lt.
1120 4229 1175 4272 per-

48 4294 145 4353 stilorum,
168 4308 241 4349 sancit
256 4305 363 4365 Madvig.
381 4318 433 4350 curn
450 4303 533 4349 anb.
551 4305 700 4360 ot‘Mureto,
727 4311 811 4352 contra
827 4305 905 4351 codd.
923 4315 996 4349 moos.
1016 4326 1045 4336 -
1063 4297 1174 4358 bonum]

48 4376 108 4429 TR1²·
122 4383 157 4446 (lu
171 4391 271 4448 miseriis
282 4393 383 4436 turrim
399 4387 440 4450 P.)
463 4383 576 4436 bominem
592 4390 649 4437 Eru.
667 4416 697 4430 -
715 4393 737 4435 u*
752 4391 847 4435 eruum
862 4387 890 4433 T.
910 4411 939 4425 -·
962 4386 1044 4429 multos
1061 4377 1118 4445 cet]
1136 4381 1174 4427 Sic
