2850 4759
91 366 93 375 Α
135 342 138 345 ,
170 282 335 352 enarro
359 283 444 353 rao
465 282 586 352 cuca
606 283 820 364 aunuum,
843 306 873 351 c.
897 288 935 349 aa
957 297 991 354 u
1009 288 1060 351 u.
1151 288 1209 395 nr

52 463 140 525 nuper
166 444 210 510 ita
237 443 334 511 vobis
363 440 584 526 patribusque
613 443 738 511 vestris
760 462 837 511 esse
858 443 988 524 visum,
1025 457 1064 511 ut
1084 445 1118 512 in
1139 467 1208 515 uno

53 546 210 613 curario
235 566 314 627 sues
342 545 475 628 imperii
502 557 707 628 poneretur,
741 559 782 614 ut
807 542 896 609 idern
926 566 1004 612 cunr
1027 546 1208 630 Iugurtha,

50 646 120 713 idem
136 668 209 713 curn
226 647 392 725 Cimbris,
413 647 502 715 idern
519 668 599 714 cum
614 645 780 713 Teutonis
796 643 921 713 bellum
939 646 1207 715 administraret:

50 749 156 830 inipso
177 749 237 816 Cn.
261 749 441 832 Pompeio,
460 752 495 817 iu
517 772 585 834 quo
606 750 686 817 novi
707 750 868 815 constitui
891 748 972 814 nilril
995 748 1066 816 volt
1085 749 1129 839 Q.
1144 750 1208 815 Oa·
1227 757 1267 819 dl

51 849 139 926 tulus,
172 873 271 934 quarn
302 851 409 919 multa
437 853 507 919 sint
534 872 625 920 ruera
651 871 788 920 summa
816 849 860 941 Q
891 849 1002 917 Catuli
1030 849 1207 916 voluntate

49 954 227 1033 constituta,
251 954 490 1021 recordamini.
1266 950 1270 961 ¹

108 1056 198 1122 text.
241 1054 334 1146 Quid
355 1068 425 1123 tam
447 1077 595 1134 urorum,
624 1077 727 1138 quarn
749 1052 1064 1132 adolescentulum,
1093 1055 1207 1136 priva·

51 1158 321 1231 rnnn,-enarcirum
344 1156 467 1224 difficili
488 1158 712 1241 reipublicae
736 1171 888 1239 tempure
904 1156 1099 1223 conficere?
1121 1178 1206 1223 corna

48 1255 127 1323 lecit:
140 1257 215 1326 huic
228 1260 416 1341 praeesse?
437 1261 607 1342 praefuitz
624 1280 697 1326 rem
714 1260 844 1341 optime
860 1257 964 1325 duem
981 1278 1043 1324 suo
1057 1255 1205 1336 gerere?

25 1358 141 1451 nensis.
180 1361 272 1452 Quid
304 1373 374 1430 tam
404 1375 541 1445 praeter
578 1344 891 1436 consuetudinem,
937 1380 1038 1442 quam
1073 1355 1205 1426 homini

46 1460 309 1539 peradulescenti,
333 1465 430 1532 cuius
454 1477 546 1535 actas
566 1487 586 1532 a
610 1463 785 1533 senatorio
807 1461 916 1542 gradu
940 1460 1040 1541 louge
1058 1461 1205 1537 abesset,

45 1561 198 1644 inruperium
238 1578 344 1650 atqua
375 1568 566 1634 exercitum
603 1565 695 1642 dari,
736 1563 884 1631 Siciliam
918 1563 1070 1645 permitti
1102 1574 1204 1643 atqua

46 1664 171 1732 Africam
191 1666 386 1752 bellumque
410 1671 446 1736 in
464 1689 504 1736 ea
524 1666 861 1736 administrandum?
897 1666 973 1731 Fuit
993 1667 1026 1730 in
1052 1663 1104 1730 lais
1125 1684 1204 1745 pro-

46 1765 139 1835 uinciis
153 1769 318 1850 singulari
332 1771 526 1838 innocentia
540 1772 709 1850 gravitate
724 1771 869 1836 virtute:
894 1766 1019 1833 bellum
1036 1766 1069 1832 in
1084 1762 1204 1831 Africa

46 1871 205 1938 maninmnr
235 1860 403 1956 consiscit,
434 1873 604 1939 rictorem
637 1874 828 1939 exercitum
861 1869 1066 1952 deportarit.
1110 1864 1204 1958 Quid
1302 1924 1306 1929 .

46 1989 109 2036 vcro
133 1984 194 2039 tarn
215 1972 426 2050 inauditum,
455 1995 555 2055 quam
577 1975 729 2055 eqrritern
748 1975 941 2042 Romanum
964 1967 1204 2051 triumpharet>

46 2081 72 2135 at
90 2092 153 2147 earn
177 2093 402 2159 quoquerem
424 2079 570 2158 populus
592 2078 768 2144 Romanus
791 2098 860 2142 non
883 2073 984 2140 modo
1010 2072 1111 2145 vidit,
1142 2067 1204 2139 sed

47 2178 117 2239 onnni
146 2179 243 2243 etiam
278 2175 393 2245 studio
435 2178 612 2246 visendam
648 2190 682 2244 et
720 2174 1026 2243 concelebrandam
1058 2171 1203 2253 putavit.

46 2271 118 2361 Quid
142 2290 205 2344 tarn
231 2280 453 2362 inusitatum,
489 2302 590 2362 quam
617 2291 672 2363 ut,
705 2300 784 2344 cum
810 2277 877 2343 (luo
903 2272 1062 2342 consules
1087 2270 1203 2338 clanis·
1221 2281 1262 2344 62

44 2375 103 2441 sinui
128 2379 368 2464 fortissimique
394 2394 525 2460 esseut,
549 2402 651 2464 eques
673 2383 849 2465 Ronranus
874 2376 915 2443 ad
940 2373 1066 2442 bellum
1091 2371 1203 2438 maxi·

45 2495 119 2545 nrum
137 2481 564 2566 formidolosissimumque
584 2504 648 2563 pro
670 2479 812 2547 consule
832 2475 1052 2544 uniuersum-⁶?
1074 2475 1201 2541 missus

24 2580 99 2647 cst.
130 2583 204 2671 Quo
229 2586 367 2666 quidem
399 2599 573 2668 tempore,
596 2596 673 2650 cum
694 2593 787 2648 esset
802 2605 871 2648 non
891 2601 991 2646 uerum
1011 2579 1047 2644 in
1067 2587 1200 2652 senatu,
1249 2595 1260 2607 '¹

44 2680 86 2758 qui
111 2681 249 2772 eliceret,
283 2685 369 2752 nson
393 2698 565 2777 oportere
589 2686 685 2752 arieti
707 2683 890 2748 donuinam
913 2681 1106 2766 priuatum
1126 2699 1200 2762 pro

43 2783 179 2870 rorrsule;
213 2790 263 2858 L.⁴
279 2781 454 2872 Philippus
486 2790 615 2871 dixisse
645 2786 788 2853 dicitur:
823 2781 911 2849 Nora
935 2803 974 2847 sc
999 2780 1105 2846 illum
1129 2799 1201 2846 sua

41 2899 208 2921 ἣ·-

93 2978 103 3039 l
119 2983 156 3028 61.
173 2987 196 3030 in
214 2988 259 3031 doc
278 2986 330 3041 ipso
348 2982 421 3029 Liber
438 2979 612 3041 N‘rirnbergeri.
627 3003 663 3015 -
680 2979 736 3037 quid
754 2972 812 3037 rann]
831 2975 860 3019 E.
879 2975 934 3033 quiri
951 2974 1011 3016 enim
1025 2977 1075 3028 ‘ram
1093 2969 1152 3015 Ero.
1163 2989 1198 3004 -

41 3060 89 3104 eninr
103 3070 159 3109 actas
176 3064 234 3130 cet]
254 3069 319 3112 caius
339 3083 354 3111 a
376 3068 495 3111 serratorio
518 3066 595 3122 paris
617 3068 680 3107 aetus
703 3061 761 3104 Ero.
779 3082 816 3092 -
838 3060 861 3100 in
886 3072 912 3100 ea
934 3055 1058 3110 prouincia
1076 3052 1105 3097 E.-
1140 3049 1197 3096 Nou
1221 3044 1225 3050 ’

40 3146 116 3202 recepi,
140 3150 194 3209 quia
212 3151 295 3197 statim
314 3152 422 3212 sequitur
445 3153 469 3194 r'rr
487 3150 523 3193 lrr's
536 3147 677 3204 prouinciis.
702 3170 736 3181 -
760 3135 884 3201 uictorem}
903 3139 931 3184 E.
952 3140 1065 3182 uictorum
1082 3134 1140 3181 Ero.
1164 3156 1197 3169 -

41 3227 89 3268 onrrri
103 3229 175 3290 ctiam]
195 3232 221 3276 E.
241 3235 311 3277 ctiam
329 3234 393 3276 omrrr'
410 3231 468 3276 Era.
1193 3222 1197 3235 ¹

91 3309 101 3368 l
122 3314 160 3358 69.
178 3314 290 3376 vulcanus]
311 3317 456 3362 taatrennu
475 3314 532 3361 Ero.

38 3409 206 3433 -—-....

42 3502 46 3507 ‚
91 3474 100 3535 l
121 3479 158 3525 61.
180 3476 379 3542 per-adolescenti]
399 3458 492 3523 XXIV.
510 3491 587 3522 annos
605 3483 675 3541 nato.
699 3500 734 3511 -
757 3477 820 3517 aetas
838 3474 907 3528 longe
924 3466 1025 3528 abesset]
1045 3473 1103 3513 octo
1127 3466 1196 3512 anuis

39 3554 124 3615 scilicet,
142 3577 194 3608 nam
210 3570 261 3610 tum
278 3566 310 3610 ad
327 3568 483 3625 quaesturam
501 3546 630 3619 nerrenire
648 3557 761 3604 solebant
779 3555 869 3602 aetatis
886 3568 953 3599 anuo
969 3551 1079 3610 XXXI„
1098 3551 1153 3596 ‘rude
1170 3550 1195 3596 iu

39 3647 133 3697 nuatum.
180 3640 213 3670 =‘
692 3634 696 3641 '

90 3724 100 3784 l
124 3716 162 3774 62.
186 3731 232 3774 duo
257 3725 328 3790 coen]
352 3729 490 3773 Mamercus
513 3726 632 3771 Aemilius
663 3723 782 3783 Lepidus,
811 3721 843 3768 D.
868 3719 951 3767 Iunius
974 3717 1063 3764 Brutus
1086 3717 1196 3762 Iulianus

38 3814 55 3846 i·
70 3819 88 3851 tt·
103 3812 191 3858 exiiii.
207 3815 293 3861 -‘L.
316 3812 425 3858 Marcius
449 3803 652 3868 Philippus‘cos.
675 3824 700 3853 a.
725 3821 748 3852 u.
774 3821 796 3852 c.
820 3805 879 3849 663.
897 3828 931 3841 -
949 3804 1029 3847 consur
1045 3806 1098 3846 aute
1107 3799 1195 3860 fieret]

38 3895 196 3941 ¹¹·11·c.68⁴l.
215 3910 270 3940 cum
288 3897 321 3941 Μ.
341 3895 437 3940 Licinio
449 3895 548 3940 Crasso.
584 3893 617 3938 Η.
635 3893 651 3935 l.
670 3891 722 3936 scil.
740 3904 789 3935 non
808 3893 953 3948 quaestura,
970 3886 1013 3930 sed
1030 3884 1124 3930 curules
1141 3890 1196 3930 tan·

38 3973 76 4013 ΠΜ
91 3976 237 4035 magistratus
255 3986 425 4025 numerantur..
455 3976 595 4023 teduisam
614 3980 696 4023 sarem
714 3974 836 4031 petendae
853 3984 929 4016 annus
947 3975 1000 4014 erat
1011 3969 1105 4023 Simus,
1122 3981 1195 4025 prae·

38 4054 93 4100 lune
108 4058 201 4118 tomus,
227 4064 368 4110 consulatus
389 4062 484 4107 asnaa.
519 4061 554 4107 Aa
577 4043 721 4116 Pompeius=
735 4057 784 4101 iam
808 4068 874 4099 auno
892 4038 1033 4098 assaliret
1057 4050 1196 4108 designatus

39 4142 81 4181 itti
94 4146 178 4193 consul.
213 4147 323 4204 Appian.
341 4145 371 4192 B.
390 4145 418 4191 C.
439 4145 467 4199 1,
488 4144 544 4188 121.
561 4135 661 4194 ὕπατος
677 4140 777 4202 ἐγένετο
799 4130 858 4186 οὔτε
874 4126 1052 4199 στρατηγήσας
1070 4126 1130 4181 οὔτε
1149 4148 1196 4178 τα.

37 4213 188 4293 trivortinus
209 4246 237 4277 τε
253 4229 459 4294 ‘taurustaurus
478 4229 519 4276 iai
538 4229 591 4280 τοῖς
605 4214 752 4290 τριάκοντα.
768 4246 804 4275 e-
823 4222 906 4264 iltrum
926 4216 1005 4277 equa]
1024 4216 1096 4262 vittit
1113 4215 1194 4259 Sesti>-

40 4303 99 4349 ‘nrt
113 4322 134 4352 a.
152 4324 174 4356 n.
192 4326 213 4356 c.
233 4313 291 4357 esa.
762 4309 765 4313 ’
