<?xml version="1.0" encoding="UTF-8"?>
<!DOCTYPE html PUBLIC "-//W3C//DTD XHTML 1.0 Transitional//EN"
    "http://www.w3.org/TR/xhtml1/DTD/xhtml1-transitional.dtd">
<html xmlns="http://www.w3.org/1999/xhtml" xml:lang="en" lang="en">
 <head>
  <title>
</title>
<meta http-equiv="Content-Type" content="text/html;charset=utf-8" />
  <meta name='ocr-system' content='tesseract 3.04.00' />
  <meta name='ocr-capabilities' content='ocr_page ocr_carea ocr_par ocr_line ocrx_word'/>
</head>
<body>
  <div class='ocr_page' id='page_1' title='image "./mtulliiciceroni00orelgoog_0425.png"; bbox 0 0 2850 4759; ppageno 0'>
   <div class='ocr_carea' id='block_1_1' title="bbox 253 262 1229 357">
    <p class='ocr_par' dir='ltr' id='par_1_1' title="bbox 253 262 1229 357">
     <span class='ocr_line' id='line_1_1' title="bbox 253 262 1229 357; baseline 0.004 -11"><span class='ocrx_word' id='word_1_1' title='bbox 253 277 424 347; x_wconf 82' lang='lat' dir='ltr'><strong>enarro</strong></span> <span class='ocrx_word' id='word_1_2' title='bbox 450 278 702 347; x_wconf 80' lang='lat' dir='ltr'><strong>rnrnrrrroa</strong></span> <span class='ocrx_word' id='word_1_3' title='bbox 723 283 790 357; x_wconf 84' lang='grc' dir='ltr'><strong>ιι,</strong></span> <span class='ocrx_word' id='word_1_4' title='bbox 812 301 845 349; x_wconf 77' lang='lat' dir='ltr'><strong>c.</strong></span> <span class='ocrx_word' id='word_1_5' title='bbox 867 283 1018 350; x_wconf 81' lang='lat' dir='ltr'><strong>ra-n.</strong></span> <span class='ocrx_word' id='word_1_6' title='bbox 1165 262 1229 350; x_wconf 80' lang='lat' dir='ltr'><strong>iro</strong></span> 
     </span>
    </p>
   </div>
   <div class='ocr_carea' id='block_1_2' title="bbox 26 435 1293 3537">
    <p class='ocr_par' dir='ltr' id='par_1_2' title="bbox 26 435 1231 822">
     <span class='ocr_line' id='line_1_2' title="bbox 26 435 1230 520; baseline 0.004 -17"><span class='ocrx_word' id='word_1_7' title='bbox 26 437 307 504; x_wconf 77' lang='lat' dir='ltr'><strong>Testamentum</strong></span> <span class='ocrx_word' id='word_1_8' title='bbox 332 435 465 502; x_wconf 86' lang='lat' dir='ltr'><strong>irritum</strong></span> <span class='ocrx_word' id='word_1_9' title='bbox 490 436 591 515; x_wconf 67' lang='lat' dir='ltr'><strong>lceitq</strong></span> <span class='ocrx_word' id='word_1_10' title='bbox 612 437 703 520; x_wconf 87' lang='lat' dir='ltr'><strong>quod</strong></span> <span class='ocrx_word' id='word_1_11' title='bbox 724 438 825 504; x_wconf 87' lang='lat' dir='ltr'><strong>etiam</strong></span> <span class='ocrx_word' id='word_1_12' title='bbox 847 438 973 505; x_wconf 85' lang='lat' dir='ltr'><strong>infimis</strong></span> <span class='ocrx_word' id='word_1_13' title='bbox 993 439 1122 507; x_wconf 79' lang='lat' dir='ltr'><strong>civibus</strong></span> <span class='ocrx_word' id='word_1_14' title='bbox 1141 460 1230 508; x_wconf 84' lang='lat' dir='ltr'><strong>sem·</strong></span> 
     </span>
     <span class='ocr_line' id='line_1_3' title="bbox 26 537 1231 621; baseline 0.005 -19"><span class='ocrx_word' id='word_1_15' title='bbox 26 557 101 619; x_wconf 88' lang='lat' dir='ltr'><strong>per</strong></span> <span class='ocrx_word' id='word_1_16' title='bbox 130 538 308 604; x_wconf 82' lang='lat' dir='ltr'><strong>obtentum</strong></span> <span class='ocrx_word' id='word_1_17' title='bbox 333 547 397 604; x_wconf 85' lang='lat' dir='ltr'><strong>est.</strong></span> <span class='ocrx_word' id='word_1_18' title='bbox 440 537 561 616; x_wconf 86' lang='lat' dir='ltr'><strong>Signa,</strong></span> <span class='ocrx_word' id='word_1_19' title='bbox 585 538 735 616; x_wconf 88' lang='lat' dir='ltr'><strong>tabulas,</strong></span> <span class='ocrx_word' id='word_1_20' title='bbox 763 558 847 621; x_wconf 90' lang='lat' dir='ltr'><strong>quas</strong></span> <span class='ocrx_word' id='word_1_21' title='bbox 868 538 994 621; x_wconf 89' lang='lat' dir='ltr'><strong>populo</strong></span> <span class='ocrx_word' id='word_1_22' title='bbox 1017 540 1142 613; x_wconf 89' lang='lat' dir='ltr'><strong>Caesar</strong></span> <span class='ocrx_word' id='word_1_23' title='bbox 1162 563 1231 608; x_wconf 91' lang='lat' dir='ltr'><strong>una</strong></span> 
     </span>
     <span class='ocr_line' id='line_1_4' title="bbox 26 635 1231 727; baseline 0.004 -23"><span class='ocrx_word' id='word_1_24' title='bbox 26 659 125 704; x_wconf 83' lang='lat' dir='ltr'><strong>cum</strong></span> <span class='ocrx_word' id='word_1_25' title='bbox 148 637 258 705; x_wconf 86' lang='lat' dir='ltr'><strong>hortis</strong></span> <span class='ocrx_word' id='word_1_26' title='bbox 276 635 422 717; x_wconf 78' lang='lat' dir='ltr'><strong>legavit,</strong></span> <span class='ocrx_word' id='word_1_27' title='bbox 446 658 502 727; x_wconf 85' lang='lat' dir='ltr'><strong>cas</strong></span> <span class='ocrx_word' id='word_1_28' title='bbox 523 638 577 705; x_wconf 88' lang='lat' dir='ltr'><strong>hie</strong></span> <span class='ocrx_word' id='word_1_29' title='bbox 596 639 719 721; x_wconf 85' lang='lat' dir='ltr'><strong>partim</strong></span> <span class='ocrx_word' id='word_1_30' title='bbox 741 639 775 702; x_wconf 92' lang='lat' dir='ltr'><strong>in</strong></span> <span class='ocrx_word' id='word_1_31' title='bbox 796 638 918 706; x_wconf 87' lang='lat' dir='ltr'><strong>hortos</strong></span> <span class='ocrx_word' id='word_1_32' title='bbox 931 640 1085 720; x_wconf 89' lang='lat' dir='ltr'><strong>Pompeii</strong></span> <span class='ocrx_word' id='word_1_33' title='bbox 1106 639 1231 722; x_wconf 86' lang='lat' dir='ltr'><strong>depor-</strong></span> 
     </span>
     <span class='ocr_line' id='line_1_5' title="bbox 27 735 714 822; baseline -0.001 -18"><span class='ocrx_word' id='word_1_34' title='bbox 27 739 149 815; x_wconf 81' lang='lat' dir='ltr'><strong>tavit‚</strong></span> <span class='ocrx_word' id='word_1_35' title='bbox 184 735 308 818; x_wconf 84' lang='lat' dir='ltr'><strong>partim</strong></span> <span class='ocrx_word' id='word_1_36' title='bbox 338 739 371 803; x_wconf 90' lang='lat' dir='ltr'><strong>iu</strong></span> <span class='ocrx_word' id='word_1_37' title='bbox 396 737 509 804; x_wconf 88' lang='lat' dir='ltr'><strong>villam</strong></span> <span class='ocrx_word' id='word_1_38' title='bbox 536 739 714 822; x_wconf 78' lang='lat' dir='ltr'><strong>Scipionis.</strong></span> 
     </span>
    </p>

    <p class='ocr_par' dir='ltr' id='par_1_3' title="bbox 31 837 1293 3425">
     <span class='ocr_line' id='line_1_6' title="bbox 124 837 1291 921; baseline 0.001 -18"><span class='ocrx_word' id='word_1_39' title='bbox 124 839 257 903; x_wconf 85' lang='lat' dir='ltr'><strong>XLlll.</strong></span> <span class='ocrx_word' id='word_1_40' title='bbox 299 837 345 904; x_wconf 88' lang='lat' dir='ltr'><strong>Et</strong></span> <span class='ocrx_word' id='word_1_41' title='bbox 370 849 405 905; x_wconf 92' lang='lat' dir='ltr'><strong>tu</strong></span> <span class='ocrx_word' id='word_1_42' title='bbox 432 838 466 905; x_wconf 92' lang='lat' dir='ltr'><strong>in</strong></span> <span class='ocrx_word' id='word_1_43' title='bbox 492 839 646 906; x_wconf 73' lang='lat' dir='ltr'><strong>Caesaris</strong></span> <span class='ocrx_word' id='word_1_44' title='bbox 672 842 837 909; x_wconf 88' lang='lat' dir='ltr'><strong>memoria</strong></span> <span class='ocrx_word' id='word_1_45' title='bbox 866 839 1039 921; x_wconf 66' lang='lat' dir='ltr'><strong>diligens?</strong></span> <span class='ocrx_word' id='word_1_46' title='bbox 1072 855 1107 909; x_wconf 90' lang='lat' dir='ltr'><strong>tu</strong></span> <span class='ocrx_word' id='word_1_47' title='bbox 1132 841 1291 910; x_wconf 78' lang='lat' dir='ltr'><strong>illumllt)</strong></span> 
     </span>
     <span class='ocr_line' id='line_1_7' title="bbox 31 938 1231 1030; baseline 0.004 -24"><span class='ocrx_word' id='word_1_48' title='bbox 31 958 142 1007; x_wconf 85' lang='lat' dir='ltr'><strong>amas</strong></span> <span class='ocrx_word' id='word_1_49' title='bbox 157 938 364 1005; x_wconf 73' lang='lat' dir='ltr'><strong>mortuum?</strong></span> <span class='ocrx_word' id='word_1_50' title='bbox 388 938 500 1028; x_wconf 78' lang='lat' dir='ltr'><strong>Quem</strong></span> <span class='ocrx_word' id='word_1_51' title='bbox 516 940 543 1006; x_wconf 90' lang='lat' dir='ltr'><strong>is</strong></span> <span class='ocrx_word' id='word_1_52' title='bbox 559 939 726 1027; x_wconf 87' lang='lat' dir='ltr'><strong>honorem</strong></span> <span class='ocrx_word' id='word_1_53' title='bbox 742 943 907 1007; x_wconf 86' lang='lat' dir='ltr'><strong>maiorem</strong></span> <span class='ocrx_word' id='word_1_54' title='bbox 922 954 1130 1010; x_wconf 83' lang='lat' dir='ltr'><strong>consecutus</strong></span> <span class='ocrx_word' id='word_1_55' title='bbox 1145 957 1231 1030; x_wconf 87' lang='lat' dir='ltr'><strong>erat,</strong></span> 
     </span>
     <span class='ocr_line' id='line_1_8' title="bbox 34 1037 1249 1125; baseline 0.004 -18"><span class='ocrx_word' id='word_1_56' title='bbox 34 1060 148 1122; x_wconf 80' lang='lat' dir='ltr'><strong>quam</strong></span> <span class='ocrx_word' id='word_1_57' title='bbox 165 1037 353 1106; x_wconf 85' lang='lat' dir='ltr'><strong>uthaberet</strong></span> <span class='ocrx_word' id='word_1_58' title='bbox 365 1037 541 1121; x_wconf 86' lang='lat' dir='ltr'><strong>pulvinar,</strong></span> <span class='ocrx_word' id='word_1_59' title='bbox 564 1039 806 1125; x_wconf 79' lang='lat' dir='ltr'><strong>simulacrum,</strong></span> <span class='ocrx_word' id='word_1_60' title='bbox 820 1041 1015 1121; x_wconf 82' lang='lat' dir='ltr'><strong>fastigium,</strong></span> <span class='ocrx_word' id='word_1_61' title='bbox 1029 1043 1231 1112; x_wconf 70' lang='lat' dir='ltr'><strong>flaminem?</strong></span> <span class='ocrx_word' id='word_1_62' title='bbox 1247 1058 1249 1063; x_wconf 82' lang='grc'><strong>’</strong></span> 
     </span>
     <span class='ocr_line' id='line_1_9' title="bbox 33 1130 1230 1233; baseline 0.003 -25"><span class='ocrx_word' id='word_1_63' title='bbox 33 1140 109 1208; x_wconf 88' lang='lat' dir='ltr'><strong>Est</strong></span> <span class='ocrx_word' id='word_1_64' title='bbox 131 1161 216 1221; x_wconf 78' lang='lat' dir='ltr'><strong>ergo</strong></span> <span class='ocrx_word' id='word_1_65' title='bbox 238 1139 379 1223; x_wconf 85' lang='lat' dir='ltr'><strong>flamen,</strong></span> <span class='ocrx_word' id='word_1_66' title='bbox 414 1151 454 1205; x_wconf 92' lang='lat' dir='ltr'><strong>ut</strong></span> <span class='ocrx_word' id='word_1_67' title='bbox 471 1139 563 1218; x_wconf 87' lang='lat' dir='ltr'><strong>lori,</strong></span> <span class='ocrx_word' id='word_1_68' title='bbox 598 1150 637 1204; x_wconf 95' lang='lat' dir='ltr'><strong>ut</strong></span> <span class='ocrx_word' id='word_1_69' title='bbox 660 1140 782 1217; x_wconf 86' lang='lat' dir='ltr'><strong>Marti,</strong></span> <span class='ocrx_word' id='word_1_70' title='bbox 816 1154 855 1209; x_wconf 90' lang='lat' dir='ltr'><strong>ut</strong></span> <span class='ocrx_word' id='word_1_71' title='bbox 881 1130 1045 1233; x_wconf 81' lang='lat' dir='ltr'><strong>Quirino,</strong></span> <span class='ocrx_word' id='word_1_72' title='bbox 1076 1146 1127 1211; x_wconf 89' lang='lat' dir='ltr'><strong>sie</strong></span> <span class='ocrx_word' id='word_1_73' title='bbox 1151 1145 1230 1213; x_wconf 90' lang='lat' dir='ltr'><strong>divo</strong></span> 
     </span>
     <span class='ocr_line' id='line_1_10' title="bbox 32 1239 1232 1330; baseline 0.004 -21"><span class='ocrx_word' id='word_1_74' title='bbox 32 1240 135 1309; x_wconf 90' lang='lat' dir='ltr'><strong>Iulio</strong></span> <span class='ocrx_word' id='word_1_75' title='bbox 159 1242 210 1309; x_wconf 86' lang='grc' dir='ltr'><strong>Μ.</strong></span> <span class='ocrx_word' id='word_1_76' title='bbox 232 1242 416 1307; x_wconf 81' lang='lat' dir='ltr'><strong>Antonius.</strong></span> <span class='ocrx_word' id='word_1_77' title='bbox 459 1239 552 1330; x_wconf 82' lang='lat' dir='ltr'><strong>Quid</strong></span> <span class='ocrx_word' id='word_1_78' title='bbox 582 1241 685 1320; x_wconf 88' lang='lat' dir='ltr'><strong>igitur</strong></span> <span class='ocrx_word' id='word_1_79' title='bbox 718 1242 865 1310; x_wconf 69' lang='lat' dir='ltr'><strong>cessas?</strong></span> <span class='ocrx_word' id='word_1_80' title='bbox 893 1254 960 1309; x_wconf 86' lang='lat' dir='ltr'><strong>¹eur</strong></span> <span class='ocrx_word' id='word_1_81' title='bbox 989 1265 1058 1310; x_wconf 92' lang='lat' dir='ltr'><strong>non</strong></span> <span class='ocrx_word' id='word_1_82' title='bbox 1090 1246 1232 1326; x_wconf 89' lang='lat' dir='ltr'><strong>inaugu-</strong></span> 
     </span>
     <span class='ocr_line' id='line_1_11' title="bbox 35 1340 1251 1426; baseline 0.003 -16"><span class='ocrx_word' id='word_1_83' title='bbox 35 1342 154 1417; x_wconf 61' lang='lat' dir='ltr'><strong>rauca</strong></span> <span class='ocrx_word' id='word_1_84' title='bbox 189 1340 417 1409; x_wconf 82' lang='lat' dir='ltr'><strong>Sume-diem:</strong></span> <span class='ocrx_word' id='word_1_85' title='bbox 438 1342 531 1417; x_wconf 90' lang='lat' dir='ltr'><strong>vide,</strong></span> <span class='ocrx_word' id='word_1_86' title='bbox 557 1343 613 1424; x_wconf 92' lang='lat' dir='ltr'><strong>qui</strong></span> <span class='ocrx_word' id='word_1_87' title='bbox 636 1352 668 1408; x_wconf 90' lang='lat' dir='ltr'><strong>te</strong></span> <span class='ocrx_word' id='word_1_88' title='bbox 688 1342 889 1422; x_wconf 81' lang='lat' dir='ltr'><strong>inauguret;</strong></span> <span class='ocrx_word' id='word_1_89' title='bbox 915 1343 1068 1425; x_wconf 77' lang='lat' dir='ltr'><strong>collegae</strong></span> <span class='ocrx_word' id='word_1_90' title='bbox 1091 1367 1251 1426; x_wconf 62' lang='lat' dir='ltr'><strong>sumuss</strong></span> 
     </span>
     <span class='ocr_line' id='line_1_12' title="bbox 39 1430 1232 1529; baseline 0.007 -22"><span class='ocrx_word' id='word_1_91' title='bbox 39 1461 152 1508; x_wconf 88' lang='lat' dir='ltr'><strong>nemo</strong></span> <span class='ocrx_word' id='word_1_92' title='bbox 178 1430 325 1522; x_wconf 77' lang='lat' dir='ltr'><strong>negabit.</strong></span> <span class='ocrx_word' id='word_1_93' title='bbox 368 1442 397 1510; x_wconf 95' lang='grc' dir='ltr'><strong>Ο</strong></span> <span class='ocrx_word' id='word_1_94' title='bbox 418 1440 651 1513; x_wconf 83' lang='lat' dir='ltr'><strong>detestabilem</strong></span> <span class='ocrx_word' id='word_1_95' title='bbox 672 1441 868 1529; x_wconf 86' lang='lat' dir='ltr'><strong>hominem,</strong></span> <span class='ocrx_word' id='word_1_96' title='bbox 888 1445 961 1512; x_wconf 90' lang='lat' dir='ltr'><strong>sive</strong></span> <span class='ocrx_word' id='word_1_97' title='bbox 982 1446 1074 1526; x_wconf 89' lang='lat' dir='ltr'><strong>quod</strong></span> <span class='ocrx_word' id='word_1_98' title='bbox 1096 1450 1232 1527; x_wconf 80' lang='lat' dir='ltr'><strong>tyranni</strong></span> 
     </span>
     <span class='ocr_line' id='line_1_13' title="bbox 42 1540 1231 1634; baseline 0.004 -25"><span class='ocrx_word' id='word_1_99' title='bbox 42 1542 215 1611; x_wconf 74' lang='lat' dir='ltr'><strong>sueardus</strong></span> <span class='ocrx_word' id='word_1_100' title='bbox 250 1563 286 1609; x_wconf 89' lang='lat' dir='ltr'><strong>es</strong></span> <span class='ocrx_word' id='word_1_101' title='bbox 326 1543 398 1609; x_wconf 88' lang='lat' dir='ltr'><strong>sive</strong></span> <span class='ocrx_word' id='word_1_102' title='bbox 428 1542 523 1625; x_wconf 91' lang='lat' dir='ltr'><strong>quod</strong></span> <span class='ocrx_word' id='word_1_103' title='bbox 557 1543 707 1615; x_wconf 85' lang='lat' dir='ltr'><strong>mortuil</strong></span> <span class='ocrx_word' id='word_1_104' title='bbox 753 1543 892 1634; x_wconf 81' lang='lat' dir='ltr'><strong>Quaero</strong></span> <span class='ocrx_word' id='word_1_105' title='bbox 921 1545 1101 1627; x_wconf 84' lang='lat' dir='ltr'><strong>deinceps,</strong></span> <span class='ocrx_word' id='word_1_106' title='bbox 1121 1540 1231 1626; x_wconf 81' lang='grc' dir='ltr'>ιιιιιιι,</span> 
     </span>
     <span class='ocr_line' id='line_1_14' title="bbox 42 1640 1230 1728; baseline 0.007 -21"><span class='ocrx_word' id='word_1_107' title='bbox 42 1640 237 1711; x_wconf 83' lang='lat' dir='ltr'><strong>hodiernus</strong></span> <span class='ocrx_word' id='word_1_108' title='bbox 252 1641 324 1711; x_wconf 85' lang='lat' dir='ltr'><strong>dies</strong></span> <span class='ocrx_word' id='word_1_109' title='bbox 336 1644 396 1725; x_wconf 90' lang='lat' dir='ltr'><strong>qui</strong></span> <span class='ocrx_word' id='word_1_110' title='bbox 410 1643 470 1721; x_wconf 88' lang='lat' dir='ltr'><strong>sit,</strong></span> <span class='ocrx_word' id='word_1_111' title='bbox 485 1644 650 1724; x_wconf 70' lang='lat' dir='ltr'><strong>ignores‘.l</strong></span> <span class='ocrx_word' id='word_1_112' title='bbox 671 1646 802 1724; x_wconf 85' lang='lat' dir='ltr'><strong>neseis,</strong></span> <span class='ocrx_word' id='word_1_113' title='bbox 819 1645 891 1712; x_wconf 88' lang='lat' dir='ltr'><strong>heri</strong></span> <span class='ocrx_word' id='word_1_114' title='bbox 906 1659 1065 1728; x_wconf 88' lang='lat' dir='ltr'><strong>quartum</strong></span> <span class='ocrx_word' id='word_1_115' title='bbox 1080 1649 1117 1713; x_wconf 86' lang='lat' dir='ltr'><strong>in·</strong></span> <span class='ocrx_word' id='word_1_116' title='bbox 1130 1649 1230 1715; x_wconf 88' lang='lat' dir='ltr'><strong>Circo</strong></span> 
     </span>
     <span class='ocr_line' id='line_1_15' title="bbox 45 1741 1232 1829; baseline 0.004 -18"><span class='ocrx_word' id='word_1_117' title='bbox 45 1741 141 1811; x_wconf 85' lang='lat' dir='ltr'><strong>diem</strong></span> <span class='ocrx_word' id='word_1_118' title='bbox 168 1742 330 1810; x_wconf 90' lang='lat' dir='ltr'><strong>ludorum</strong></span> <span class='ocrx_word' id='word_1_119' title='bbox 357 1745 592 1812; x_wconf 87' lang='lat' dir='ltr'><strong>Romanorum</strong></span> <span class='ocrx_word' id='word_1_120' title='bbox 611 1745 744 1812; x_wconf 74' lang='lat' dir='ltr'><strong>fuisset&gt;</strong></span> <span class='ocrx_word' id='word_1_121' title='bbox 780 1757 813 1812; x_wconf 89' lang='lat' dir='ltr'><strong>te</strong></span> <span class='ocrx_word' id='word_1_122' title='bbox 834 1757 949 1812; x_wconf 90' lang='lat' dir='ltr'><strong>autem</strong></span> <span class='ocrx_word' id='word_1_123' title='bbox 970 1747 1081 1829; x_wconf 88' lang='lat' dir='ltr'><strong>ipsum</strong></span> <span class='ocrx_word' id='word_1_124' title='bbox 1104 1748 1147 1815; x_wconf 92' lang='lat' dir='ltr'><strong>ad</strong></span> <span class='ocrx_word' id='word_1_125' title='bbox 1171 1770 1232 1828; x_wconf 89' lang='lat' dir='ltr'><strong>po·</strong></span> 
     </span>
     <span class='ocr_line' id='line_1_16' title="bbox 43 1841 1232 1927; baseline 0.005 -20"><span class='ocrx_word' id='word_1_126' title='bbox 43 1841 322 1923; x_wconf 85' lang='lat' dir='ltr'><strong>pulumtulisse,</strong></span> <span class='ocrx_word' id='word_1_127' title='bbox 343 1855 382 1911; x_wconf 90' lang='lat' dir='ltr'><strong>ut</strong></span> <span class='ocrx_word' id='word_1_128' title='bbox 396 1845 533 1926; x_wconf 87' lang='lat' dir='ltr'><strong>quintus</strong></span> <span class='ocrx_word' id='word_1_129' title='bbox 550 1858 730 1927; x_wconf 88' lang='lat' dir='ltr'><strong>praeterea</strong></span> <span class='ocrx_word' id='word_1_130' title='bbox 748 1846 819 1913; x_wconf 88' lang='lat' dir='ltr'><strong>dies</strong></span> <span class='ocrx_word' id='word_1_131' title='bbox 839 1847 977 1913; x_wconf 86' lang='lat' dir='ltr'><strong>Caesari</strong></span> <span class='ocrx_word' id='word_1_132' title='bbox 997 1849 1232 1915; x_wconf 74' lang='lat' dir='ltr'><strong>tribueretur?</strong></span> 
     </span>
     <span class='ocr_line' id='line_1_17' title="bbox 45 1940 1233 2027; baseline 0.004 -18"><span class='ocrx_word' id='word_1_133' title='bbox 45 1943 120 2009; x_wconf 79' lang='lat' dir='ltr'><strong>Cur</strong></span> <span class='ocrx_word' id='word_1_134' title='bbox 148 1967 216 2016; x_wconf 89' lang='lat' dir='ltr'><strong>nou</strong></span> <span class='ocrx_word' id='word_1_135' title='bbox 241 1965 360 2013; x_wconf 86' lang='lat' dir='ltr'><strong>sumus</strong></span> <span class='ocrx_word' id='word_1_136' title='bbox 385 1947 616 2026; x_wconf 65' lang='lat' dir='ltr'><strong>praetextati?</strong></span> <span class='ocrx_word' id='word_1_137' title='bbox 639 1947 707 2012; x_wconf 87' lang='lat' dir='ltr'><strong>Cur</strong></span> <span class='ocrx_word' id='word_1_138' title='bbox 731 1944 899 2013; x_wconf 89' lang='lat' dir='ltr'><strong>honorem</strong></span> <span class='ocrx_word' id='word_1_139' title='bbox 925 1947 1061 2013; x_wconf 79' lang='lat' dir='ltr'><strong>Caesari</strong></span> <span class='ocrx_word' id='word_1_140' title='bbox 1081 1958 1137 2014; x_wconf 92' lang='lat' dir='ltr'><strong>tua</strong></span> <span class='ocrx_word' id='word_1_141' title='bbox 1157 1940 1233 2027; x_wconf 87' lang='lat' dir='ltr'><strong>lege</strong></span> 
     </span>
     <span class='ocr_line' id='line_1_18' title="bbox 46 2043 1233 2127; baseline 0.003 -19"><span class='ocrx_word' id='word_1_142' title='bbox 46 2043 167 2113; x_wconf 87' lang='lat' dir='ltr'><strong>datum</strong></span> <span class='ocrx_word' id='word_1_143' title='bbox 191 2044 300 2115; x_wconf 85' lang='lat' dir='ltr'><strong>deseri</strong></span> <span class='ocrx_word' id='word_1_144' title='bbox 323 2046 501 2126; x_wconf 66' lang='lat' dir='ltr'><strong>patimur?</strong></span> <span class='ocrx_word' id='word_1_145' title='bbox 531 2066 572 2112; x_wconf 91' lang='lat' dir='ltr'><strong>an</strong></span> <span class='ocrx_word' id='word_1_146' title='bbox 588 2044 852 2127; x_wconf 82' lang='lat' dir='ltr'><strong>supplicationes</strong></span> <span class='ocrx_word' id='word_1_147' title='bbox 872 2045 1028 2113; x_wconf 86' lang='lat' dir='ltr'><strong>addendo</strong></span> <span class='ocrx_word' id='word_1_148' title='bbox 1045 2047 1133 2113; x_wconf 91' lang='lat' dir='ltr'><strong>diem</strong></span> <span class='ocrx_word' id='word_1_149' title='bbox 1149 2068 1233 2112; x_wconf 88' lang='lat' dir='ltr'><strong>eorr-</strong></span> 
     </span>
     <span class='ocr_line' id='line_1_19' title="bbox 48 2144 1233 2229; baseline -0.001 -16"><span class='ocrx_word' id='word_1_150' title='bbox 48 2147 207 2223; x_wconf 74' lang='lat' dir='ltr'><strong>tatninari</strong></span> <span class='ocrx_word' id='word_1_151' title='bbox 228 2168 350 2228; x_wconf 86' lang='lat' dir='ltr'><strong>passus</strong></span> <span class='ocrx_word' id='word_1_152' title='bbox 372 2167 426 2225; x_wconf 67' lang='grc' dir='ltr'><strong>εει</strong></span> <span class='ocrx_word' id='word_1_153' title='bbox 447 2146 634 2229; x_wconf 87' lang='lat' dir='ltr'><strong>pulvinaria</strong></span> <span class='ocrx_word' id='word_1_154' title='bbox 656 2144 821 2212; x_wconf 59' lang='lat' dir='ltr'><strong>noluisti!&gt;</strong></span> <span class='ocrx_word' id='word_1_155' title='bbox 842 2149 914 2211; x_wconf 84' lang='lat' dir='ltr'><strong>Aut</strong></span> <span class='ocrx_word' id='word_1_156' title='bbox 931 2145 1080 2226; x_wconf 81' lang='lat' dir='ltr'><strong>undique</strong></span> <span class='ocrx_word' id='word_1_157' title='bbox 1095 2144 1233 2224; x_wconf 86' lang='lat' dir='ltr'><strong>religio-</strong></span> 
     </span>
     <span class='ocr_line' id='line_1_20' title="bbox 47 2246 1293 2336; baseline -0.001 -22"><span class='ocrx_word' id='word_1_158' title='bbox 47 2269 127 2315; x_wconf 89' lang='lat' dir='ltr'><strong>uem</strong></span> <span class='ocrx_word' id='word_1_159' title='bbox 155 2246 235 2314; x_wconf 91' lang='lat' dir='ltr'><strong>tolle</strong></span> <span class='ocrx_word' id='word_1_160' title='bbox 259 2258 319 2312; x_wconf 87' lang='lat' dir='ltr'><strong>aut</strong></span> <span class='ocrx_word' id='word_1_161' title='bbox 347 2268 587 2330; x_wconf 84' lang='lat' dir='ltr'><strong>usquequaque</strong></span> <span class='ocrx_word' id='word_1_162' title='bbox 615 2267 793 2314; x_wconf 86' lang='lat' dir='ltr'><strong>conserva.</strong></span> <span class='ocrx_word' id='word_1_163' title='bbox 846 2247 1020 2336; x_wconf 75' lang='lat' dir='ltr'><strong>Quaeres,</strong></span> <span class='ocrx_word' id='word_1_164' title='bbox 1052 2246 1293 2328; x_wconf 83' lang='lat' dir='ltr'><strong>placeatnelll</strong></span> 
     </span>
     <span class='ocr_line' id='line_1_21' title="bbox 50 2345 1232 2430; baseline -0.003 -16"><span class='ocrx_word' id='word_1_165' title='bbox 50 2348 132 2421; x_wconf 85' lang='lat' dir='ltr'><strong>milri</strong></span> <span class='ocrx_word' id='word_1_166' title='bbox 167 2347 323 2430; x_wconf 83' lang='lat' dir='ltr'><strong>puluinar</strong></span> <span class='ocrx_word' id='word_1_167' title='bbox 352 2369 447 2424; x_wconf 86' lang='lat' dir='ltr'><strong>esse,</strong></span> <span class='ocrx_word' id='word_1_168' title='bbox 477 2348 670 2429; x_wconf 80' lang='lat' dir='ltr'><strong>fastigium,</strong></span> <span class='ocrx_word' id='word_1_169' title='bbox 699 2347 885 2412; x_wconf 85' lang='lat' dir='ltr'><strong>flaminem.</strong></span> <span class='ocrx_word' id='word_1_170' title='bbox 928 2345 1016 2412; x_wconf 86' lang='lat' dir='ltr'><strong>Mihi</strong></span> <span class='ocrx_word' id='word_1_171' title='bbox 1043 2366 1125 2413; x_wconf 91' lang='lat' dir='ltr'><strong>vero</strong></span> <span class='ocrx_word' id='word_1_172' title='bbox 1150 2345 1232 2411; x_wconf 87' lang='lat' dir='ltr'><strong>nihil</strong></span> 
     </span>
     <span class='ocr_line' id='line_1_22' title="bbox 48 2445 1257 2539; baseline -0.002 -26"><span class='ocrx_word' id='word_1_173' title='bbox 48 2447 196 2520; x_wconf 83' lang='lat' dir='ltr'><strong>istorum</strong></span> <span class='ocrx_word' id='word_1_174' title='bbox 224 2446 347 2528; x_wconf 85' lang='lat' dir='ltr'><strong>placet.</strong></span> <span class='ocrx_word' id='word_1_175' title='bbox 390 2447 455 2516; x_wconf 85' lang='lat' dir='ltr'><strong>Sed</strong></span> <span class='ocrx_word' id='word_1_176' title='bbox 483 2461 538 2526; x_wconf 88' lang='lat' dir='ltr'><strong>tu,</strong></span> <span class='ocrx_word' id='word_1_177' title='bbox 570 2451 626 2531; x_wconf 91' lang='lat' dir='ltr'><strong>qui</strong></span> <span class='ocrx_word' id='word_1_178' title='bbox 654 2460 731 2515; x_wconf 86' lang='lat' dir='ltr'><strong>arta</strong></span> <span class='ocrx_word' id='word_1_179' title='bbox 760 2449 916 2514; x_wconf 80' lang='lat' dir='ltr'><strong>Caesaris</strong></span> <span class='ocrx_word' id='word_1_180' title='bbox 944 2445 1117 2529; x_wconf 87' lang='lat' dir='ltr'><strong>defendis,</strong></span> <span class='ocrx_word' id='word_1_181' title='bbox 1151 2445 1257 2539; x_wconf 85' lang='lat' dir='ltr'><strong>quid¹</strong></span> 
     </span>
     <span class='ocr_line' id='line_1_23' title="bbox 50 2546 1232 2634; baseline -0.003 -20"><span class='ocrx_word' id='word_1_182' title='bbox 50 2561 150 2628; x_wconf 88' lang='lat' dir='ltr'><strong>potes</strong></span> <span class='ocrx_word' id='word_1_183' title='bbox 172 2549 302 2634; x_wconf 86' lang='lat' dir='ltr'><strong>dicere,</strong></span> <span class='ocrx_word' id='word_1_184' title='bbox 324 2571 386 2615; x_wconf 90' lang='lat' dir='ltr'><strong>cur</strong></span> <span class='ocrx_word' id='word_1_185' title='bbox 411 2550 476 2616; x_wconf 91' lang='lat' dir='ltr'><strong>alia</strong></span> <span class='ocrx_word' id='word_1_186' title='bbox 499 2548 680 2627; x_wconf 83' lang='lat' dir='ltr'><strong>defendas,</strong></span> <span class='ocrx_word' id='word_1_187' title='bbox 703 2546 768 2614; x_wconf 86' lang='lat' dir='ltr'><strong>alia</strong></span> <span class='ocrx_word' id='word_1_188' title='bbox 792 2571 862 2614; x_wconf 90' lang='lat' dir='ltr'><strong>non</strong></span> <span class='ocrx_word' id='word_1_189' title='bbox 882 2548 1008 2615; x_wconf 72' lang='lat' dir='ltr'><strong>cures⁶.l</strong></span> <span class='ocrx_word' id='word_1_190' title='bbox 1048 2547 1121 2614; x_wconf 89' lang='lat' dir='ltr'><strong>Nisi</strong></span> <span class='ocrx_word' id='word_1_191' title='bbox 1140 2546 1232 2612; x_wconf 84' lang='lat' dir='ltr'><strong>forte</strong></span> 
     </span>
     <span class='ocr_line' id='line_1_24' title="bbox 51 2648 1231 2733; baseline -0.001 -22"><span class='ocrx_word' id='word_1_192' title='bbox 51 2649 102 2716; x_wconf 86' lang='lat' dir='ltr'><strong>ris</strong></span> <span class='ocrx_word' id='word_1_193' title='bbox 125 2649 245 2727; x_wconf 81' lang='lat' dir='ltr'><strong>fateri,</strong></span> <span class='ocrx_word' id='word_1_194' title='bbox 268 2663 300 2716; x_wconf 89' lang='lat' dir='ltr'><strong>te</strong></span> <span class='ocrx_word' id='word_1_195' title='bbox 321 2652 434 2717; x_wconf 85' lang='lat' dir='ltr'><strong>omnia</strong></span> <span class='ocrx_word' id='word_1_196' title='bbox 454 2663 596 2733; x_wconf 89' lang='lat' dir='ltr'><strong>quaestu</strong></span> <span class='ocrx_word' id='word_1_197' title='bbox 620 2662 696 2728; x_wconf 92' lang='lat' dir='ltr'><strong>tuo,</strong></span> <span class='ocrx_word' id='word_1_198' title='bbox 719 2672 787 2715; x_wconf 90' lang='lat' dir='ltr'><strong>non</strong></span> <span class='ocrx_word' id='word_1_199' title='bbox 809 2649 899 2715; x_wconf 91' lang='lat' dir='ltr'><strong>illius</strong></span> <span class='ocrx_word' id='word_1_200' title='bbox 922 2650 1084 2729; x_wconf 84' lang='lat' dir='ltr'><strong>dignitate</strong></span> <span class='ocrx_word' id='word_1_201' title='bbox 1107 2648 1231 2714; x_wconf 86' lang='lat' dir='ltr'><strong>metiri.</strong></span> 
     </span>
     <span class='ocr_line' id='line_1_25' title="bbox 54 2747 1230 2837; baseline 0 -25"><span class='ocrx_word' id='word_1_202' title='bbox 54 2747 146 2837; x_wconf 78' lang='lat' dir='ltr'><strong>Quid</strong></span> <span class='ocrx_word' id='word_1_203' title='bbox 162 2749 215 2817; x_wconf 81' lang='lat' dir='ltr'><strong>ad</strong></span> <span class='ocrx_word' id='word_1_204' title='bbox 240 2749 324 2817; x_wconf 80' lang='lat' dir='ltr'><strong>liaeo</strong></span> <span class='ocrx_word' id='word_1_205' title='bbox 350 2749 515 2817; x_wconf 70' lang='lat' dir='ltr'><strong>tandem?</strong></span> <span class='ocrx_word' id='word_1_206' title='bbox 549 2751 742 2831; x_wconf 83' lang='lat' dir='ltr'><strong>(Exspecto</strong></span> <span class='ocrx_word' id='word_1_207' title='bbox 762 2750 850 2815; x_wconf 88' lang='lat' dir='ltr'><strong>enirn</strong></span> <span class='ocrx_word' id='word_1_208' title='bbox 873 2747 1102 2830; x_wconf 86' lang='lat' dir='ltr'><strong>eloquentiam</strong></span> <span class='ocrx_word' id='word_1_209' title='bbox 1125 2762 1230 2815; x_wconf 85' lang='lat' dir='ltr'><strong>tuam.</strong></span> 
     </span>
     <span class='ocr_line' id='line_1_26' title="bbox 53 2848 1273 2932; baseline 0.002 -19"><span class='ocrx_word' id='word_1_210' title='bbox 53 2848 323 2919; x_wconf 81' lang='lat' dir='ltr'><strong>Disertissimum</strong></span> <span class='ocrx_word' id='word_1_211' title='bbox 345 2853 498 2930; x_wconf 82' lang='lat' dir='ltr'><strong>cognovi</strong></span> <span class='ocrx_word' id='word_1_212' title='bbox 524 2873 624 2919; x_wconf 87' lang='lat' dir='ltr'><strong>avum</strong></span> <span class='ocrx_word' id='word_1_213' title='bbox 655 2862 770 2926; x_wconf 87' lang='lat' dir='ltr'><strong>tuum,</strong></span> <span class='ocrx_word' id='word_1_214' title='bbox 792 2864 827 2917; x_wconf 91' lang='lat' dir='ltr'><strong>at</strong></span> <span class='ocrx_word' id='word_1_215' title='bbox 852 2862 884 2916; x_wconf 90' lang='lat' dir='ltr'><strong>te</strong></span> <span class='ocrx_word' id='word_1_216' title='bbox 906 2852 1006 2917; x_wconf 87' lang='lat' dir='ltr'><strong>etiarn</strong></span> <span class='ocrx_word' id='word_1_217' title='bbox 1027 2854 1232 2932; x_wconf 87' lang='lat' dir='ltr'><strong>apertiorem</strong></span> <span class='ocrx_word' id='word_1_218' title='bbox 1269 2910 1273 2916; x_wconf 89' lang='lat'>.</span> 
     </span>
     <span class='ocr_line' id='line_1_27' title="bbox 53 2949 1269 3034; baseline -0.001 -20"><span class='ocrx_word' id='word_1_219' title='bbox 53 2949 85 3015; x_wconf 92' lang='lat' dir='ltr'><strong>in</strong></span> <span class='ocrx_word' id='word_1_220' title='bbox 107 2949 272 3030; x_wconf 73' lang='lat' dir='ltr'><strong>dicend03</strong></span> <span class='ocrx_word' id='word_1_221' title='bbox 292 2951 348 3018; x_wconf 88' lang='lat' dir='ltr'><strong>ille</strong></span> <span class='ocrx_word' id='word_1_222' title='bbox 371 2954 542 3034; x_wconf 82' lang='lat' dir='ltr'><strong>uunqua&#39;rn</strong></span> <span class='ocrx_word' id='word_1_223' title='bbox 569 2950 680 3018; x_wconf 91' lang='lat' dir='ltr'><strong>nudus</strong></span> <span class='ocrx_word' id='word_1_224' title='bbox 705 2964 759 3017; x_wconf 88' lang='lat' dir='ltr'><strong>est</strong></span> <span class='ocrx_word' id='word_1_225' title='bbox 783 2952 1018 3028; x_wconf 80' lang='lat' dir='ltr'><strong>contionatus3</strong></span> <span class='ocrx_word' id='word_1_226' title='bbox 1048 2963 1144 3027; x_wconf 85' lang='lat' dir='ltr'><strong>tuum</strong></span> <span class='ocrx_word' id='word_1_227' title='bbox 1170 2949 1233 3014; x_wconf 82' lang='lat' dir='ltr'><strong>lin·</strong></span> <span class='ocrx_word' id='word_1_228' title='bbox 1261 2976 1269 2995; x_wconf 65' lang='lat' dir='ltr'><em>s</em></span> 
     </span>
     <span class='ocr_line' id='line_1_28' title="bbox 54 3048 1232 3135; baseline -0.001 -20"><span class='ocrx_word' id='word_1_229' title='bbox 54 3050 347 3133; x_wconf 81' lang='lat' dir='ltr'><strong>ruinis-simplicis</strong></span> <span class='ocrx_word' id='word_1_230' title='bbox 377 3065 497 3134; x_wconf 90' lang='lat' dir='ltr'><strong>pectus</strong></span> <span class='ocrx_word' id='word_1_231' title='bbox 531 3050 709 3129; x_wconf 87' lang='lat' dir='ltr'><strong>vidimus).</strong></span> <span class='ocrx_word' id='word_1_232' title='bbox 752 3051 1028 3135; x_wconf 83' lang='lat' dir='ltr'><strong>Respondebisne</strong></span> <span class='ocrx_word' id='word_1_233' title='bbox 1051 3049 1095 3116; x_wconf 89' lang='lat' dir='ltr'><strong>ad</strong></span> <span class='ocrx_word' id='word_1_234' title='bbox 1120 3048 1232 3115; x_wconf 71' lang='lat' dir='ltr'><strong>haece</strong></span> 
     </span>
     <span class='ocr_line' id='line_1_29' title="bbox 56 3145 1232 3235; baseline -0.002 -19"><span class='ocrx_word' id='word_1_235' title='bbox 56 3163 114 3221; x_wconf 88' lang='lat' dir='ltr'><strong>aut</strong></span> <span class='ocrx_word' id='word_1_236' title='bbox 131 3146 271 3223; x_wconf 58' lang='lat' dir='ltr'><strong>&#39;omnino</strong></span> <span class='ocrx_word' id='word_1_237' title='bbox 295 3152 428 3222; x_wconf 85' lang='lat' dir='ltr'><strong>hiscere</strong></span> <span class='ocrx_word' id='word_1_238' title='bbox 448 3151 617 3219; x_wconf 55' lang='lat' dir='ltr'><strong>audebis?&gt;</strong></span> <span class='ocrx_word' id='word_1_239' title='bbox 639 3145 771 3233; x_wconf 81' lang='lat' dir='ltr'><strong>Ecquid</strong></span> <span class='ocrx_word' id='word_1_240' title='bbox 797 3153 946 3235; x_wconf 86' lang='lat' dir='ltr'><strong>reperies</strong></span> <span class='ocrx_word' id='word_1_241' title='bbox 972 3173 1016 3218; x_wconf 78' lang='lat' dir='ltr'><strong>ex</strong></span> <span class='ocrx_word' id='word_1_242' title='bbox 1037 3164 1104 3218; x_wconf 90' lang='lat' dir='ltr'><strong>tam</strong></span> <span class='ocrx_word' id='word_1_243' title='bbox 1129 3149 1232 3228; x_wconf 89' lang='lat' dir='ltr'><strong>longa</strong></span> 
     </span>
     <span class='ocr_line' id='line_1_30' title="bbox 57 3251 1233 3334; baseline 0 -18"><span class='ocrx_word' id='word_1_244' title='bbox 57 3253 207 3319; x_wconf 87' lang='lat' dir='ltr'><strong>oratione</strong></span> <span class='ocrx_word' id='word_1_245' title='bbox 233 3274 323 3332; x_wconf 84' lang='lat' dir='ltr'><strong>urea,</strong></span> <span class='ocrx_word' id='word_1_246' title='bbox 348 3257 404 3321; x_wconf 89' lang='lat' dir='ltr'><strong>eui</strong></span> <span class='ocrx_word' id='word_1_247' title='bbox 423 3266 455 3322; x_wconf 89' lang='lat' dir='ltr'><strong>te</strong></span> <span class='ocrx_word' id='word_1_248' title='bbox 480 3251 688 3334; x_wconf 85' lang='lat' dir='ltr'><strong>respondere</strong></span> <span class='ocrx_word' id='word_1_249' title='bbox 709 3273 813 3334; x_wconf 89' lang='lat' dir='ltr'><strong>posse</strong></span> <span class='ocrx_word' id='word_1_250' title='bbox 837 3252 1017 3321; x_wconf 68' lang='lat' dir='ltr'><strong>confidas?</strong></span> <span class='ocrx_word' id='word_1_251' title='bbox 1051 3251 1115 3319; x_wconf 88' lang='lat' dir='ltr'><strong>Sed</strong></span> <span class='ocrx_word' id='word_1_252' title='bbox 1135 3270 1233 3332; x_wconf 88' lang='lat' dir='ltr'><strong>prae·</strong></span> 
     </span>
     <span class='ocr_line' id='line_1_31' title="bbox 59 3354 478 3425; baseline 0.021 -9"><span class='ocrx_word' id='word_1_253' title='bbox 59 3354 154 3425; x_wconf 79' lang='lat' dir='ltr'><strong>irrita</strong></span> <span class='ocrx_word' id='word_1_254' title='bbox 178 3356 391 3423; x_wconf 85' lang='lat' dir='ltr'><strong>omittamus·</strong></span> <span class='ocrx_word' id='word_1_255' title='bbox 476 3389 478 3391; x_wconf 89' lang='lat'>·</span> 
     </span>
    </p>

    <p class='ocr_par' dir='ltr' id='par_1_4' title="bbox 133 3452 1293 3537">
     <span class='ocr_line' id='line_1_32' title="bbox 133 3452 1293 3537; baseline 0.004 -19"><span class='ocrx_word' id='word_1_256' title='bbox 133 3458 263 3520; x_wconf 86' lang='lat' dir='ltr'><strong>XLI-V.</strong></span> <span class='ocrx_word' id='word_1_257' title='bbox 305 3456 404 3525; x_wconf 89' lang='lat' dir='ltr'><strong>Huuo</strong></span> <span class='ocrx_word' id='word_1_258' title='bbox 422 3478 528 3523; x_wconf 90' lang='lat' dir='ltr'><strong>unum</strong></span> <span class='ocrx_word' id='word_1_259' title='bbox 551 3455 658 3537; x_wconf 89' lang='lat' dir='ltr'><strong>diem,</strong></span> <span class='ocrx_word' id='word_1_260' title='bbox 686 3477 813 3536; x_wconf 86' lang='lat' dir='ltr'><strong>unum,</strong></span> <span class='ocrx_word' id='word_1_261' title='bbox 841 3457 996 3537; x_wconf 87' lang='lat' dir='ltr'><strong>iuquam,</strong></span> <span class='ocrx_word' id='word_1_262' title='bbox 1026 3452 1293 3529; x_wconf 71' lang='lat' dir='ltr'><strong>hodiernumffl</strong></span> 
     </span>
    </p>
   </div>
   <div class='ocr_carea' id='block_1_3' title="bbox 58 3576 245 3589">
    <p class='ocr_par' dir='ltr' id='par_1_5' title="bbox 58 3576 245 3589">
     <span class='ocr_line' id='line_1_33' title="bbox 58 3576 245 3589; baseline 0.005 -4"><span class='ocrx_word' id='word_1_263' title='bbox 58 3576 245 3589; x_wconf 59' lang='grc' dir='ltr'>-ι--μ-</span> 
     </span>
    </p>
   </div>
   <div class='ocr_carea' id='block_1_4' title="bbox 59 3631 1232 4024">
    <p class='ocr_par' dir='ltr' id='par_1_6' title="bbox 59 3631 1232 4024">
     <span class='ocr_line' id='line_1_34' title="bbox 124 3631 1232 3695; baseline -0.002 -16"><span class='ocrx_word' id='word_1_264' title='bbox 124 3634 136 3695; x_wconf 76' lang='lat'>§</span> <span class='ocrx_word' id='word_1_265' title='bbox 156 3636 211 3681; x_wconf 89' lang='grc'>110.</span> <span class='ocrx_word' id='word_1_266' title='bbox 222 3634 362 3694; x_wconf 82' lang='lat' dir='ltr'><strong>fastigium]</strong></span> <span class='ocrx_word' id='word_1_267' title='bbox 389 3634 479 3690; x_wconf 75' lang='lat' dir='ltr'><strong>„Suet⁸</strong></span> <span class='ocrx_word' id='word_1_268' title='bbox 498 3634 569 3680; x_wconf 78' lang='lat' dir='ltr'><strong>Caes.</strong></span> <span class='ocrx_word' id='word_1_269' title='bbox 594 3635 635 3679; x_wconf 89' lang='grc'><strong>81.</strong></span> <span class='ocrx_word' id='word_1_270' title='bbox 660 3633 765 3679; x_wconf 85' lang='lat' dir='ltr'><strong>Salmas.</strong></span> <span class='ocrx_word' id='word_1_271' title='bbox 783 3634 815 3679; x_wconf 83' lang='lat' dir='ltr'><strong>ed</strong></span> <span class='ocrx_word' id='word_1_272' title='bbox 832 3632 955 3691; x_wconf 83' lang='lat' dir='ltr'><strong>Sperticni</strong></span> <span class='ocrx_word' id='word_1_273' title='bbox 972 3631 1089 3678; x_wconf 85' lang='lat' dir='ltr'><strong>Pescenn.</strong></span> <span class='ocrx_word' id='word_1_274' title='bbox 1111 3634 1150 3678; x_wconf 74' lang='lat'><strong>12.</strong></span> <span class='ocrx_word' id='word_1_275' title='bbox 1169 3631 1232 3677; x_wconf 82' lang='lat' dir='ltr'><strong>Cae-</strong></span> 
     </span>
     <span class='ocr_line' id='line_1_35' title="bbox 59 3714 1232 3777; baseline -0.003 -16"><span class='ocrx_word' id='word_1_276' title='bbox 59 3717 116 3763; x_wconf 82' lang='lat' dir='ltr'><strong>saris</strong></span> <span class='ocrx_word' id='word_1_277' title='bbox 134 3717 255 3777; x_wconf 73' lang='lat' dir='ltr'><strong>sasugim</strong></span> <span class='ocrx_word' id='word_1_278' title='bbox 273 3721 346 3764; x_wconf 89' lang='lat' dir='ltr'><strong>docet</strong></span> <span class='ocrx_word' id='word_1_279' title='bbox 369 3731 418 3764; x_wconf 89' lang='lat' dir='ltr'><strong>non</strong></span> <span class='ocrx_word' id='word_1_280' title='bbox 442 3719 472 3762; x_wconf 92' lang='lat' dir='ltr'><strong>de</strong></span> <span class='ocrx_word' id='word_1_281' title='bbox 497 3723 563 3765; x_wconf 85' lang='lat' dir='ltr'><strong>tecto</strong></span> <span class='ocrx_word' id='word_1_282' title='bbox 582 3715 740 3774; x_wconf 84' lang='lat' dir='ltr'><strong>capiendum,</strong></span> <span class='ocrx_word' id='word_1_283' title='bbox 770 3716 811 3760; x_wconf 86' lang='lat' dir='ltr'><strong>sed</strong></span> <span class='ocrx_word' id='word_1_284' title='bbox 835 3715 866 3758; x_wconf 86' lang='lat' dir='ltr'><strong>de</strong></span> <span class='ocrx_word' id='word_1_285' title='bbox 891 3720 1036 3760; x_wconf 81' lang='lat' dir='ltr'><strong>ornamento</strong></span> <span class='ocrx_word' id='word_1_286' title='bbox 1061 3714 1134 3771; x_wconf 86' lang='lat' dir='ltr'><strong>tecti,</strong></span> <span class='ocrx_word' id='word_1_287' title='bbox 1159 3715 1232 3773; x_wconf 87' lang='lat' dir='ltr'><strong>quale</strong></span> 
     </span>
     <span class='ocr_line' id='line_1_36' title="bbox 59 3788 1231 3862; baseline -0.004 -19"><span class='ocrx_word' id='word_1_288' title='bbox 59 3800 132 3858; x_wconf 75' lang='lat' dir='ltr'><strong>volgo</strong></span> <span class='ocrx_word' id='word_1_289' title='bbox 156 3799 230 3845; x_wconf 80' lang='lat' dir='ltr'><strong>etiam</strong></span> <span class='ocrx_word' id='word_1_290' title='bbox 253 3800 277 3844; x_wconf 90' lang='lat' dir='ltr'><strong>in</strong></span> <span class='ocrx_word' id='word_1_291' title='bbox 302 3799 398 3857; x_wconf 78' lang='lat' dir='ltr'><strong>templis</strong></span> <span class='ocrx_word' id='word_1_292' title='bbox 421 3796 503 3845; x_wconf 70' lang='lat' dir='ltr'><strong>morin</strong></span> <span class='ocrx_word' id='word_1_293' title='bbox 538 3798 684 3844; x_wconf 85' lang='lat' dir='ltr'><strong>Plutarchus</strong></span> <span class='ocrx_word' id='word_1_294' title='bbox 708 3788 864 3862; x_wconf 68' lang='grc' dir='ltr'><strong>ἀκρωτήριον</strong></span> <span class='ocrx_word' id='word_1_295' title='bbox 888 3797 993 3842; x_wconf 83' lang='lat' dir='ltr'><strong>vocat.“</strong></span> <span class='ocrx_word' id='word_1_296' title='bbox 1026 3796 1092 3841; x_wconf 85' lang='lat' dir='ltr'><strong>Eau.</strong></span> <span class='ocrx_word' id='word_1_297' title='bbox 1110 3797 1134 3842; x_wconf 89' lang='lat' dir='ltr'><strong>in</strong></span> <span class='ocrx_word' id='word_1_298' title='bbox 1152 3793 1231 3840; x_wconf 79' lang='lat' dir='ltr'><strong>Clavi.</strong></span> 
     </span>
     <span class='ocr_line' id='line_1_37' title="bbox 59 3872 1232 3948; baseline -0.008 -20"><span class='ocrx_word' id='word_1_299' title='bbox 59 3880 156 3931; x_wconf 80' lang='lat' dir='ltr'><strong>Graecia</strong></span> <span class='ocrx_word' id='word_1_300' title='bbox 173 3883 263 3948; x_wconf 75' lang='grc' dir='ltr'><strong><em>κυρίως</em></strong></span> <span class='ocrx_word' id='word_1_301' title='bbox 280 3872 445 3944; x_wconf 74' lang='grc' dir='ltr'><strong>οιί,ἇε’τωμιι.</strong></span> <span class='ocrx_word' id='word_1_302' title='bbox 464 3903 499 3919; x_wconf 64' lang='lat' dir='ltr'><strong>n·</strong></span> <span class='ocrx_word' id='word_1_303' title='bbox 516 3882 568 3925; x_wconf 73' lang='lat' dir='ltr'><strong>teri</strong></span> <span class='ocrx_word' id='word_1_304' title='bbox 585 3877 704 3939; x_wconf 84' lang='lat' dir='ltr'><strong>quartum]</strong></span> <span class='ocrx_word' id='word_1_305' title='bbox 723 3877 793 3923; x_wconf 80' lang='lat' dir='ltr'><strong>xlv.</strong></span> <span class='ocrx_word' id='word_1_306' title='bbox 811 3877 870 3922; x_wconf 84' lang='lat' dir='ltr'><strong>Kal.</strong></span> <span class='ocrx_word' id='word_1_307' title='bbox 888 3878 989 3924; x_wconf 85' lang='lat' dir='ltr'><strong>Octobr.</strong></span> <span class='ocrx_word' id='word_1_308' title='bbox 1008 3877 1063 3939; x_wconf 84' lang='grc'>(18.</span> <span class='ocrx_word' id='word_1_309' title='bbox 1081 3880 1104 3922; x_wconf 90' lang='lat' dir='ltr'><strong>d.</strong></span> <span class='ocrx_word' id='word_1_310' title='bbox 1122 3873 1232 3933; x_wconf 82' lang='lat' dir='ltr'><strong>Septbr.)</strong></span> 
     </span>
     <span class='ocr_line' id='line_1_38' title="bbox 60 3956 1229 4024; baseline -0.009 -14"><span class='ocrx_word' id='word_1_311' title='bbox 60 3964 157 4017; x_wconf 85' lang='lat' dir='ltr'><strong>Quintus</strong></span> <span class='ocrx_word' id='word_1_312' title='bbox 173 3966 223 4011; x_wconf 84' lang='lat' dir='ltr'><strong>dies</strong></span> <span class='ocrx_word' id='word_1_313' title='bbox 241 3970 331 4024; x_wconf 81' lang='lat' dir='ltr'><strong>postca</strong></span> <span class='ocrx_word' id='word_1_314' title='bbox 347 3965 451 4009; x_wconf 84' lang='lat' dir='ltr'><strong>additus.</strong></span> <span class='ocrx_word' id='word_1_315' title='bbox 475 3962 529 4008; x_wconf 84' lang='lat' dir='ltr'><strong>Cfr.</strong></span> <span class='ocrx_word' id='word_1_316' title='bbox 547 3962 653 4008; x_wconf 83' lang='lat' dir='ltr'><strong>Kalend.</strong></span> <span class='ocrx_word' id='word_1_317' title='bbox 676 3960 800 4007; x_wconf 72' lang='lat' dir='ltr'><strong>Mall&#39;eior.</strong></span> <span class='ocrx_word' id='word_1_318' title='bbox 824 3960 948 4019; x_wconf 83' lang='lat' dir='ltr'><strong>Inscriptt.</strong></span> <span class='ocrx_word' id='word_1_319' title='bbox 966 3961 1021 4005; x_wconf 82' lang='lat' dir='ltr'><strong>Lat.</strong></span> <span class='ocrx_word' id='word_1_320' title='bbox 1038 3959 1067 4004; x_wconf 84' lang='lat' dir='ltr'><strong>T.</strong></span> <span class='ocrx_word' id='word_1_321' title='bbox 1085 3960 1109 4002; x_wconf 79' lang='lat'><strong>2.</strong></span> <span class='ocrx_word' id='word_1_322' title='bbox 1127 3972 1152 4014; x_wconf 89' lang='lat' dir='ltr'><strong>p.</strong></span> <span class='ocrx_word' id='word_1_323' title='bbox 1171 3956 1229 4000; x_wconf 77' lang='grc'><strong>398.</strong></span> 
     </span>
    </p>
   </div>
   <div class='ocr_carea' id='block_1_5' title="bbox 124 4067 907 4131">
    <p class='ocr_par' dir='ltr' id='par_1_7' title="bbox 124 4067 907 4131">
     <span class='ocr_line' id='line_1_39' title="bbox 124 4067 907 4131; baseline -0.008 -13"><span class='ocrx_word' id='word_1_324' title='bbox 124 4070 136 4131; x_wconf 67' lang='lat' dir='ltr'><strong>l</strong></span> <span class='ocrx_word' id='word_1_325' title='bbox 155 4072 211 4119; x_wconf 90' lang='lat' dir='ltr'><strong>lll.</strong></span> <span class='ocrx_word' id='word_1_326' title='bbox 225 4068 317 4130; x_wconf 80' lang='lat' dir='ltr'><strong>pectus]</strong></span> <span class='ocrx_word' id='word_1_327' title='bbox 336 4069 397 4115; x_wconf 78' lang='lat' dir='ltr'><strong>Cum</strong></span> <span class='ocrx_word' id='word_1_328' title='bbox 414 4067 588 4126; x_wconf 79' lang='lat' dir='ltr'><strong>Lupercalibus</strong></span> <span class='ocrx_word' id='word_1_329' title='bbox 606 4069 682 4115; x_wconf 82' lang='lat' dir='ltr'><strong>nudus</strong></span> <span class='ocrx_word' id='word_1_330' title='bbox 699 4067 856 4115; x_wconf 78' lang='lat' dir='ltr'><strong>contionatus</strong></span> <span class='ocrx_word' id='word_1_331' title='bbox 874 4081 907 4113; x_wconf 80' lang='lat' dir='ltr'><strong>aa.</strong></span> 
     </span>
    </p>
   </div>
   <div class='ocr_carea' id='block_1_6' title="bbox 63 4160 1230 4306">
    <p class='ocr_par' dir='ltr' id='par_1_8' title="bbox 63 4160 1230 4306">
     <span class='ocr_line' id='line_1_40' title="bbox 125 4160 1230 4236; baseline -0.013 -14"><span class='ocrx_word' id='word_1_332' title='bbox 125 4176 136 4236; x_wconf 65' lang='grc'>1</span> <span class='ocrx_word' id='word_1_333' title='bbox 156 4177 211 4222; x_wconf 76' lang='lat' dir='ltr'><strong>tta.</strong></span> <span class='ocrx_word' id='word_1_334' title='bbox 230 4178 299 4221; x_wconf 85' lang='lat' dir='ltr'><strong>Hune</strong></span> <span class='ocrx_word' id='word_1_335' title='bbox 317 4160 477 4227; x_wconf 72' lang='lat' dir='ltr'><strong>uuurudr&#39;em,</strong></span> <span class='ocrx_word' id='word_1_336' title='bbox 508 4170 587 4233; x_wconf 81' lang='lat' dir='ltr'><strong>unum]</strong></span> <span class='ocrx_word' id='word_1_337' title='bbox 606 4172 687 4220; x_wconf 87' lang='lat' dir='ltr'><strong>Vatic.</strong></span> <span class='ocrx_word' id='word_1_338' title='bbox 705 4175 815 4235; x_wconf 73' lang='lat' dir='ltr'><strong>Madvig.</strong></span> <span class='ocrx_word' id='word_1_339' title='bbox 834 4176 892 4218; x_wconf 80' lang='lat' dir='ltr'><strong>tunc</strong></span> <span class='ocrx_word' id='word_1_340' title='bbox 910 4183 977 4214; x_wconf 86' lang='lat' dir='ltr'><strong>unum</strong></span> <span class='ocrx_word' id='word_1_341' title='bbox 995 4170 1067 4219; x_wconf 82' lang='lat' dir='ltr'><strong>diem,</strong></span> <span class='ocrx_word' id='word_1_342' title='bbox 1087 4168 1145 4210; x_wconf 83' lang='lat' dir='ltr'><strong>lruuc</strong></span> <span class='ocrx_word' id='word_1_343' title='bbox 1163 4178 1230 4209; x_wconf 84' lang='lat' dir='ltr'><strong>unum</strong></span> 
     </span>
     <span class='ocr_line' id='line_1_41' title="bbox 63 4257 256 4306; baseline 0 -2"><span class='ocrx_word' id='word_1_344' title='bbox 63 4257 135 4306; x_wconf 76' lang='lat' dir='ltr'><strong>codd.</strong></span> <span class='ocrx_word' id='word_1_345' title='bbox 151 4258 207 4306; x_wconf 82' lang='lat' dir='ltr'><strong>mei.</strong></span> <span class='ocrx_word' id='word_1_346' title='bbox 225 4260 256 4306; x_wconf 90' lang='lat'><strong>0.</strong></span> 
     </span>
    </p>
   </div>
   <div class='ocr_carea' id='block_1_7' title="bbox 0 0 1460 4759">
    <p class='ocr_par' dir='ltr' id='par_1_9' title="bbox 0 0 1460 4759">
     <span class='ocr_line' id='line_1_42' title="bbox 0 0 1460 4759; baseline 0 0"><span class='ocrx_word' id='word_1_347' title='bbox 0 0 1460 4759; x_wconf 95' lang='lat' dir='ltr'><strong> </strong></span> 
     </span>
    </p>
   </div>
  </div>
 </body>
</html>
