2850 4759
289 270 1017 379 orarrorruc,naa1a10‚0.a.'
1084 392 1087 399 Δ
1162 295 1221 365 aar
1267 296 1269 303 ¹

55 460 203 529 iudicare.
244 454 481 550 Quamobrem
513 455 609 524 labor
636 456 670 523 in
696 454 766 522 hoe
795 451 1010 523 defendendo
1038 454 1262 540 praeeipuel

55 585 139 633 ruens
159 575 230 641 esta
249 562 399 633 studium
423 582 507 629 vero
528 555 755 627 conservandi
777 555 923 627 hominis
944 577 1128 624 commune
1141 555 1221 625 mihi

53 667 219 734 vobiscum
237 685 315 733 esse
336 662 479 735 debebit.
1101 734 1103 738 ¹

119 770 162 834 11.
204 767 260 834 Sic
281 766 370 833 enim
392 764 590 833 existimare
617 762 769 842 debetis,
800 761 971 852 Quirites,
1002 773 1083 842 post
1111 760 1221 832 bemi-

53 891 122 939 unm
143 869 343 935 memoriam
366 888 441 937 rem
462 865 589 933 nullam
617 866 802 942 maiorem,
834 864 943 945 magis
969 854 1220 946 periculosam,

54 973 148 1052 magis
175 972 216 1037 ab
241 970 398 1039 omnibus
424 969 521 1037 vobis
542 964 789 1049 providendam
818 986 927 1047 neque
954 966 1129 1032 atribuno
1151 964 1221 1047 ple·

54 1073 81 1138 bi
103 1084 295 1152 susceptam
323 1090 432 1152 neque
453 1091 473 1135 a
494 1067 635 1137 consule
654 1067 832 1135 defensam
859 1088 970 1150 neque
990 1067 1033 1134 ad
1054 1070 1222 1149 populum

54 1174 230 1241 Romanum
264 1192 339 1239 esse
371 1169 532 1241 delatam.
585 1171 712 1251 Agitur
741 1170 830 1237 enirn
860 1167 944 1235 nihil
974 1163 1064 1236 aliud
1092 1170 1126 1236 in
1156 1168 1224 1239 hau

55 1294 161 1350 rausa,
195 1274 369 1364 Quirites,
405 1294 506 1354 quarn
528 1284 566 1339 ut
587 1271 718 1340 nullum
741 1273 786 1338 sit
806 1268 950 1354 posthac
972 1270 1005 1337 in
1026 1292 1064 1338 re
1085 1271 1222 1353 publica

53 1373 210 1455 publicum
235 1373 548 1456 consilium,‚nulla
570 1375 740 1444 bonorum
763 1373 945 1442 consensio
960 1386 1079 1441 contra
1095 1375 1223 1456 impro·
1247 1438 1249 1442 .

53 1477 161 1544 borum
188 1478 345 1545 furorem
375 1490 409 1543 et
430 1477 625 1555 audaciam,
657 1475 790 1544 nullum
812 1478 976 1544 extremis
998 1476 1047 1542 rei
1067 1476 1224 1559 publicae

56 1580 467 1665 tempot·ibusperfugiurn
489 1592 524 1646 et
542 1578 751 1663 praesidinm
773 1578 905 1647 salutis.
955 1578 1053 1669 Quae
1074 1600 1153 1647 cum
1174 1580 1222 1647 ita
1242 1579 1261 1640 5

54 1680 128 1759 siut,
148 1684 318 1763 primurn,
341 1683 432 1765 quod
452 1683 486 1748 in
509 1691 602 1747 tanta
623 1681 842 1749 dimicatione
863 1681 1001 1764 eapitis,
1023 1681 1135 1749 saurae
1149 1683 1222 1750 for·

55 1794 267 1866 tunarumqne
289 1785 440 1851 omnium
464 1783 537 1850 fieri
557 1803 699 1853 necesse
721 1796 789 1862 est,
818 1785 860 1851 ab
888 1783 971 1851 love
998 1785 1128 1868 optimo
1149 1806 1223 1854 ma·

55 1885 135 1952 ximo
163 1886 356 1968 ceterisque
383 1884 435 1951 dis
464 1885 659 1969 deabusque
685 1886 953 1965 immortalibus,
987 1910 1132 1970 quorum
1159 1911 1223 1973 ope

56 1999 84 2052 et
101 1988 221 2056 auxilio
245 1988 353 2055 multo
377 1989 486 2069 magis
507 1987 593 2055 haec
613 2009 669 2057 res
690 1987 826 2070 publica
847 2008 948 2070 quam
970 1990 1099 2057 ratione
1113 1993 1223 2057 horni-

56 2110 125 2156 nutn
145 2103 178 2156 et
199 2089 347 2158 eorrsilio
369 2090 593 2169 gubernatur,
614 2110 735 2173 pacem
756 2111 797 2157 ac
817 2091 949 2157 veniam
964 2103 1065 2173 petua
1085 2112 1224 2174 precor·

55 2213 108 2271 que
127 2198 166 2258 ab
187 2194 249 2269 iis,
280 2205 317 2259 ut
337 2191 541 2259 hodiernum
564 2193 652 2258 diem
675 2203 710 2257 et
730 2189 773 2258 ad
793 2188 894 2259 huius
915 2190 1060 2259 salutem
1082 2213 1224 2261 conseia

55 2294 181 2363 tardam
205 2295 306 2361 etad
328 2316 401 2361 rem
423 2294 594 2376 publicam
623 2292 897 2360 constituendam
918 2292 1073 2359 illuxisse
1093 2297 1225 2376 patian-

55 2405 111 2458 tur.
162 2395 292 2463 Deinde
318 2417 396 2474 vos,
433 2397 602 2486 Quirites,
638 2417 787 2478 quorum
815 2407 968 2476 potestas
994 2396 1153 2477 proxime
1180 2397 1224 2463 ad

54 2493 181 2564 deornm
212 2497 460 2565 immortalium
490 2518 617 2564 numen
645 2497 795 2576 accedit,
838 2520 899 2565 oro
929 2509 1031 2580 atque
1059 2499 1223 2577 obsecro,

55 2603 195 2677 qnoniam
227 2625 296 2668 turo
325 2615 480 2682 tempore
507 2601 574 2665 vita
611 2598 646 2666 C.
682 2600 823 2678 Rabirii,
856 2597 1005 2667 hominis
1041 2600 1225 2669 miserrimi

55 2712 142 2782 atque
157 2701 449 2779 innocentissimi,
469 2700 562 2769 salus
585 2703 632 2767 rei
654 2701 810 2784 publicae
831 2704 954 2769 vestris
977 2705 1131 2771 manibus
1153 2705 1226 2773 suf-

55 2800 226 2887 fragiisque
250 2805 477 2888 permittitur,
498 2803 684 2877 adhibeatis
707 2806 739 2871 in
762 2803 909 2873 hominis
930 2803 1078 2872 fortunis
1093 2805 1225 2871 miseri·

56 2903 210 2984 cordiam,
239 2909 275 2973 in
298 2909 344 2972 rei
366 2903 520 2988 publicae
541 2904 652 2973 salute
671 2907 889 2987 sapientiam,
928 2929 1031 2988 quam
1052 2905 1185 2973 saletis.

60 3027 268 3043 ’Ἢ-

55 3103 94 3146 qro
113 3094 156 3138 κὶα·
170 3108 246 3151 paene
266 3096 294 3138 iu
315 3096 367 3151 ipso
389 3094 461 3140 Urbis
481 3095 587 3139 incendio
605 3098 673 3153 atqrre
689 3094 714 3138 in
733 3093 892 3150 desperatione
911 3094 1013 3139 omnium
1029 3094 1112 3138 eulatie
1126 3095 1227 3138 lotum

55 3175 139 3220 redacta
156 3192 273 3236 uunquam
293 3184 346 3223 ante
360 3180 482 3223 discessum
495 3182 541 3223 est:
558 3179 629 3222 dent
646 3190 776 3233 operam
795 3178 957 3231 consules,
974 3181 1151 3233 praetores,
1168 3178 1226 3221 tre'-

56 3254 119 3302 bune*
132 3263 173 3316 pl.
191 3264 305 3320 quique
323 3263 593 3314 consularessrrnt
608 3260 771 3313 odorrem,
789 3274 823 3304 ue
839 3261 912 3318 quid
928 3275 976 3305 res
989 3261 1119 3318 publica
1132 3261 1226 3305 detri-

56 3345 140 3386 menti
155 3348 275 3402 cepr'at.
296 3369 326 3381 ·-
349 3347 439 3390 idcireo
456 3345 481 3387 in
503 3346 540 3388 bie
560 3342 789 3402 reconvertentes}
825 3343 872 3389 Vr.
891 3345 915 3387 in
938 3345 974 3389 tte
996 3360 1019 3392 r.
1042 3360 1061 3390 e.
1080 3358 1128 3403 pro
1151 3343 1227 3402 gloss.

57 3419 129 3470 babuit
145 3427 286 3485 Bromius,
311 3429 353 3473 sed
379 3427 512 3482 immeritor
540 3428 685 3486 permultum
706 3428 771 3472 euim
793 3427 921 3472 conserunt
941 3430 974 3473 ed
995 3426 1145 3474 accentoris
1165 3426 1227 3474 inri-

57 3503 111 3551 dian
129 3513 280 3570 eugendum:
313 3517 349 3557 eet
369 3510 433 3557 scil:
456 3510 588 3569 „idcirc0‚
610 3516 636 3556 ut
653 3510 701 3556 lree
717 3525 755 3556 ree
775 3512 971 3558 everterentur.“

114 3589 163 3651 il.
180 3594 275 3653 eolalie]
293 3596 366 3648 Quod
385 3594 409 3640 in
429 3588 481 3638 Ox}
495 3595 528 3639 Χ.
548 3600 573 3639 et
587 3593 687 3639 Arcens.
703 3592 780 3640 tast-
794 3594 892 3639 additur
907 3595 1071 3651 reipublicae,
1088 3595 1112 3642 iu
1125 3596 1228 3642 Oxonn.

57 3680 174 3730 qmttuore
192 3679 237 3735 lt,
262 3679 311 3724 iem
329 3691 362 3723 ex
380 3676 547 3723 Ambrosiano
562 3682 632 3735 =putet
651 3678 715 3722 ende
735 3677 837 3725 venerit.
872 3679 898 3725 Is
914 3679 983 3724 scili
1005 3680 1088 3724 utura
1101 3678 1133 3724 Κ.
1150 3678 1228 3732 Quae.

58 3752 124 3803 idest
145 3762 227 3818 Kepet
250 3775 341 3809 novum
354 3760 490 3807 orationis.
525 3760 564 3806 stc
585 3773 666 3806 rursus
686 3760 710 3805 in
727 3762 774 3806 sse
789 3759 800 3821 5
815 3762 839 3807 7.
857 3762 942 3808 Ambr.
962 3763 1065 3809 Oxonn.
1088 3762 1116 3807 C.
1135 3762 1168 3807 H.
1190 3762 1227 3806 Sa

58 3850 156 3894 trrreeaa
170 3850 224 3890 eret
236 3846 269 3892 K.
283 3870 311 3884 -
320 3856 401 3909 pm:
422 3857 445 3890 o.
459 3857 479 3890 r.
491 3845 522 3889 R.
539 3843 735 3901 „Additameute
753 3845 812 3906 quid
831 3845 876 3891 eibi
897 3845 986 3904 velint,
1011 3844 1126 3893 nescio-‘⁴
1146 3844 1228 3890 Rern.

58 3919 103 3967 lan
123 3940 193 3975 nemo
216 3929 240 3975 in
265 3928 294 3975 iis
315 3928 433 3977 haerebit.

116 4006 127 4067 b
149 4010 174 4055 5.
196 4025 278 4067 potem
299 4027 328 4057 ee
350 4013 440 4056 mamm
459 4007 528 4070 pcto]
547 4010 690 4057 Formulurn
707 4012 848 4058 sollemnem
866 4015 898 4058 de
914 4014 1017 4059 deornm
1034 4027 1097 4072 paee
1114 4018 1139 4058 et
1156 4012 1229 4058 bene·

59 4087 156 4137 mteurio
183 4093 338 4153 imploranda
361 4096 468 4141 noudum
491 4100 598 4141 noverat
622 4094 746 4140 Manutius
766 4109 849 4150 pacem
871 4096 934 4140 inter
952 4094 1019 4142 cives
1036 4096 1076 4142 liic
1094 4096 1146 4155 peti
1163 4095 1230 4140 erbi-

59 4172 133 4218 tratue.
146 4190 176 4214 a.
188 4175 261 4238 edua]
281 4178 319 4223 Sic
331 4178 416 4224 Ambr.
434 4191 488 4223 eum
505 4183 562 4223 cett.
575 4178 654 4224 Codd.
672 4178 745 4223 notis.
758 4177 817 4223 Ern.
836 4193 869 4224 ex
887 4178 996 4225 luntinss
1014 4184 1037 4223 et
1052 4182 1122 4224 eatur.
1151 4179 1230 4223 Prete-

59 4249 257 4308 laudedemus
275 4267 378 4321 propter
398 4274 509 4320 sequens.
532 4284 567 4298 -·
589 4257 723 4322 suffragiis]
743 4261 833 4308 Cicero
851 4264 882 4309 de
899 4263 974 4321 legg.
992 4262 1024 4319 3,
1045 4263 1097 4306 16.ε
1134 4260 1186 4303 Uno
1204 4261 1230 4303 tn

59 4346 131 4390 tencre
152 4343 252 4402 relinqui
276 4343 395 4391 uidebatur
416 4346 481 4391 reeb
501 4342 652 4403 effugium,
683 4346 818 4405 proavtpee
841 4347 871 4392 L.
897 4345 989 4391 &uiae
1012 4345 1081 4404 (lege
1098 4342 1230 4389 tabellaria
