2850 4759
222 295 392 366 omno
413 297 443 385 ι,
466 295 515 365 ιΝ
534 295 813 378 certamen,
835 318 867 366 ο.
883 300 922 365 ιο
942 310 976 368 a
997 301 1047 372 n.
1149 256 1227 370 'nu

53 465 133 538 ptete
154 453 380 535 bacchabere,
410 476 491 524 eum
521 456 555 523 iu
582 468 679 524 tanto
705 477 851 526 numero
874 469 1013 526 tuorum
1033 480 1144 543 neque
1166 483 1227 530 an·

54 558 116 626 dies
136 558 244 625 virum
263 559 388 626 bonum
409 580 616 642 quemquam
635 579 746 642 neque
766 560 922 628 videbis‘.>
944 562 997 629 Ad
1015 561 1114 631 buius
1136 565 1227 632 vitae

53 658 190 726 studium
213 659 366 728 meditati
391 673 472 728 suin
496 660 563 748 illi,
585 663 641 744 qni
663 662 838 741 feruutur,
863 662 1001 733 labores
1024 666 1084 732 tul:
1114 670 1227 738 iacere

53 760 136 828 linmi
165 785 236 830 non
261 764 368 832 modo·
391 763 434 831 ad
460 762 685 832 obsidendum
707 778 883 847 stuprum,
914 770 1159 835 verumetiam
1184 769 1228 836 ad

52 865 171 936 lacinus
197 866 416 948 obemidum3
453 867 594 949 uigilare
622 891 690 935 non
719 867 831 936 solum
861 868 1077 938 insidiantem
1104 892 1227 940 somno

36 969 255 1048 'niaritornm,
272 991 391 1037 rerum
414 970 515 1038 etiam
535 971 631 1042 bonis
648 973 853 1041 otiosorum.
895 973 1021 1049 Habes,
1039 975 1096 1043 ubi
1114 986 1229 1046 osten·

54 1083 96 1139 tes
109 1070 197 1142 illam
214 1085 307 1142 tuam
327 1074 538 1156 praeclaram
556 1076 755 1158 patientiam
771 1075 891 1153 famis,
912 1077 1072 1157 frigoris,
1093 1077 1234 1160 inopiae-

53 1195 156 1250 rerum
183 1177 357 1254 omnium,
393 1178 514 1261 quibos
548 1190 580 1245 te
612 1179 706 1246 brevi
741 1190 898 1262 tempore
925 1180 1122 1247 coirtectum
1152 1200 1229 1248 esse

22 1281 23 1284 ’
53 1279 175 1367 senties.
202 1278 371 1347 n'l'antum
391 1280 523 1363 profeci
544 1281 665 1365 [turti],
698 1303 778 1349 cum
800 1294 833 1349 te
851 1305 870 1349 a
888 1282 1069 1351 consulatu
1088 1282 1229 1376 reppuli,
1249 1279 1289 1342 27

56 1392 88 1447 nt
110 1380 186 1452 exul
215 1383 331 1467 potius
361 1396 492 1452 tentare
520 1407 624 1468 quam
654 1384 777 1453 corisul
805 1406 933 1462 vexare
960 1386 1229 1469 rempublicam

54 1505 162 1565 posses
188 1498 292 1571 atque
311 1499 349 1554 ut
372 1488 424 1568 id,
459 1487 551 1572 quod
575 1500 666 1558 esset
686 1489 746 1558 aba
767 1500 805 1556 te
828 1489 996 1560 scelerate
1012 1503 1231 1573 suseeptum,

53 1584 257 1657 latrocinium
279 1591 393 1673 potius
422 1612 523 1674 quam
553 1591 680 1660 bellum
704 1592 952 1664 nominaretur.

120 1693 180 1762 Xl.
219 1693 341 1772 Nune,
363 1705 400 1760 ut
422 1715 439 1760 a
461 1715 534 1772 me,
554 1698 677 1763 Patres
699 1695 903 1778 conscripti,
931 1696 1098 1777 quandam
1122 1715 1231 1778 prope

54 1793 318 1879 iustampatriae
339 1797 588 1879 querimoniam
611 1797 761 1866 detester
782 1820 823 1867 ao
843 1797 1026 1880 deprecer,
1047 1798 1230 1880 percipite,

54 1918 185 1980 quaeso,
208 1897 411 1980 diligenter,
434 1921 520 1984 quae
542 1899 666 1978 dicam,
689 1914 723 1968 et
744 1921 784 1967 ea
806 1901 941 1983 penitus
963 1901 1085 1968 animis
1106 1901 1230 1968 vestris

55 2001 281 2087 mentibusque
302 2001 476 2070 mandate.
517 2002 673 2088 Etenim,
697 2004 726 2070 si
749 2023 885 2075 meeum
901 2006 1025 2085 patria,
1047 2002 1230 2086 quaemihi
1292 2035 1295 2040 ·

55 2102 113 2170 vita
138 2126 214 2172 mea
243 2103 354 2173 multo
383 2117 435 2174 est
461 2107 597 2183 carior,
632 2107 661 2174 si
689 2118 814 2173 cuneta
841 2104 955 2191 ltalia,
990 2107 1019 2173 si
1040 2107 1153 2174 ernuis
1175 2126 1233 2174 ree

55 2206 174 2286 publiea
196 2207 379 2292 loquetura
416 2208 494 2289 „M.
517 2206 627 2292 Tulli,
652 2196 863 2291 quidagisil
896 2219 976 2273 tune
998 2228 1096 2287 eum,
1129 2229 1231 2291 quem

56 2327 119 2376 esse
144 2310 281 2379 hostem
311 2312 530 2394 comperisti,
563 2332 664 2394 quem
695 2310 816 2377 ducem
840 2307 917 2376 belli
940 2313 1095 2377 lutrarum
1117 2309 1231 2390 vides,

55 2432 141 2491 quem
156 2409 354 2497 exspectari
368 2414 612 2496 imperatorem
627 2414 661 2481 in
677 2414 799 2482 eastris
814 2410 965 2482 bostiam
980 2411 1098 2489 sentis,
1113 2422 1233 2488 enem-

55 2533 116 2584 reer
135 2516 291 2596 sceleris,
313 2517 502 2602 prinoipem
525 2518 788 2599 coniurationis,
809 2527 1031 2584 evocatorem
1051 2535 1232 2583 servorum

56 2627 86 2683 et
101 2621 221 2688 eivinm
245 2620 480 2703 perditorum,
503 2621 597 2686 exire
619 2622 767 2703 patiere,
800 2631 838 2686 ut
859 2620 918 2687 abs
941 2631 974 2686 te
996 2641 1063 2686 non
1086 2618 1232 2687 emissus
1323 2623 1327 2626 “

56 2738 93 2786 ex
111 2723 209 2797 urbe,
231 2721 292 2791 sed
316 2723 489 2790 immissus
510 2723 545 2789 in
567 2723 686 2792 urbem
709 2742 786 2789 esse
807 2721 991 2789 videatur?
1012 2742 1126 2788 amnne
1140 2719 1234 2790 buno

55 2821 83 2889 in
101 2825 232 2893 vineola
256 2825 352 2904 duci,
374 2847 444 2893 nori
466 2825 509 2893 ad
532 2836 678 2893 mortem
701 2826 793 2912 rapi,
814 2847 882 2896 riori
903 2846 1041 2893 surnmo
1064 2822 1231 2907 supplicio

56 2945 238 2962 ῃ*

56 3022 93 3055 nen
108 3014 179 3058 solum
194 3013 227 3057 ad
245 3010 295 3056 aba.
312 3007 366 3055 ΤΒ.
380 2985 415 3046 ζ-
429 3008 570 3069 otiosorum]
587 3007 642 3058 Tli.
660 3009 789 3054 occleorum
807 3007 908 3054 liren—
923 3008 990 3053 illam
1007 3011 1070 3051 mam
1083 3008 1233 3064 praeclaram

55 3096 189 3157 patientiam]
205 3095 237 3141 Τ.
256 3091 319 3140 tuam
337 3095 404 3139 illam
418 3108 460 3151 pr.
476 3097 526 3151 pat.
545 3093 576 3139 R.
594 3093 661 3136 illam
676 3091 767 3148 praest.
782 3093 833 3146 pat.
851 3092 914 3134 wem
931 3088 961 3135 Ρ.
978 3089 1045 3133 ittam
1058 3088 1150 3146 praest.
1170 3091 1234 3133 uam
1270 3087 1273 3093 ’

55 3163 171 3229 pretim.
183 3202 216 3216 -
235 3178 339 3222 omnium
356 3189 434 3221 rerum
451 3176 482 3222 ll.

114 3259 125 3322 l
141 3262 183 3308 et.
199 3260 296 3320 profire·
313 3274 365 3306 eum
382 3259 437 3306 ru.
454 3284 490 3299 -
506 3258 558 3319 abe]
577 3258 607 3307 T.
625 3275 640 3304 a
657 3260 688 3306 il.
706 3258 765 3305 Em.
783 3281 817 3294 -·
834 3263 918 3316 quaero
932 3256 1047 3327 percipite
1062 3255 1160 3302 ru-
1170 3265 1234 3301 seen·

57 3342 108 3389 titus
123 3348 203 3392 vesteis
219 3347 349 3405 animisque
366 3344 396 3391 P.
408 3369 442 3381 -
459 3345 518 3389 milri
535 3348 570 3388 eet
586 3345 634 3388 etta
651 3356 701 3389 mee
719 3345 793 3387 multo
810 3343 890 3387 carior
906 3340 936 3388 T.
954 3343 1012 3392 milei
1028 3343 1077 3386 uita
1094 3354 1145 3385 mea
1161 3342 1235 3385 mullo

58 3430 126 3473 carior
146 3435 180 3475 eet
200 3432 232 3477 R.
250 3431 336 3475 -eie
359 3415 470 3487 loquatur
490 3427 603 3487 Madvig.
625 3441 641 3474 e
657 3425 758 3480 Quintil.
777 3427 807 3482 9,
825 3427 856 3486 2,
873 3424 915 3471 32.
932 3450 968 3464 -
984 3426 1072 3470 bostem
1089 3437 1136 3469 esse
1153 3424 1186 3470 n.
1200 3448 1236 3463 ι-

58 3511 144 3559 bostium
159 3518 244 3561 easmie
260 3514 291 3562 1³2
317 3516 418 3560 bostium
442 3515 507 3559 uides
531 3514 562 3560 R.
581 3538 612 3551 -
638 3516 796 3557 renovatorem
813 3509 843 3557 T.
868 3535 902 3548 -
924 3512 1052 3568 ciuiumque
1068 3509 1135 3565 perd.
1153 3507 1183 3554 P.
1200 3531 1236 3548 -

58 3599 144 3660 patiere]
159 3599 213 3647 TR.
227 3602 329 3659 petieris
346 3599 405 3646 Em.
422 3623 458 3636 -
475 3612 549 3644 nonne
567 3596 637 3657 tunc]
654 3596 730 3641 TRP.
748 3595 807 3642 Eru.
826 3607 873 3641 uon
890 3596 949 3639 tune
967 3592 1052 3641 Lemb.
1070 3592 1182 3653 Madvig.

59 3768 109 3815 idem
126 3785 155 3817 ea
170 3775 236 3819 omni
252 3773 335 3819 ordine
352 3776 421 3831 atque
438 3785 468 3816 ee·
485 3772 550 3817 omni
566 3775 640 3816 aetate
652 3770 768 3829 fecerunt.
810 3772 901 3817 Habuit
917 3772 977 3815 enine
995 3772 1035 3815 ille
1050 3770 1168 3826 permulta
1185 3781 1236 3813 ma-

59 3853 164 3901 rimanam
180 3871 227 3903 uon
245 3869 356 3914 expressa
372 3861 456 3914 signu,
486 3856 526 3901 sed
543 3856 681 3901 adumbrata
700 3858 818 3901 uirtutum.
869 3856 980 3901 Utebatur
997 3854 1128 3901 bominibus
1146 3853 1235 3909 impro-

60 3934 90 3980 lis
104 3943 233 3987 multise‘et
249 3942 339 4001 quidem
358 3942 455 3997 optimis
471 3953 495 3984 se
513 3940 570 3984 uiris
588 3941 688 3984 deditum
706 3953 754 3983 esse
770 3940 902 3983 stinulabat.
938 3941 1014 3984 Erant
1030 3939 1093 3995 apud
1105 3940 1171 3982 illum
1184 3937 1236 3980 ille-

60 4018 129 4065 cebrae
145 4025 266 4071 libidinum
283 4027 383 4080 mullae3
409 4027 477 4068 erant
500 4025 569 4067 etiam
594 4024 722 4067 industriae
744 4023 839 4081 quidam
856 4023 945 4066 stimuli
961 4025 984 4066 et
1000 4023 1097 4067 laboris.
1132 4020 1236 4075 Flagra·

61 4101 108 4147 ll‘fll
123 4108 177 4158 ”llis
193 4108 299 4155 uimine
316 4109 379 4166 apud
396 4109 481 4161 illusus
509 4106 618 4164 vigebant
640 4108 710 4152 etium
732 4107 809 4152 studia
827 4107 862 4151 rei
879 4108 999 4151 militaris.
1036 4105 1115 4161 Neque
1132 4116 1176 4158 ego
1194 4114 1236 4144 un-

61 4189 203 4247 messuisse
219 4195 265 4237 tale
282 4197 410 4240 monstrum
428 4192 454 4235 in
467 4193 538 4235 terrie
557 4192 629 4235 ullum
645 4194 703 4247 puto
722 4194 769 4234 tam
787 4204 817 4234 en
834 4192 961 4234 corruentis
977 4188 1118 4243 diversisque
1136 4186 1196 4226 iuter
1212 4195 1236 4225 ee

59 4275 203 4336 pugnantibus
229 4282 325 4323 numae
347 4278 430 4322 sinclita
457 4273 664 4333 cupiditatibusque
689 4273 821 4343 potestatum.
845 4295 879 4308 -
903 4277 925 4317 te
948 4285 964 4316 a
987 4269 1105 4315 aorasntatu
1127 4262 1235 4324 reppuli]

63 4356 136 4409 paneis
154 4365 209 4407 ente
227 4360 318 4408 diebus.
336 4360 380 4407 cfr.
399 4374 446 4419 pro
465 4337 569 4405 Morene
586 4372 608 4404 c.
627 4358 659 4404 25
678 4371 746 4417 seqq.
819 4407 821 4410 ,
