<?xml version="1.0" encoding="UTF-8"?>
<!DOCTYPE html PUBLIC "-//W3C//DTD XHTML 1.0 Transitional//EN"
    "http://www.w3.org/TR/xhtml1/DTD/xhtml1-transitional.dtd">
<html xmlns="http://www.w3.org/1999/xhtml" xml:lang="en" lang="en">
 <head>
  <title>
</title>
<meta http-equiv="Content-Type" content="text/html;charset=utf-8" />
  <meta name='ocr-system' content='tesseract 3.04.00' />
  <meta name='ocr-capabilities' content='ocr_page ocr_carea ocr_par ocr_line ocrx_word'/>
</head>
<body>
  <div class='ocr_page' id='page_1' title='image "./mtulliiciceroni00orelgoog_0393.png"; bbox 0 0 2850 4759; ppageno 0'>
   <div class='ocr_carea' id='block_1_1' title="bbox 227 267 1185 353">
    <p class='ocr_par' dir='ltr' id='par_1_1' title="bbox 227 267 1185 353">
     <span class='ocr_line' id='line_1_1' title="bbox 227 267 1185 353; baseline 0.001 -15"><span class='ocrx_word' id='word_1_1' title='bbox 227 268 402 338; x_wconf 75' lang='lat' dir='ltr'><strong>oestro</strong></span> <span class='ocrx_word' id='word_1_2' title='bbox 425 267 671 339; x_wconf 72' lang='lat' dir='ltr'><strong>Pltlbtt’t’tcrt</strong></span> <span class='ocrx_word' id='word_1_3' title='bbox 695 273 765 353; x_wconf 69' lang='lat' dir='ltr'><strong>ll.,&#39;</strong></span> <span class='ocrx_word' id='word_1_4' title='bbox 782 294 810 339; x_wconf 87' lang='lat' dir='ltr'><strong>c.</strong></span> <span class='ocrx_word' id='word_1_5' title='bbox 827 277 848 337; x_wconf 77' lang='lat'><strong>9</strong></span> <span class='ocrx_word' id='word_1_6' title='bbox 868 283 901 338; x_wconf 86' lang='lat' dir='ltr'><strong>et</strong></span> <span class='ocrx_word' id='word_1_7' title='bbox 921 273 969 338; x_wconf 83' lang='lat' dir='ltr'><strong>tu.</strong></span> <span class='ocrx_word' id='word_1_8' title='bbox 1127 275 1185 339; x_wconf 76' lang='lat' dir='ltr'><strong>ste</strong></span> 
     </span>
    </p>
   </div>
   <div class='ocr_carea' id='block_1_2' title="bbox 31 427 1282 3526">
    <p class='ocr_par' dir='ltr' id='par_1_2' title="bbox 31 427 1282 1242">
     <span class='ocr_line' id='line_1_2' title="bbox 31 427 1189 518; baseline -0.003 -15"><span class='ocrx_word' id='word_1_9' title='bbox 31 430 168 518; x_wconf 77' lang='lat' dir='ltr'><strong>illunis,</strong></span> <span class='ocrx_word' id='word_1_10' title='bbox 193 442 233 497; x_wconf 91' lang='lat' dir='ltr'><strong>ut</strong></span> <span class='ocrx_word' id='word_1_11' title='bbox 260 427 427 515; x_wconf 80' lang='lat' dir='ltr'>prodesse</span> <span class='ocrx_word' id='word_1_12' title='bbox 451 429 670 514; x_wconf 86' lang='lat' dir='ltr'><strong>reipublicae</strong></span> <span class='ocrx_word' id='word_1_13' title='bbox 696 432 769 499; x_wconf 88' lang='lat' dir='ltr'><strong>sine</strong></span> <span class='ocrx_word' id='word_1_14' title='bbox 792 453 933 501; x_wconf 83' lang='lat' dir='ltr'>suasore</span> <span class='ocrx_word' id='word_1_15' title='bbox 956 456 1024 501; x_wconf 89' lang='lat' dir='ltr'><strong>non</strong></span> <span class='ocrx_word' id='word_1_16' title='bbox 1049 434 1189 517; x_wconf 75' lang='lat' dir='ltr'><strong>posseti·</strong></span> 
     </span>
     <span class='ocr_line' id='line_1_3' title="bbox 31 533 1184 626; baseline -0.003 -19"><span class='ocrx_word' id='word_1_17' title='bbox 31 549 55 607; x_wconf 90' lang='lat' dir='ltr'><strong>tt</strong></span> <span class='ocrx_word' id='word_1_18' title='bbox 76 535 223 603; x_wconf 84' lang='lat' dir='ltr'><strong>laetatus</strong></span> <span class='ocrx_word' id='word_1_19' title='bbox 246 556 341 601; x_wconf 74' lang='lat' dir='ltr'><strong>siun.</strong></span> <span class='ocrx_word' id='word_1_20' title='bbox 383 533 473 626; x_wconf 78' lang='lat' dir='ltr'><strong>Quid</strong></span> <span class='ocrx_word' id='word_1_21' title='bbox 493 535 602 617; x_wconf 70' lang='lat' dir='ltr'><strong>ergo?</strong></span> <span class='ocrx_word' id='word_1_22' title='bbox 631 536 664 602; x_wconf 94' lang='lat' dir='ltr'><strong>in</strong></span> <span class='ocrx_word' id='word_1_23' title='bbox 686 547 776 603; x_wconf 87' lang='lat' dir='ltr'><strong>tanta</strong></span> <span class='ocrx_word' id='word_1_24' title='bbox 799 534 924 603; x_wconf 83' lang='lat' dir='ltr'><strong>laetitia</strong></span> <span class='ocrx_word' id='word_1_25' title='bbox 944 549 1086 606; x_wconf 82' lang='lat' dir='ltr'><strong>cunctae</strong></span> <span class='ocrx_word' id='word_1_26' title='bbox 1100 539 1184 605; x_wconf 85' lang='lat' dir='ltr'><strong>eivi-</strong></span> 
     </span>
     <span class='ocr_line' id='line_1_4' title="bbox 31 629 1241 729; baseline 0.005 -26"><span class='ocrx_word' id='word_1_27' title='bbox 31 638 84 703; x_wconf 82' lang='lat' dir='ltr'><strong>rtis</strong></span> <span class='ocrx_word' id='word_1_28' title='bbox 105 659 160 704; x_wconf 86' lang='lat' dir='ltr'><strong>me</strong></span> <span class='ocrx_word' id='word_1_29' title='bbox 181 660 294 704; x_wconf 76' lang='lat' dir='ltr'><strong>unuin</strong></span> <span class='ocrx_word' id='word_1_30' title='bbox 305 629 442 705; x_wconf 72' lang='lat' dir='ltr'><strong>&#39;tristent</strong></span> <span class='ocrx_word' id='word_1_31' title='bbox 457 659 532 706; x_wconf 85' lang='lat' dir='ltr'><strong>esse</strong></span> <span class='ocrx_word' id='word_1_32' title='bbox 547 639 753 722; x_wconf 70' lang='lat' dir='ltr'><strong>oportebat?</strong></span> <span class='ocrx_word' id='word_1_33' title='bbox 785 639 1000 729; x_wconf 78' lang='lat' dir='ltr'><strong>Quamquam</strong></span> <span class='ocrx_word' id='word_1_34' title='bbox 1016 640 1057 708; x_wconf 80' lang='lat' dir='ltr'><strong>tle</strong></span> <span class='ocrx_word' id='word_1_35' title='bbox 1070 655 1188 709; x_wconf 88' lang='lat' dir='ltr'><strong>morte·</strong></span> <span class='ocrx_word' id='word_1_36' title='bbox 1204 645 1241 709; x_wconf 63' lang='grc' dir='ltr'><em>Ἡ</em></span> 
     </span>
     <span class='ocr_line' id='line_1_5' title="bbox 31 739 1184 829; baseline 0.008 -26"><span class='ocrx_word' id='word_1_37' title='bbox 31 739 117 809; x_wconf 82' lang='lat' dir='ltr'><strong>:rodit</strong></span> <span class='ocrx_word' id='word_1_38' title='bbox 141 740 211 807; x_wconf 80' lang='lat' dir='ltr'><strong>fuit</strong></span> <span class='ocrx_word' id='word_1_39' title='bbox 234 742 393 825; x_wconf 79' lang='lat' dir='ltr'>quaestio</span> <span class='ocrx_word' id='word_1_40' title='bbox 416 743 587 810; x_wconf 88' lang='lat' dir='ltr'><strong>nonsatis</strong></span> <span class='ocrx_word' id='word_1_41' title='bbox 614 742 797 825; x_wconf 77' lang='lat' dir='ltr'>prudenter</span> <span class='ocrx_word' id='word_1_42' title='bbox 819 740 879 810; x_wconf 86' lang='lat' dir='ltr'><strong>illa</strong></span> <span class='ocrx_word' id='word_1_43' title='bbox 900 743 1033 829; x_wconf 88' lang='lat' dir='ltr'><strong>quidem</strong></span> <span class='ocrx_word' id='word_1_44' title='bbox 1058 747 1184 813; x_wconf 89' lang='lat' dir='ltr'><strong>consti·</strong></span> 
     </span>
     <span class='ocr_line' id='line_1_6' title="bbox 31 842 1186 935; baseline 0.006 -26"><span class='ocrx_word' id='word_1_45' title='bbox 31 857 90 911; x_wconf 90' lang='lat' dir='ltr'><strong>uta.</strong></span> <span class='ocrx_word' id='word_1_46' title='bbox 148 842 245 935; x_wconf 77' lang='lat' dir='ltr'><strong>Quid</strong></span> <span class='ocrx_word' id='word_1_47' title='bbox 280 845 371 911; x_wconf 86' lang='lat' dir='ltr'><strong>enim</strong></span> <span class='ocrx_word' id='word_1_48' title='bbox 399 845 562 912; x_wconf 71' lang='lat' dir='ltr'><strong>attinebat</strong></span> <span class='ocrx_word' id='word_1_49' title='bbox 595 867 684 915; x_wconf 89' lang='lat' dir='ltr'><strong>nova</strong></span> <span class='ocrx_word' id='word_1_50' title='bbox 712 845 797 927; x_wconf 81' lang='lat' dir='ltr'><strong>lege.</strong></span> <span class='ocrx_word' id='word_1_51' title='bbox 822 847 936 930; x_wconf 85' lang='lat' dir='ltr'><strong>quaeri</strong></span> <span class='ocrx_word' id='word_1_52' title='bbox 962 846 1003 914; x_wconf 91' lang='lat' dir='ltr'><strong>de</strong></span> <span class='ocrx_word' id='word_1_53' title='bbox 1031 871 1090 923; x_wconf 83' lang='lat' dir='ltr'><strong>eo,</strong></span> <span class='ocrx_word' id='word_1_54' title='bbox 1126 852 1186 932; x_wconf 88' lang='lat' dir='ltr'><strong>qui</strong></span> 
     </span>
     <span class='ocr_line' id='line_1_7' title="bbox 31 947 1282 1034; baseline 0.005 -21"><span class='ocrx_word' id='word_1_55' title='bbox 31 949 176 1017; x_wconf 74' lang='lat' dir='ltr'><strong>iorniuem</strong></span> <span class='ocrx_word' id='word_1_56' title='bbox 199 948 408 1027; x_wconf 75' lang='lat' dir='ltr'><strong>occidisset,</strong></span> <span class='ocrx_word' id='word_1_57' title='bbox 440 970 519 1017; x_wconf 90' lang='lat' dir='ltr'><strong>cum</strong></span> <span class='ocrx_word' id='word_1_58' title='bbox 539 962 629 1019; x_wconf 86' lang='lat' dir='ltr'><strong>esset</strong></span> <span class='ocrx_word' id='word_1_59' title='bbox 648 947 779 1030; x_wconf 79' lang='lat' dir='ltr'><strong>legibus</strong></span> <span class='ocrx_word' id='word_1_60' title='bbox 801 950 952 1034; x_wconf 79' lang='lat' dir='ltr'><strong>quaestio</strong></span> <span class='ocrx_word' id='word_1_61' title='bbox 972 951 1183 1018; x_wconf 71' lang='lat' dir='ltr'><strong>constituta?</strong></span> <span class='ocrx_word' id='word_1_62' title='bbox 1278 974 1282 982; x_wconf 92' lang='lat'>·</span> 
     </span>
     <span class='ocr_line' id='line_1_8' title="bbox 31 1052 1193 1143; baseline 0.003 -26"><span class='ocrx_word' id='word_1_63' title='bbox 31 1052 211 1141; x_wconf 56' lang='lat' dir='ltr'><strong>Quaesitum</strong></span> <span class='ocrx_word' id='word_1_64' title='bbox 228 1064 442 1123; x_wconf 81' lang='lat' dir='ltr'><strong>esttamen·</strong></span> <span class='ocrx_word' id='word_1_65' title='bbox 470 1052 573 1143; x_wconf 77' lang='lat' dir='ltr'><strong>Quod</strong></span> <span class='ocrx_word' id='word_1_66' title='bbox 586 1053 706 1134; x_wconf 80' lang='lat' dir='ltr'><strong>igitur,</strong></span> <span class='ocrx_word' id='word_1_67' title='bbox 729 1074 806 1119; x_wconf 90' lang='lat' dir='ltr'><strong>curn</strong></span> <span class='ocrx_word' id='word_1_68' title='bbox 822 1075 876 1121; x_wconf 90' lang='lat' dir='ltr'><strong>res</strong></span> <span class='ocrx_word' id='word_1_69' title='bbox 891 1054 1062 1142; x_wconf 78' lang='lat' dir='ltr'><strong>agebatur,</strong></span> <span class='ocrx_word' id='word_1_70' title='bbox 1083 1076 1193 1122; x_wconf 83' lang='lat' dir='ltr'><strong>nemo·</strong></span> 
     </span>
     <span class='ocr_line' id='line_1_9' title="bbox 31 1141 1191 1242; baseline -0.001 -22"><span class='ocrx_word' id='word_1_71' title='bbox 31 1179 45 1221; x_wconf 92' lang='lat' dir='ltr'><strong>n</strong></span> <span class='ocrx_word' id='word_1_72' title='bbox 66 1178 118 1223; x_wconf 90' lang='lat' dir='ltr'><strong>me</strong></span> <span class='ocrx_word' id='word_1_73' title='bbox 143 1155 255 1234; x_wconf 83' lang='lat' dir='ltr'><strong>dixit,</strong></span> <span class='ocrx_word' id='word_1_74' title='bbox 287 1155 322 1224; x_wconf 83' lang='lat' dir='ltr'><strong>it</strong></span> <span class='ocrx_word' id='word_1_75' title='bbox 350 1169 400 1225; x_wconf 93' lang='lat' dir='ltr'><strong>tot</strong></span> <span class='ocrx_word' id='word_1_76' title='bbox 424 1158 519 1225; x_wconf 88' lang='lat' dir='ltr'><strong>anuis</strong></span> <span class='ocrx_word' id='word_1_77' title='bbox 542 1168 619 1240; x_wconf 89' lang='lat' dir='ltr'><strong>post</strong></span> <span class='ocrx_word' id='word_1_78' title='bbox 645 1167 680 1223; x_wconf 95' lang='lat' dir='ltr'><strong>tu</strong></span> <span class='ocrx_word' id='word_1_79' title='bbox 705 1141 745 1223; x_wconf 57' lang='lat' dir='ltr'><strong>es&#39;</strong></span> <span class='ocrx_word' id='word_1_80' title='bbox 765 1157 920 1226; x_wconf 86' lang='lat' dir='ltr'><strong>iuventus</strong></span> <span class='ocrx_word' id='word_1_81' title='bbox 946 1158 1001 1242; x_wconf 90' lang='lat' dir='ltr'><strong>qui</strong></span> <span class='ocrx_word' id='word_1_82' title='bbox 1023 1156 1191 1224; x_wconf 69' lang='lat' dir='ltr'><strong>direres‘b</strong></span> 
     </span>
    </p>

    <p class='ocr_par' dir='ltr' id='par_1_3' title="bbox 31 1258 1241 1657">
     <span class='ocr_line' id='line_1_10' title="bbox 86 1258 1241 1350; baseline 0.003 -23"><span class='ocrx_word' id='word_1_83' title='bbox 86 1259 189 1350; x_wconf 78' lang='lat' dir='ltr'><strong>Quod</strong></span> <span class='ocrx_word' id='word_1_84' title='bbox 211 1280 300 1328; x_wconf 87' lang='lat' dir='ltr'><strong>vero</strong></span> <span class='ocrx_word' id='word_1_85' title='bbox 326 1258 438 1327; x_wconf 85' lang='lat' dir='ltr'><strong>dicere</strong></span> <span class='ocrx_word' id='word_1_86' title='bbox 460 1282 569 1330; x_wconf 80' lang='lat' dir='ltr'><strong>ausus</strong></span> <span class='ocrx_word' id='word_1_87' title='bbox 585 1281 641 1337; x_wconf 87' lang='lat' dir='ltr'><strong>es,</strong></span> <span class='ocrx_word' id='word_1_88' title='bbox 669 1259 770 1344; x_wconf 79' lang='lat' dir='ltr'><strong>itique</strong></span> <span class='ocrx_word' id='word_1_89' title='bbox 792 1258 908 1328; x_wconf 89' lang='lat' dir='ltr'><strong>multis</strong></span> <span class='ocrx_word' id='word_1_90' title='bbox 929 1261 1058 1337; x_wconf 87' lang='lat' dir='ltr'><strong>verbis,</strong></span> <span class='ocrx_word' id='word_1_91' title='bbox 1080 1283 1183 1345; x_wconf 89' lang='lat' dir='ltr'><strong>opera</strong></span> <span class='ocrx_word' id='word_1_92' title='bbox 1202 1269 1241 1331; x_wconf 76' lang='grc'><strong>23</strong></span> 
     </span>
     <span class='ocr_line' id='line_1_11' title="bbox 31 1363 1184 1446; baseline 0.003 -19"><span class='ocrx_word' id='word_1_93' title='bbox 31 1384 83 1429; x_wconf 89' lang='lat' dir='ltr'><strong>nea</strong></span> <span class='ocrx_word' id='word_1_94' title='bbox 98 1365 304 1446; x_wconf 87' lang='lat' dir='ltr'><strong>Pompeium</strong></span> <span class='ocrx_word' id='word_1_95' title='bbox 326 1385 347 1431; x_wconf 93' lang='lat' dir='ltr'><strong>a</strong></span> <span class='ocrx_word' id='word_1_96' title='bbox 361 1364 514 1433; x_wconf 88' lang='lat' dir='ltr'><strong>Caesaris</strong></span> <span class='ocrx_word' id='word_1_97' title='bbox 535 1364 680 1432; x_wconf 77' lang='lat' dir='ltr'><strong>amicitia</strong></span> <span class='ocrx_word' id='word_1_98' title='bbox 695 1384 770 1432; x_wconf 89' lang='lat' dir='ltr'><strong>esse</strong></span> <span class='ocrx_word' id='word_1_99' title='bbox 785 1363 970 1433; x_wconf 88' lang='lat' dir='ltr'><strong>diiunctum</strong></span> <span class='ocrx_word' id='word_1_100' title='bbox 984 1364 1028 1431; x_wconf 92' lang='lat' dir='ltr'><strong>ob</strong></span> <span class='ocrx_word' id='word_1_101' title='bbox 1042 1384 1184 1446; x_wconf 86' lang='lat' dir='ltr'><strong>eamque</strong></span> 
     </span>
     <span class='ocr_line' id='line_1_12' title="bbox 31 1463 1191 1550; baseline 0.003 -21"><span class='ocrx_word' id='word_1_102' title='bbox 31 1486 143 1533; x_wconf 71' lang='lat' dir='ltr'><strong>sariram</strong></span> <span class='ocrx_word' id='word_1_103' title='bbox 169 1465 274 1550; x_wconf 84' lang='lat' dir='ltr'><strong>eulpa</strong></span> <span class='ocrx_word' id='word_1_104' title='bbox 303 1489 378 1537; x_wconf 82' lang='lat' dir='ltr'><strong>rrrea</strong></span> <span class='ocrx_word' id='word_1_105' title='bbox 404 1466 502 1537; x_wconf 84' lang='lat' dir='ltr'><strong>civile</strong></span> <span class='ocrx_word' id='word_1_106' title='bbox 526 1466 647 1537; x_wconf 88' lang='lat' dir='ltr'><strong>bellum</strong></span> <span class='ocrx_word' id='word_1_107' title='bbox 670 1463 904 1547; x_wconf 71' lang='lat' dir='ltr'><strong>cesenatem,</strong></span> <span class='ocrx_word' id='word_1_108' title='bbox 934 1468 968 1536; x_wconf 90' lang='lat' dir='ltr'><strong>in</strong></span> <span class='ocrx_word' id='word_1_109' title='bbox 991 1490 1118 1536; x_wconf 89' lang='lat' dir='ltr'><strong>eonon</strong></span> <span class='ocrx_word' id='word_1_110' title='bbox 1146 1480 1191 1535; x_wconf 90' lang='lat' dir='ltr'><strong>tu.</strong></span> 
     </span>
     <span class='ocr_line' id='line_1_13' title="bbox 31 1568 1183 1657; baseline 0.001 -24"><span class='ocrx_word' id='word_1_111' title='bbox 31 1568 141 1652; x_wconf 80' lang='lat' dir='ltr'><strong>pidem</strong></span> <span class='ocrx_word' id='word_1_112' title='bbox 157 1582 307 1648; x_wconf 82' lang='lat' dir='ltr'><strong>tutare,</strong></span> <span class='ocrx_word' id='word_1_113' title='bbox 329 1570 409 1657; x_wconf 87' lang='lat' dir='ltr'><strong>sed,</strong></span> <span class='ocrx_word' id='word_1_114' title='bbox 431 1570 520 1655; x_wconf 88' lang='lat' dir='ltr'><strong>quod</strong></span> <span class='ocrx_word' id='word_1_115' title='bbox 535 1573 721 1639; x_wconf 85' lang='lat' dir='ltr'><strong>maximum</strong></span> <span class='ocrx_word' id='word_1_116' title='bbox 736 1582 806 1651; x_wconf 84' lang='lat' dir='ltr'><strong>est,</strong></span> <span class='ocrx_word' id='word_1_117' title='bbox 828 1571 1037 1654; x_wconf 83' lang='lat' dir='ltr'><strong>temporibus</strong></span> <span class='ocrx_word' id='word_1_118' title='bbox 1048 1573 1183 1638; x_wconf 87' lang='lat' dir='ltr'><strong>errasti.</strong></span> 
     </span>
    </p>

    <p class='ocr_par' dir='ltr' id='par_1_4' title="bbox 31 1674 1253 3526">
     <span class='ocr_line' id='line_1_14' title="bbox 87 1674 1253 1763; baseline 0.002 -22"><span class='ocrx_word' id='word_1_119' title='bbox 87 1674 130 1742; x_wconf 59' lang='lat' dir='ltr'><strong>Xe</strong></span> <span class='ocrx_word' id='word_1_120' title='bbox 168 1674 248 1756; x_wconf 77' lang='lat' dir='ltr'><strong>Ego</strong></span> <span class='ocrx_word' id='word_1_121' title='bbox 271 1674 326 1743; x_wconf 88' lang='grc' dir='ltr'><strong>Μ.</strong></span> <span class='ocrx_word' id='word_1_122' title='bbox 351 1674 488 1757; x_wconf 82' lang='lat' dir='ltr'><strong>llibulo,</strong></span> <span class='ocrx_word' id='word_1_123' title='bbox 508 1676 799 1759; x_wconf 87' lang='lat' dir='ltr'><strong>praestantissimo</strong></span> <span class='ocrx_word' id='word_1_124' title='bbox 820 1676 902 1763; x_wconf 83' lang='lat' dir='ltr'><strong>oiri,</strong></span> <span class='ocrx_word' id='word_1_125' title='bbox 923 1679 1080 1750; x_wconf 72' lang='lat' dir='ltr'><strong>romule,</strong></span> <span class='ocrx_word' id='word_1_126' title='bbox 1096 1674 1184 1750; x_wconf 76' lang='lat' dir='ltr'><strong>‚nihil</strong></span> <span class='ocrx_word' id='word_1_127' title='bbox 1249 1698 1253 1707; x_wconf 82' lang='grc'><strong>’</strong></span> 
     </span>
     <span class='ocr_line' id='line_1_15' title="bbox 31 1779 1183 1864; baseline 0.007 -25"><span class='ocrx_word' id='word_1_128' title='bbox 31 1779 244 1860; x_wconf 80' lang='lat' dir='ltr'><strong>praetermisi,</strong></span> <span class='ocrx_word' id='word_1_129' title='bbox 264 1790 428 1863; x_wconf 80' lang='lat' dir='ltr'><strong>quantuni</strong></span> <span class='ocrx_word' id='word_1_130' title='bbox 454 1779 568 1848; x_wconf 82' lang='lat' dir='ltr'><strong>facere</strong></span> <span class='ocrx_word' id='word_1_131' title='bbox 589 1781 736 1864; x_wconf 85' lang='lat' dir='ltr'><strong>enitique</strong></span> <span class='ocrx_word' id='word_1_132' title='bbox 755 1781 865 1862; x_wconf 80' lang='lat' dir='ltr'><strong>potui,</strong></span> <span class='ocrx_word' id='word_1_133' title='bbox 887 1781 965 1864; x_wconf 86' lang='lat' dir='ltr'><strong>quin</strong></span> <span class='ocrx_word' id='word_1_134' title='bbox 982 1781 1183 1862; x_wconf 78' lang='lat' dir='ltr'><strong>Pompeium</strong></span> 
     </span>
     <span class='ocr_line' id='line_1_16' title="bbox 31 1883 1192 1967; baseline 0.006 -25"><span class='ocrx_word' id='word_1_135' title='bbox 31 1883 204 1951; x_wconf 69' lang='lat' dir='ltr'><strong>abaesaris</strong></span> <span class='ocrx_word' id='word_1_136' title='bbox 227 1883 474 1950; x_wconf 73' lang='lat' dir='ltr'><strong>coniunctione</strong></span> <span class='ocrx_word' id='word_1_137' title='bbox 498 1905 697 1955; x_wconf 84' lang='lat' dir='ltr'><strong>aroearem.</strong></span> <span class='ocrx_word' id='word_1_138' title='bbox 743 1885 782 1953; x_wconf 92' lang='lat' dir='ltr'><strong>ln</strong></span> <span class='ocrx_word' id='word_1_139' title='bbox 807 1908 874 1967; x_wconf 83' lang='lat' dir='ltr'><strong>quo</strong></span> <span class='ocrx_word' id='word_1_140' title='bbox 899 1885 1022 1956; x_wconf 85' lang='lat' dir='ltr'><strong>Caesar</strong></span> <span class='ocrx_word' id='word_1_141' title='bbox 1050 1884 1192 1953; x_wconf 79' lang='lat' dir='ltr'><strong>felicior.</strong></span> 
     </span>
     <span class='ocr_line' id='line_1_17' title="bbox 31 1980 1183 2070; baseline 0.006 -23"><span class='ocrx_word' id='word_1_142' title='bbox 31 1980 93 2064; x_wconf 76' lang='lat' dir='ltr'><strong>tutu</strong></span> <span class='ocrx_word' id='word_1_143' title='bbox 111 1986 181 2068; x_wconf 86' lang='lat' dir='ltr'><strong>ipse</strong></span> <span class='ocrx_word' id='word_1_144' title='bbox 201 1987 297 2055; x_wconf 89' lang='lat' dir='ltr'><strong>enirn</strong></span> <span class='ocrx_word' id='word_1_145' title='bbox 309 1984 505 2070; x_wconf 86' lang='lat' dir='ltr'><strong>Pompeium</strong></span> <span class='ocrx_word' id='word_1_146' title='bbox 522 2009 629 2055; x_wconf 76' lang='lat' dir='ltr'><strong>altrea</strong></span> <span class='ocrx_word' id='word_1_147' title='bbox 650 1986 876 2056; x_wconf 78' lang='lat' dir='ltr'><strong>familiaritate</strong></span> <span class='ocrx_word' id='word_1_148' title='bbox 893 1986 1047 2058; x_wconf 81' lang='lat' dir='ltr'><strong>diiunxit.</strong></span> <span class='ocrx_word' id='word_1_149' title='bbox 1086 1990 1183 2056; x_wconf 87' lang='lat' dir='ltr'><strong>Post·</strong></span> 
     </span>
     <span class='ocr_line' id='line_1_18' title="bbox 31 2089 1182 2177; baseline 0.008 -30"><span class='ocrx_word' id='word_1_150' title='bbox 31 2103 59 2148; x_wconf 85' lang='lat' dir='ltr'><strong>ra</strong></span> <span class='ocrx_word' id='word_1_151' title='bbox 87 2108 164 2156; x_wconf 88' lang='lat' dir='ltr'><strong>vero</strong></span> <span class='ocrx_word' id='word_1_152' title='bbox 204 2113 310 2174; x_wconf 89' lang='lat' dir='ltr'><strong>quam</strong></span> <span class='ocrx_word' id='word_1_153' title='bbox 341 2111 379 2161; x_wconf 86' lang='lat' dir='ltr'><strong>se</strong></span> <span class='ocrx_word' id='word_1_154' title='bbox 411 2102 519 2159; x_wconf 86' lang='lat' dir='ltr'><strong>toturn</strong></span> <span class='ocrx_word' id='word_1_155' title='bbox 549 2092 729 2174; x_wconf 88' lang='lat' dir='ltr'><strong>Pompeius</strong></span> <span class='ocrx_word' id='word_1_156' title='bbox 759 2090 895 2157; x_wconf 86' lang='lat' dir='ltr'><strong>Caesari</strong></span> <span class='ocrx_word' id='word_1_157' title='bbox 919 2089 1072 2177; x_wconf 85' lang='lat' dir='ltr'><strong>tradidit,</strong></span> <span class='ocrx_word' id='word_1_158' title='bbox 1102 2090 1182 2173; x_wconf 86' lang='lat' dir='ltr'><strong>quid</strong></span> 
     </span>
     <span class='ocr_line' id='line_1_19' title="bbox 31 2189 1191 2275; baseline 0.001 -21"><span class='ocrx_word' id='word_1_159' title='bbox 31 2206 80 2268; x_wconf 75' lang='lat' dir='ltr'><strong>ego</strong></span> <span class='ocrx_word' id='word_1_160' title='bbox 102 2189 192 2261; x_wconf 90' lang='lat' dir='ltr'><strong>illum</strong></span> <span class='ocrx_word' id='word_1_161' title='bbox 221 2196 266 2263; x_wconf 89' lang='lat' dir='ltr'><strong>ab</strong></span> <span class='ocrx_word' id='word_1_162' title='bbox 299 2216 341 2260; x_wconf 84' lang='lat' dir='ltr'><strong>oo</strong></span> <span class='ocrx_word' id='word_1_163' title='bbox 369 2194 557 2262; x_wconf 83' lang='lat' dir='ltr'><strong>distrahere</strong></span> <span class='ocrx_word' id='word_1_164' title='bbox 589 2193 760 2262; x_wconf 76' lang='lat' dir='ltr'><strong>conarer?</strong></span> <span class='ocrx_word' id='word_1_165' title='bbox 794 2192 894 2260; x_wconf 84' lang='lat' dir='ltr'><strong>Stulti</strong></span> <span class='ocrx_word' id='word_1_166' title='bbox 922 2208 997 2260; x_wconf 89' lang='lat' dir='ltr'><strong>erat</strong></span> <span class='ocrx_word' id='word_1_167' title='bbox 1026 2213 1191 2275; x_wconf 52' lang='lat' dir='ltr'><strong>sperares</strong></span> 
     </span>
     <span class='ocr_line' id='line_1_20' title="bbox 31 2293 1241 2383; baseline 0.002 -25"><span class='ocrx_word' id='word_1_168' title='bbox 31 2293 152 2364; x_wconf 83' lang='lat' dir='ltr'><strong>studere</strong></span> <span class='ocrx_word' id='word_1_169' title='bbox 170 2298 394 2383; x_wconf 81' lang='lat' dir='ltr'><strong>impudentis.</strong></span> <span class='ocrx_word' id='word_1_170' title='bbox 430 2297 505 2365; x_wconf 88' lang='lat' dir='ltr'><strong>Duo</strong></span> <span class='ocrx_word' id='word_1_171' title='bbox 525 2308 638 2365; x_wconf 88' lang='lat' dir='ltr'><strong>tamen</strong></span> <span class='ocrx_word' id='word_1_172' title='bbox 661 2309 814 2381; x_wconf 88' lang='lat' dir='ltr'><strong>tempora</strong></span> <span class='ocrx_word' id='word_1_173' title='bbox 834 2294 1039 2374; x_wconf 86' lang='lat' dir='ltr'><strong>inciderunt,</strong></span> <span class='ocrx_word' id='word_1_174' title='bbox 1061 2296 1187 2381; x_wconf 86' lang='lat' dir='ltr'><strong>quibus.</strong></span> <span class='ocrx_word' id='word_1_175' title='bbox 1201 2299 1241 2362; x_wconf 73' lang='lat'><strong>24</strong></span> 
     </span>
     <span class='ocr_line' id='line_1_21' title="bbox 32 2391 1247 2493; baseline 0.009 -38"><span class='ocrx_word' id='word_1_176' title='bbox 32 2391 135 2479; x_wconf 83' lang='lat' dir='ltr'><strong>aliquid</strong></span> <span class='ocrx_word' id='word_1_177' title='bbox 150 2416 273 2471; x_wconf 83' lang='lat' dir='ltr'><strong>corrtra</strong></span> <span class='ocrx_word' id='word_1_178' title='bbox 291 2403 470 2471; x_wconf 84' lang='lat' dir='ltr'><strong>Caesarem</strong></span> <span class='ocrx_word' id='word_1_179' title='bbox 491 2403 653 2485; x_wconf 82' lang='lat' dir='ltr'><strong>Pompeio</strong></span> <span class='ocrx_word' id='word_1_180' title='bbox 668 2399 849 2471; x_wconf 81' lang='lat' dir='ltr'><strong>suaserim.</strong></span> <span class='ocrx_word' id='word_1_181' title='bbox 883 2398 933 2468; x_wconf 82' lang='lat' dir='ltr'><strong>Ea</strong></span> <span class='ocrx_word' id='word_1_182' title='bbox 948 2397 1049 2466; x_wconf 87' lang='lat' dir='ltr'><strong>velim</strong></span> <span class='ocrx_word' id='word_1_183' title='bbox 1069 2419 1181 2482; x_wconf 85' lang='lat' dir='ltr'><strong>repre·</strong></span> <span class='ocrx_word' id='word_1_184' title='bbox 1245 2482 1247 2493; x_wconf 18' lang='grc' dir='ltr'><strong>Δ</strong></span> 
     </span>
     <span class='ocr_line' id='line_1_22' title="bbox 32 2491 1181 2595; baseline 0.006 -33"><span class='ocrx_word' id='word_1_185' title='bbox 32 2491 159 2581; x_wconf 79' lang='lat' dir='ltr'><strong>tuntas,</strong></span> <span class='ocrx_word' id='word_1_186' title='bbox 186 2504 214 2574; x_wconf 89' lang='lat' dir='ltr'><strong>si</strong></span> <span class='ocrx_word' id='word_1_187' title='bbox 237 2519 354 2591; x_wconf 88' lang='lat' dir='ltr'><strong>potes:</strong></span> <span class='ocrx_word' id='word_1_188' title='bbox 386 2528 509 2581; x_wconf 82' lang='lat' dir='ltr'><strong>unum,</strong></span> <span class='ocrx_word' id='word_1_189' title='bbox 535 2526 578 2595; x_wconf 87' lang='lat' dir='ltr'><strong>ue</strong></span> <span class='ocrx_word' id='word_1_190' title='bbox 602 2505 816 2588; x_wconf 79' lang='lat' dir='ltr'><strong>quinquennii</strong></span> <span class='ocrx_word' id='word_1_191' title='bbox 840 2503 1018 2587; x_wconf 84' lang='lat' dir='ltr'><strong>imperium</strong></span> <span class='ocrx_word' id='word_1_192' title='bbox 1044 2503 1181 2569; x_wconf 82' lang='lat' dir='ltr'><strong>Caesari</strong></span> 
     </span>
     <span class='ocr_line' id='line_1_23' title="bbox 32 2607 1233 2692; baseline -0.009 -13"><span class='ocrx_word' id='word_1_193' title='bbox 32 2619 228 2687; x_wconf 68' lang='lat' dir='ltr'><strong>prorogaret:</strong></span> <span class='ocrx_word' id='word_1_194' title='bbox 264 2610 429 2686; x_wconf 83' lang='lat' dir='ltr'><strong>alterum,</strong></span> <span class='ocrx_word' id='word_1_195' title='bbox 460 2630 502 2676; x_wconf 90' lang='lat' dir='ltr'><strong>ne</strong></span> <span class='ocrx_word' id='word_1_196' title='bbox 529 2620 702 2692; x_wconf 86' lang='lat' dir='ltr'><strong>pateretur</strong></span> <span class='ocrx_word' id='word_1_197' title='bbox 728 2607 836 2684; x_wconf 79' lang='lat' dir='ltr'><strong>ferri,</strong></span> <span class='ocrx_word' id='word_1_198' title='bbox 868 2621 906 2674; x_wconf 93' lang='lat' dir='ltr'><strong>ut</strong></span> <span class='ocrx_word' id='word_1_199' title='bbox 932 2608 1080 2676; x_wconf 89' lang='lat' dir='ltr'><strong>absentis</strong></span> <span class='ocrx_word' id='word_1_200' title='bbox 1107 2608 1180 2681; x_wconf 87' lang='lat' dir='ltr'><strong>eius</strong></span> <span class='ocrx_word' id='word_1_201' title='bbox 1230 2663 1233 2668; x_wconf 77' lang='grc'>,</span> 
     </span>
     <span class='ocr_line' id='line_1_24' title="bbox 33 2704 1179 2804; baseline 0.011 -40"><span class='ocrx_word' id='word_1_202' title='bbox 33 2704 102 2773; x_wconf 87' lang='lat' dir='ltr'><strong>ratio</strong></span> <span class='ocrx_word' id='word_1_203' title='bbox 124 2707 319 2781; x_wconf 81' lang='lat' dir='ltr'><strong>baberetur.</strong></span> <span class='ocrx_word' id='word_1_204' title='bbox 361 2713 518 2804; x_wconf 78' lang='lat' dir='ltr'><strong>Quorum</strong></span> <span class='ocrx_word' id='word_1_205' title='bbox 542 2713 571 2781; x_wconf 87' lang='lat' dir='ltr'><strong>si</strong></span> <span class='ocrx_word' id='word_1_206' title='bbox 590 2714 758 2781; x_wconf 89' lang='lat' dir='ltr'><strong>utrumvis</strong></span> <span class='ocrx_word' id='word_1_207' title='bbox 778 2712 1041 2796; x_wconf 80' lang='lat' dir='ltr'><strong>persuasissent,</strong></span> <span class='ocrx_word' id='word_1_208' title='bbox 1064 2712 1097 2778; x_wconf 90' lang='lat' dir='ltr'><strong>in</strong></span> <span class='ocrx_word' id='word_1_209' title='bbox 1119 2711 1179 2777; x_wconf 89' lang='lat' dir='ltr'><strong>bas</strong></span> 
     </span>
     <span class='ocr_line' id='line_1_25' title="bbox 33 2806 1180 2902; baseline 0.012 -35"><span class='ocrx_word' id='word_1_210' title='bbox 33 2806 161 2881; x_wconf 84' lang='lat' dir='ltr'><strong>miserias</strong></span> <span class='ocrx_word' id='word_1_211' title='bbox 181 2816 626 2902; x_wconf 79' lang='lat' dir='ltr'><strong>ruruquaruincidissemus·</strong></span> <span class='ocrx_word' id='word_1_212' title='bbox 666 2821 780 2898; x_wconf 80' lang='lat' dir='ltr'><strong>Atque</strong></span> <span class='ocrx_word' id='word_1_213' title='bbox 800 2815 887 2882; x_wconf 86' lang='lat' dir='ltr'><strong>idem</strong></span> <span class='ocrx_word' id='word_1_214' title='bbox 910 2837 991 2896; x_wconf 83' lang='lat' dir='ltr'><strong>ego,</strong></span> <span class='ocrx_word' id='word_1_215' title='bbox 1010 2835 1091 2880; x_wconf 84' lang='lat' dir='ltr'><strong>rum</strong></span> <span class='ocrx_word' id='word_1_216' title='bbox 1113 2816 1180 2881; x_wconf 82' lang='lat' dir='ltr'><strong>ianr</strong></span> 
     </span>
     <span class='ocr_line' id='line_1_26' title="bbox 35 2916 1180 3004; baseline -0.007 -15"><span class='ocrx_word' id='word_1_217' title='bbox 35 2928 100 2989; x_wconf 68' lang='lat'><strong>⁰90³</strong></span> <span class='ocrx_word' id='word_1_218' title='bbox 122 2940 239 2988; x_wconf 84' lang='lat' dir='ltr'><strong>omues</strong></span> <span class='ocrx_word' id='word_1_219' title='bbox 262 2934 297 2988; x_wconf 87' lang='lat' dir='ltr'><strong>et</strong></span> <span class='ocrx_word' id='word_1_220' title='bbox 320 2941 398 2988; x_wconf 89' lang='lat' dir='ltr'><strong>suas</strong></span> <span class='ocrx_word' id='word_1_221' title='bbox 424 2933 458 2987; x_wconf 90' lang='lat' dir='ltr'><strong>et</strong></span> <span class='ocrx_word' id='word_1_222' title='bbox 480 2919 596 3004; x_wconf 89' lang='lat' dir='ltr'><strong>populi</strong></span> <span class='ocrx_word' id='word_1_223' title='bbox 618 2920 761 2987; x_wconf 85' lang='lat' dir='ltr'><strong>Romani</strong></span> <span class='ocrx_word' id='word_1_224' title='bbox 780 2921 965 3001; x_wconf 86' lang='lat' dir='ltr'><strong>Pompeius</strong></span> <span class='ocrx_word' id='word_1_225' title='bbox 988 2916 1029 2984; x_wconf 85' lang='lat' dir='ltr'><strong>ad</strong></span> <span class='ocrx_word' id='word_1_226' title='bbox 1058 2920 1180 2982; x_wconf 81' lang='lat' dir='ltr'><strong>Caesa-</strong></span> 
     </span>
     <span class='ocr_line' id='line_1_27' title="bbox 34 3017 1180 3107; baseline 0.003 -27"><span class='ocrx_word' id='word_1_227' title='bbox 34 3029 91 3080; x_wconf 78' lang='lat' dir='ltr'><strong>rem</strong></span> <span class='ocrx_word' id='word_1_228' title='bbox 110 3017 284 3092; x_wconf 87' lang='lat' dir='ltr'><strong>detulisset</strong></span> <span class='ocrx_word' id='word_1_229' title='bbox 302 3045 447 3107; x_wconf 89' lang='lat' dir='ltr'><strong>seroque</strong></span> <span class='ocrx_word' id='word_1_230' title='bbox 470 3045 508 3090; x_wconf 88' lang='lat' dir='ltr'><strong>ea</strong></span> <span class='ocrx_word' id='word_1_231' title='bbox 524 3023 650 3091; x_wconf 87' lang='lat' dir='ltr'><strong>sentire</strong></span> <span class='ocrx_word' id='word_1_232' title='bbox 665 3023 852 3106; x_wconf 85' lang='lat' dir='ltr'><strong>coepisset,</strong></span> <span class='ocrx_word' id='word_1_233' title='bbox 874 3043 959 3105; x_wconf 82' lang='lat' dir='ltr'><strong>qrrae</strong></span> <span class='ocrx_word' id='word_1_234' title='bbox 979 3019 1086 3087; x_wconf 87' lang='lat' dir='ltr'><strong>multo</strong></span> <span class='ocrx_word' id='word_1_235' title='bbox 1102 3032 1180 3086; x_wconf 88' lang='lat' dir='ltr'><strong>aute</strong></span> 
     </span>
     <span class='ocr_line' id='line_1_28' title="bbox 36 3121 1179 3211; baseline -0.003 -19"><span class='ocrx_word' id='word_1_236' title='bbox 36 3121 251 3208; x_wconf 71' lang='lat' dir='ltr'><strong>treviorum,</strong></span> <span class='ocrx_word' id='word_1_237' title='bbox 284 3127 468 3210; x_wconf 79' lang='lat' dir='ltr'><strong>inferrique</strong></span> <span class='ocrx_word' id='word_1_238' title='bbox 497 3127 626 3211; x_wconf 85' lang='lat' dir='ltr'><strong>patriae</strong></span> <span class='ocrx_word' id='word_1_239' title='bbox 659 3124 781 3193; x_wconf 90' lang='lat' dir='ltr'><strong>bellum</strong></span> <span class='ocrx_word' id='word_1_240' title='bbox 815 3127 982 3193; x_wconf 87' lang='lat' dir='ltr'><strong>nefarium</strong></span> <span class='ocrx_word' id='word_1_241' title='bbox 1015 3123 1179 3202; x_wconf 85' lang='lat' dir='ltr'><strong>viderem,</strong></span> 
     </span>
     <span class='ocr_line' id='line_1_29' title="bbox 34 3222 1181 3316; baseline -0.002 -20"><span class='ocrx_word' id='word_1_242' title='bbox 34 3222 109 3295; x_wconf 81' lang='lat' dir='ltr'><strong>lacis</strong></span> <span class='ocrx_word' id='word_1_243' title='bbox 130 3232 333 3301; x_wconf 78' lang='lat' dir='ltr'><strong>concordiae</strong></span> <span class='ocrx_word' id='word_1_244' title='bbox 352 3231 608 3316; x_wconf 83' lang='lat' dir='ltr'><strong>compositionis</strong></span> <span class='ocrx_word' id='word_1_245' title='bbox 629 3242 750 3298; x_wconf 89' lang='lat' dir='ltr'><strong>auctor</strong></span> <span class='ocrx_word' id='word_1_246' title='bbox 770 3251 845 3298; x_wconf 87' lang='lat' dir='ltr'><strong>esse</strong></span> <span class='ocrx_word' id='word_1_247' title='bbox 862 3253 930 3297; x_wconf 89' lang='lat' dir='ltr'><strong>non</strong></span> <span class='ocrx_word' id='word_1_248' title='bbox 944 3228 1068 3305; x_wconf 84' lang='lat' dir='ltr'><strong>destiti,</strong></span> <span class='ocrx_word' id='word_1_249' title='bbox 1091 3249 1181 3294; x_wconf 87' lang='lat' dir='ltr'><strong>mea-</strong></span> 
     </span>
     <span class='ocr_line' id='line_1_30' title="bbox 37 3327 1180 3422; baseline -0.002 -23"><span class='ocrx_word' id='word_1_250' title='bbox 37 3341 87 3399; x_wconf 78' lang='lat' dir='ltr'><strong>tue</strong></span> <span class='ocrx_word' id='word_1_251' title='bbox 107 3327 157 3397; x_wconf 88' lang='lat' dir='ltr'><strong>illa</strong></span> <span class='ocrx_word' id='word_1_252' title='bbox 182 3356 251 3405; x_wconf 83' lang='lat' dir='ltr'><strong>rox</strong></span> <span class='ocrx_word' id='word_1_253' title='bbox 275 3348 328 3406; x_wconf 89' lang='lat' dir='ltr'><strong>est</strong></span> <span class='ocrx_word' id='word_1_254' title='bbox 350 3349 431 3404; x_wconf 86' lang='lat' dir='ltr'><strong>nota</strong></span> <span class='ocrx_word' id='word_1_255' title='bbox 455 3333 589 3403; x_wconf 86' lang='lat' dir='ltr'><strong>multis:</strong></span> <span class='ocrx_word' id='word_1_256' title='bbox 621 3331 783 3418; x_wconf 83' lang='lat' dir='ltr'><strong>Utinam,</strong></span> <span class='ocrx_word' id='word_1_257' title='bbox 813 3331 875 3403; x_wconf 81' lang='lat' dir='ltr'><strong>Cn.</strong></span> <span class='ocrx_word' id='word_1_258' title='bbox 899 3330 1066 3422; x_wconf 79' lang='lat' dir='ltr'><strong>Pompei,</strong></span> <span class='ocrx_word' id='word_1_259' title='bbox 1098 3354 1180 3397; x_wconf 84' lang='lat' dir='ltr'><strong>eum</strong></span> 
     </span>
     <span class='ocr_line' id='line_1_31' title="bbox 38 3418 1185 3526; baseline -0.001 -25"><span class='ocrx_word' id='word_1_260' title='bbox 38 3418 67 3489; x_wconf 70' lang='lat'><strong>0·</strong></span> <span class='ocrx_word' id='word_1_261' title='bbox 84 3428 232 3508; x_wconf 81' lang='lat' dir='ltr'><strong>Caesare</strong></span> <span class='ocrx_word' id='word_1_262' title='bbox 251 3441 456 3509; x_wconf 81' lang='lat' dir='ltr'><strong>societatem</strong></span> <span class='ocrx_word' id='word_1_263' title='bbox 476 3451 540 3506; x_wconf 77' lang='lat' dir='ltr'><strong>atri</strong></span> <span class='ocrx_word' id='word_1_264' title='bbox 559 3457 744 3526; x_wconf 75' lang='lat' dir='ltr'><strong>nunquam</strong></span> <span class='ocrx_word' id='word_1_265' title='bbox 761 3436 891 3504; x_wconf 80' lang='lat' dir='ltr'><strong>coisses</strong></span> <span class='ocrx_word' id='word_1_266' title='bbox 910 3448 975 3501; x_wconf 80' lang='lat' dir='ltr'><strong>aul</strong></span> <span class='ocrx_word' id='word_1_267' title='bbox 993 3457 1185 3518; x_wconf 71' lang='lat' dir='ltr'><strong>nunquam</strong></span> 
     </span>
    </p>
   </div>
   <div class='ocr_carea' id='block_1_3' title="bbox 39 3522 1180 3680">
    <p class='ocr_par' dir='ltr' id='par_1_5' title="bbox 39 3522 1180 3680">
     <span class='ocr_line' id='line_1_32' title="bbox 39 3522 1180 3631; baseline 0.01 -37"><span class='ocrx_word' id='word_1_268' title='bbox 39 3522 242 3609; x_wconf 79' lang='lat' dir='ltr'><strong>direruisses!</strong></span> <span class='ocrx_word' id='word_1_269' title='bbox 268 3530 353 3610; x_wconf 78' lang='lat' dir='ltr'><strong>Fuit</strong></span> <span class='ocrx_word' id='word_1_270' title='bbox 374 3542 531 3610; x_wconf 80' lang='lat' dir='ltr'><strong>alterum</strong></span> <span class='ocrx_word' id='word_1_271' title='bbox 550 3540 765 3627; x_wconf 74' lang='lat' dir='ltr'><strong>prauitatis,</strong></span> <span class='ocrx_word' id='word_1_272' title='bbox 787 3539 943 3606; x_wconf 86' lang='lat' dir='ltr'><strong>alterurn</strong></span> <span class='ocrx_word' id='word_1_273' title='bbox 961 3539 1180 3631; x_wconf 74' lang='lat' dir='ltr'><strong>prudentiae</strong></span> 
     </span>
     <span class='ocr_line' id='line_1_33' title="bbox 39 3644 237 3680; baseline 0.005 -1"><span class='ocrx_word' id='word_1_274' title='bbox 39 3644 237 3680; x_wconf 32' lang='grc' dir='ltr'>χ</span> 
     </span>
    </p>
   </div>
   <div class='ocr_carea' id='block_1_4' title="bbox 39 3715 1179 3863">
    <p class='ocr_par' dir='ltr' id='par_1_6' title="bbox 39 3715 1179 3863">
     <span class='ocr_line' id='line_1_34' title="bbox 90 3715 1179 3797; baseline 0 -20"><span class='ocrx_word' id='word_1_275' title='bbox 90 3715 152 3777; x_wconf 71' lang='lat' dir='ltr'><strong>l22·</strong></span> <span class='ocrx_word' id='word_1_276' title='bbox 174 3742 233 3776; x_wconf 78' lang='lat' dir='ltr'><strong>trouu</strong></span> <span class='ocrx_word' id='word_1_277' title='bbox 255 3734 316 3794; x_wconf 79' lang='lat' dir='ltr'><strong>lege]</strong></span> <span class='ocrx_word' id='word_1_278' title='bbox 337 3734 362 3781; x_wconf 83' lang='lat' dir='ltr'><strong>id</strong></span> <span class='ocrx_word' id='word_1_279' title='bbox 384 3739 431 3788; x_wconf 79' lang='lat' dir='ltr'><strong>eri.</strong></span> <span class='ocrx_word' id='word_1_280' title='bbox 461 3732 604 3797; x_wconf 83' lang='lat' dir='ltr'><strong>quaestions</strong></span> <span class='ocrx_word' id='word_1_281' title='bbox 627 3725 825 3779; x_wconf 77' lang='lat' dir='ltr'><strong>extraordinaris</strong></span> <span class='ocrx_word' id='word_1_282' title='bbox 847 3746 863 3778; x_wconf 79' lang='lat' dir='ltr'><strong>a</strong></span> <span class='ocrx_word' id='word_1_283' title='bbox 881 3731 925 3778; x_wconf 84' lang='lat' dir='ltr'><strong>Cn.</strong></span> <span class='ocrx_word' id='word_1_284' title='bbox 945 3730 1065 3792; x_wconf 86' lang='lat' dir='ltr'><strong>Pompeio</strong></span> <span class='ocrx_word' id='word_1_285' title='bbox 1083 3731 1179 3779; x_wconf 85' lang='lat' dir='ltr'><strong>tertium</strong></span> 
     </span>
     <span class='ocr_line' id='line_1_35' title="bbox 39 3803 269 3863; baseline 0.104 -23"><span class='ocrx_word' id='word_1_286' title='bbox 39 3803 118 3851; x_wconf 77' lang='lat' dir='ltr'><strong>corrulo</strong></span> <span class='ocrx_word' id='word_1_287' title='bbox 133 3814 269 3863; x_wconf 69' lang='lat' dir='ltr'><strong>constituta.</strong></span> 
     </span>
    </p>
   </div>
   <div class='ocr_carea' id='block_1_5' title="bbox 92 3910 1088 3988">
    <p class='ocr_par' dir='ltr' id='par_1_7' title="bbox 92 3910 1088 3988">
     <span class='ocr_line' id='line_1_36' title="bbox 92 3910 1088 3988; baseline -0.002 -16"><span class='ocrx_word' id='word_1_288' title='bbox 92 3910 102 3972; x_wconf 86' lang='lat' dir='ltr'><strong>l</strong></span> <span class='ocrx_word' id='word_1_289' title='bbox 117 3916 156 3964; x_wconf 71' lang='lat'><strong>²3·</strong></span> <span class='ocrx_word' id='word_1_290' title='bbox 172 3921 205 3970; x_wconf 78' lang='lat' dir='ltr'><strong>ll.</strong></span> <span class='ocrx_word' id='word_1_291' title='bbox 223 3926 357 3988; x_wconf 85' lang='lat' dir='ltr'><strong>Calpurnio</strong></span> <span class='ocrx_word' id='word_1_292' title='bbox 376 3925 465 3974; x_wconf 83' lang='lat' dir='ltr'><strong>Bibulo</strong></span> <span class='ocrx_word' id='word_1_293' title='bbox 484 3941 534 3974; x_wconf 84' lang='lat' dir='ltr'><strong>eor.</strong></span> <span class='ocrx_word' id='word_1_294' title='bbox 552 3940 605 3973; x_wconf 78' lang='lat' dir='ltr'><strong>curu</strong></span> <span class='ocrx_word' id='word_1_295' title='bbox 622 3925 721 3973; x_wconf 83' lang='lat' dir='ltr'><strong>inimico</strong></span> <span class='ocrx_word' id='word_1_296' title='bbox 739 3926 767 3972; x_wconf 80' lang='lat' dir='ltr'><strong>C.</strong></span> <span class='ocrx_word' id='word_1_297' title='bbox 785 3925 848 3972; x_wconf 88' lang='lat' dir='ltr'><strong>lulio</strong></span> <span class='ocrx_word' id='word_1_298' title='bbox 866 3926 972 3972; x_wconf 74' lang='lat' dir='ltr'><strong>Caesare</strong></span> <span class='ocrx_word' id='word_1_299' title='bbox 989 3941 1013 3971; x_wconf 81' lang='grc' dir='ltr'><strong>ι.</strong></span> <span class='ocrx_word' id='word_1_300' title='bbox 1031 3923 1088 3971; x_wconf 85' lang='grc'><strong>695.</strong></span> 
     </span>
    </p>
   </div>
   <div class='ocr_carea' id='block_1_6' title="bbox 41 4017 1178 4424">
    <p class='ocr_par' dir='ltr' id='par_1_8' title="bbox 41 4017 1178 4424">
     <span class='ocr_line' id='line_1_37' title="bbox 92 4017 1176 4097; baseline -0.003 -17"><span class='ocrx_word' id='word_1_301' title='bbox 92 4017 102 4078; x_wconf 77' lang='lat' dir='ltr'><strong>l</strong></span> <span class='ocrx_word' id='word_1_302' title='bbox 116 4025 154 4072; x_wconf 70' lang='lat' dir='ltr'><strong>ll⁴·</strong></span> <span class='ocrx_word' id='word_1_303' title='bbox 168 4035 325 4097; x_wconf 65' lang='lat' dir='ltr'><strong>prorogaret]</strong></span> <span class='ocrx_word' id='word_1_304' title='bbox 344 4037 367 4083; x_wconf 88' lang='lat' dir='ltr'><strong>io</strong></span> <span class='ocrx_word' id='word_1_305' title='bbox 386 4038 490 4084; x_wconf 69' lang='lat' dir='ltr'><strong>wcundo</strong></span> <span class='ocrx_word' id='word_1_306' title='bbox 507 4051 552 4084; x_wconf 82' lang='lat' dir='ltr'><strong>ruo</strong></span> <span class='ocrx_word' id='word_1_307' title='bbox 570 4038 697 4084; x_wconf 72' lang='lat' dir='ltr'><strong>consulatu</strong></span> <span class='ocrx_word' id='word_1_308' title='bbox 711 4051 736 4083; x_wconf 77' lang='lat' dir='ltr'><strong>a.</strong></span> <span class='ocrx_word' id='word_1_309' title='bbox 749 4036 806 4097; x_wconf 63' lang='lat'><strong>⁶⁰9·</strong></span> <span class='ocrx_word' id='word_1_310' title='bbox 820 4032 873 4096; x_wconf 70' lang='lat' dir='ltr'><strong>lege</strong></span> <span class='ocrx_word' id='word_1_311' title='bbox 885 4035 1015 4082; x_wconf 81' lang='lat' dir='ltr'><strong>Treboniu.</strong></span> <span class='ocrx_word' id='word_1_312' title='bbox 1026 4056 1057 4070; x_wconf 68' lang='grc' dir='ltr'><strong>ι·</strong></span> <span class='ocrx_word' id='word_1_313' title='bbox 1069 4031 1176 4092; x_wconf 79' lang='lat' dir='ltr'><strong>alterum]</strong></span> 
     </span>
     <span class='ocr_line' id='line_1_38' title="bbox 42 4088 1178 4178; baseline 0.003 -20"><span class='ocrx_word' id='word_1_314' title='bbox 42 4088 83 4155; x_wconf 72' lang='lat'><strong>¹0⁸0</strong></span> <span class='ocrx_word' id='word_1_315' title='bbox 96 4106 213 4162; x_wconf 68' lang='lat' dir='ltr'><strong>utronea</strong></span> <span class='ocrx_word' id='word_1_316' title='bbox 238 4119 271 4166; x_wconf 86' lang='lat' dir='ltr'><strong>u.</strong></span> <span class='ocrx_word' id='word_1_317' title='bbox 295 4122 373 4169; x_wconf 65' lang='lat' dir='ltr'><strong>caetu</strong></span> <span class='ocrx_word' id='word_1_318' title='bbox 396 4122 450 4168; x_wconf 79' lang='lat' dir='ltr'><strong>nor</strong></span> <span class='ocrx_word' id='word_1_319' title='bbox 474 4137 499 4169; x_wconf 70' lang='lat' dir='ltr'><strong>a.</strong></span> <span class='ocrx_word' id='word_1_320' title='bbox 517 4123 576 4170; x_wconf 80' lang='lat' dir='ltr'><strong>roe.</strong></span> <span class='ocrx_word' id='word_1_321' title='bbox 594 4147 628 4162; x_wconf 88' lang='grc'>-</span> <span class='ocrx_word' id='word_1_322' title='bbox 645 4121 728 4168; x_wconf 62' lang='lat' dir='ltr'><strong>terrun</strong></span> <span class='ocrx_word' id='word_1_323' title='bbox 750 4120 874 4178; x_wconf 62' lang='lat' dir='ltr'><strong>rorarent]</strong></span> <span class='ocrx_word' id='word_1_324' title='bbox 899 4118 959 4165; x_wconf 64' lang='lat' dir='ltr'><strong>nae</strong></span> <span class='ocrx_word' id='word_1_325' title='bbox 975 4120 1007 4164; x_wconf 74' lang='lat' dir='ltr'><strong>o&gt;</strong></span> <span class='ocrx_word' id='word_1_326' title='bbox 1030 4134 1053 4163; x_wconf 64' lang='lat' dir='ltr'><strong>a.</strong></span> <span class='ocrx_word' id='word_1_327' title='bbox 1072 4118 1129 4163; x_wconf 78' lang='lat' dir='ltr'><strong>ror.</strong></span> <span class='ocrx_word' id='word_1_328' title='bbox 1146 4118 1178 4161; x_wconf 70' lang='lat' dir='ltr'><strong>aa</strong></span> 
     </span>
     <span class='ocr_line' id='line_1_39' title="bbox 41 4174 1178 4271; baseline -0.006 -21"><span class='ocrx_word' id='word_1_329' title='bbox 41 4174 88 4230; x_wconf 53' lang='lat' dir='ltr'><strong>pm</strong></span> <span class='ocrx_word' id='word_1_330' title='bbox 113 4194 138 4250; x_wconf 55' lang='grc' dir='ltr'><strong>θ’</strong></span> <span class='ocrx_word' id='word_1_331' title='bbox 155 4200 178 4246; x_wconf 75' lang='grc' dir='ltr'><strong>θ·</strong></span> <span class='ocrx_word' id='word_1_332' title='bbox 211 4206 313 4253; x_wconf 79' lang='lat' dir='ltr'><strong>Plurimi</strong></span> <span class='ocrx_word' id='word_1_333' title='bbox 328 4213 381 4253; x_wconf 67' lang='lat' dir='ltr'><strong>unt</strong></span> <span class='ocrx_word' id='word_1_334' title='bbox 397 4213 462 4253; x_wconf 80' lang='lat' dir='ltr'><strong>tester</strong></span> <span class='ocrx_word' id='word_1_335' title='bbox 480 4222 515 4252; x_wconf 77' lang='lat' dir='ltr'><strong>me</strong></span> <span class='ocrx_word' id='word_1_336' title='bbox 531 4210 554 4252; x_wconf 74' lang='lat' dir='ltr'><strong>et</strong></span> <span class='ocrx_word' id='word_1_337' title='bbox 570 4207 653 4259; x_wconf 63' lang='lat' dir='ltr'><strong>inuio,</strong></span> <span class='ocrx_word' id='word_1_338' title='bbox 681 4219 708 4250; x_wconf 84' lang='lat' dir='ltr'><strong>rte</strong></span> <span class='ocrx_word' id='word_1_339' title='bbox 730 4207 877 4262; x_wconf 73' lang='lat' dir='ltr'><strong>coniungeret</strong></span> <span class='ocrx_word' id='word_1_340' title='bbox 897 4218 921 4247; x_wconf 80' lang='lat' dir='ltr'><strong>re</strong></span> <span class='ocrx_word' id='word_1_341' title='bbox 943 4216 992 4246; x_wconf 75' lang='lat' dir='ltr'><strong>cem</strong></span> <span class='ocrx_word' id='word_1_342' title='bbox 1018 4203 1178 4271; x_wconf 73' lang='lat' dir='ltr'><strong>Caesareano-</strong></span> 
     </span>
     <span class='ocr_line' id='line_1_40' title="bbox 43 4266 1178 4356; baseline 0.006 -35"><span class='ocrx_word' id='word_1_343' title='bbox 43 4266 101 4356; x_wconf 53' lang='lat' dir='ltr'><strong>”lim</strong></span> <span class='ocrx_word' id='word_1_344' title='bbox 115 4277 256 4342; x_wconf 78' lang='lat' dir='ltr'><strong>Pompeium,</strong></span> <span class='ocrx_word' id='word_1_345' title='bbox 273 4297 295 4337; x_wconf 76' lang='lat' dir='ltr'><strong>el</strong></span> <span class='ocrx_word' id='word_1_346' title='bbox 309 4298 408 4350; x_wconf 79' lang='lat' dir='ltr'><strong>postea,</strong></span> <span class='ocrx_word' id='word_1_347' title='bbox 426 4307 453 4336; x_wconf 83' lang='lat' dir='ltr'><strong>ue</strong></span> <span class='ocrx_word' id='word_1_348' title='bbox 469 4293 611 4349; x_wconf 66' lang='lat' dir='ltr'><strong>reiurrgerelr</strong></span> <span class='ocrx_word' id='word_1_349' title='bbox 628 4291 786 4336; x_wconf 77' lang='lat' dir='ltr'><strong>coniunctione</strong></span> <span class='ocrx_word' id='word_1_350' title='bbox 796 4287 883 4348; x_wconf 77' lang='lat' dir='ltr'><strong>frangi</strong></span> <span class='ocrx_word' id='word_1_351' title='bbox 899 4291 988 4332; x_wconf 80' lang='lat' dir='ltr'><strong>serulus</strong></span> <span class='ocrx_word' id='word_1_352' title='bbox 1006 4299 1073 4343; x_wconf 80' lang='lat' dir='ltr'><strong>opes,</strong></span> <span class='ocrx_word' id='word_1_353' title='bbox 1090 4287 1178 4330; x_wconf 68' lang='lat' dir='ltr'><strong>duruit·</strong></span> 
     </span>
     <span class='ocr_line' id='line_1_41' title="bbox 44 4349 514 4424; baseline 0.064 -30"><span class='ocrx_word' id='word_1_354' title='bbox 44 4349 102 4399; x_wconf 62' lang='lat' dir='ltr'><strong>deoru</strong></span> <span class='ocrx_word' id='word_1_355' title='bbox 116 4364 176 4413; x_wconf 81' lang='lat' dir='ltr'><strong>ciurte</strong></span> <span class='ocrx_word' id='word_1_356' title='bbox 192 4370 270 4421; x_wconf 71' lang='lat' dir='ltr'><strong>bellum</strong></span> <span class='ocrx_word' id='word_1_357' title='bbox 287 4379 386 4423; x_wconf 68' lang='lat' dir='ltr'><strong>usitari</strong></span> <span class='ocrx_word' id='word_1_358' title='bbox 404 4376 514 4424; x_wconf 63' lang='lat' dir='ltr'><strong>nidulum.</strong></span> 
     </span>
    </p>
   </div>
   <div class='ocr_carea' id='block_1_7' title="bbox 0 0 1434 4759">
    <p class='ocr_par' dir='ltr' id='par_1_9' title="bbox 0 0 1434 4759">
     <span class='ocr_line' id='line_1_42' title="bbox 0 0 1434 4759; baseline 0 0"><span class='ocrx_word' id='word_1_359' title='bbox 0 0 1434 4759; x_wconf 95' lang='lat' dir='ltr'><strong> </strong></span> 
     </span>
    </p>
   </div>
  </div>
 </body>
</html>
