2850 4759
202 269 271 356 ἰιι
680 284 917 355 crcucoms

210 449 282 518 lum
313 449 509 519 intestinum
537 469 578 517 ae
613 448 838 517 domesticum
870 459 950 533 pest
975 448 1150 517 hominum
1179 450 1373 517 memoriam

210 553 483 626 crudelissimum
511 568 544 646 et
573 557 761 622 inanimum
785 574 934 632 meuuo
959 564 1077 634 togato
1103 553 1189 619 duce
1217 554 1372 635 et'irnpe·

208 670 323 725 ratore
344 651 512 726 sedenim·
547 658 648 751 Quod
671 680 735 739 ego
756 656 1086 736 sicadministraho,
1120 658 1296 748 Quirites,
1325 672 1372 737 ut,

208 763 238 830 si
266 759 336 829 ullo
369 762 471 830 modo
500 764 573 830 lieri
604 764 747 845 poterit,
778 783 820 828 ne
841 761 1016 847 improbus
1041 760 1176 844 quidem
1202 762 1372 843 quisquam
1408 823 1409 830 ,

207 866 243 933 in
268 864 332 933 hac
355 867 603 947 urbepoenam
629 865 681 932 sui
705 864 843 950 sceleris
863 867 1014 935 sufferat
1056 863 1119 932 Sed
1143 865 1173 931 si
1196 866 1249 932 vis
1276 864 1372 931 maui-
1408 941 1409 958 χ

206 969 316 1036 festae
339 967 516 1044 audaciae,
550 972 580 1036 si
603 968 800 1051 impendens
824 971 952 1052 patriae
972 966 1161 1051 periculum
1182 987 1240 1033 me
1262 987 1372 1033 neces
1408 1021 1409 1054 q

206 1071 298 1141 sario
324 1069 364 1139 de
391 1071 457 1139 hac
485 1073 585 1139 animi
608 1070 747 1138 lenitate
774 1070 969 1150 deduxerit,
998 1069 1263 1153 illud-profecto·
1283 1070 1372 1153 perli-
1408 1075 1409 1148 ξ

206 1176 311 1254 ciam,
345 1174 437 1259 quod
460 1176 494 1242 in
525 1186 618 1241 tanto
647 1187 681 1241 et
709 1187 777 1243 tam
806 1175 968 1244 insidioso
993 1173 1081 1241 bello
1108 1175 1168 1241 vix
1191 1172 1369 1257 optandum
1408 1163 1409 1248 l

205 1278 356 1360 videtur,
391 1290 431 1345 ut
455 1299 564 1363 neque
598 1278 705 1346 bonus
740 1279 916 1362 quisquam
945 1279 1089 1343 intereat
1120 1295 1409 1360 paucorumque
1408 1305 1409 1370 ι

144 1393 184 1462 29
202 1403 312 1466 poena
332 1404 396 1450 vos
415 1383 482 1450 iarn
503 1404 622 1451 omnes
641 1381 726 1450 salvi
749 1401 823 1449 esse
844 1382 995 1465 possitis
1038 1379 1134 1470 Quae
1155 1379 1294 1463 quidem
1313 1402 1409 1459 ego

202 1506 312 1569 neque
336 1506 412 1552 mea
439 1486 619 1570 prudentia
646 1506 755 1570 neque
777 1483 933 1552 humanis
962 1481 1112 1551 consiliis
1141 1482 1252 1551 fretus
1285 1461 1409 1566 polti-
1408 1509 1409 1554 l

203 1610 285 1657 ceor
306 1590 422 1667 vohis,
446 1589 616 1680 Quiritem
637 1589 696 1658 sed
722 1588 836 1657 multis
864 1600 898 1655 et
919 1611 987 1656 non
1012 1586 1122 1655 dubiis
1146 1585 1323 1654 deor'um
1312 1610 1369 1653 nn·

206 1691 403 1760 mortalium
419 1693 735 1773 significationibus,
754 1694 872 1777 quibus
890 1711 952 1774 ego
970 1690 1112 1760 ducibus
1128 1693 1160 1756 in
1176 1690 1266 1758 hanc
1281 1712 1368 1773 spem
1408 1719 1409 1728 ι

203 1796 470 1878 sententiamque
488 1818 564 1865 sum
583 1800 775 1879 ingressum
797 1800 851 1880 qui
871 1797 937 1863 iam
960 1818 1028 1862 nou
1051 1793 1190 1878 procul,
1211 1807 1252 1861 ut
1269 1817 1368 1878 quon·

203 1897 282 1966 dam
315 1896 484 1974 solebant,
519 1900 561 1965 ab
587 1912 729 1966 externo
757 1899 855 1967 hoste
879 1913 979 1982 atque
1007 1898 1206 1982 longinquo,
1236 1897 1367 1965 sedhic

202 2015 399 2087 praesentes
421 2025 483 2071 suo
507 2004 644 2070 numine
667 2015 767 2086 atque
787 2003 914 2072 auxilio
934 2025 996 2072 sua
1019 2001 1143 2085 templa
1163 2004 1261 2084 at'que
1282 2002 1365 2068 urbis

203 2096 293 2174 tecle
306 2105 511 2186 defendunt3
530 2126 617 2191 quos
632 2129 712 2185 vos,
727 2107 898 2199 Quirites,
913 2099 1061 2191 precari,
1076 2109 1230 2172 venerari
1246 2104 1364 2188 [atque]

201 2209 385 2292 implorare
404 2210 549 2288 debetis,
570 2221 625 2289 ut,
649 2232 749 2293 quam
768 2213 884 2276 urbem
901 2209 1183 2294 pulcherrimam,
1204 2208 1364 2275 florentis-

201 2316 321 2383 simam
346 2316 683 2398 potentissimamque
702 2335 778 2381 esse
800 2314 998 2398 voluerunt,
1025 2314 1112 2383 hano
1133 2315 1290 2383 omuibus
1310 2314 1364 2379 hc·

200 2419 303 2486 stium
319 2420 425 2501 copiis
443 2431 531 2486 terra
548 2419 697 2500 marique
712 2420 878 2500 superatis
892 2442 910 2486 a
924 2418 1232 2538 perditissimorum
1247 2420 1363 2485 civium

199 2522 330 2588 nefario
357 2520 485 2590 scelere
508 2518 700 2630 defendant

201 2642 394 2664 ψ

267 2712 338 2775 529.
357 2713 506 2770 prouidentia
527 2677 573 2757 Ed.
598 2710 671 2758 1474.
689 2736 722 2749 -
735 2716 866 2771 polliceor,
894 2713 994 2766 Quirites
1017 2713 1048 2759 R.
1060 2711 1132 2772 (non
1149 2712 1193 2773 T.)
1210 2737 1247 2751 ·-
1263 2709 1358 2771 ceierae]

198 2797 277 2845 TRP.
299 2802 378 2843 exiero
401 2797 540 2843 Muret-
556 2771 729 2857 desendeniR
751 2797 809 2857 (uon
827 2791 939 2855 TP)-
963 2801 1028 2854 cique
1052 2797 1191 2856 implorare]
1179 2796 1288 2856 JTRP.
1307 2795 1357 2839 Em.

199 2881 372 2941 implorareC.
382 2881 476 2941 steph.
494 2880 603 2941 Madvig.
622 2878 665 2926 cir.
682 2880 765 2949 Eiuad.
784 2881 950 2942 Opnsculep.
968 2881 1070 2927 385.-
1087 2882 1164 2937 puleii
1174 2882 1356 2940 florentissimam

197 2969 420 3027 potentissimamque
442 2963 499 3026 ease]
522 2964 552 3011 T.
569 2961 626 3011 Ειιι.
641 2966 720 3023 pulch.
736 2964 796 3024 chr.
815 2969 1000 3024 potentissimam
1021 2981 1066 3011 ease
1089 2966 1119 3012 R.
1132 2968 1214 3064 pulch
1225 2964 1355 3066 Jlorentiaai-
1408 2975 1409 3026 ι

198 3067 301 3113 mamque
319 3051 404 3111 Steph.
422 3050 531 3110 Madvig.

1408 3275 1409 3302 l

1408 3305 1409 3362 l

265 3221 335 3268 Adde
357 3223 390 3267 ad
408 3218 420 3280 h
440 3219 480 3266 25.
516 3219 617 3280 Semper
641 3221 761 3270 offendi
754 3235 778 3268 ιιι
802 3219 927 3267 cumulatis
949 3219 1001 3266 istic
1025 3211 1197 3274 ἀντιθέοισιν,
1214 3215 1312 3271 haustis,
1328 3218 1351 3258 tt
1408 3231 1409 3254 ι

198 3312 273 3367 puto,
298 3320 332 3352 ex
353 3304 471 3363 Philipp
490 3304 533 3360 18,
558 3303 588 3363 5,
613 3305 829 3363 10.,ubiiusuu
854 3304 1144 3351 modusueruatur.1n
1169 3303 1222 3348 Sea.
1245 3299 1349 3356 Pompeio

195 3392 287 3450 pudor,
314 3390 433 3449 pannas,
455 3389 599 3444 moderatio,
623 3392 758 3449 integrum
782 3391 869 3435 inillis
890 3387 932 3447 (iu
951 3389 987 3437 Μ.
1007 3386 1116 3438 Antonio
1136 3386 1236 3450 eiusque
1254 3380 1409 3442 mccclii)

198 3471 319 3531 libidines,
343 3474 442 3533 scelera,
470 3473 502 3520 ud
522 3486 587 3521 omne
605 3472 701 3536 Jaqiuua
719 3476 826 3523 immanis
848 3472 952 3521 audacia.
