2850 4759
186 882 269 959 M.
311 877 590 958 TULLII
632 873 1065 956 CICERONIS

75 1268 1176 1410 ncnvrnrnnn

402 1549 609 1615 ORATIO
644 1445 848 1615 'IERTIA

281 1930 981 2060 oursrrns,

477 2162 801 2185 a*

118 2354 145 2417 Ι.
185 2338 273 2420 Rem
289 2349 478 2433 publicam,
501 2343 670 2439 Quirites,
690 2347 863 2431 vitamque
880 2346 1030 2416 omnium
1045 2347 1208 2434 vestrum,
1230 2352 1249 2413 l

51 2449 126 2521 bona
146 2455 318 2532 fortunas,
344 2455 506 2535 coniuges
526 2452 719 2535 liberosque
739 2451 874 2520 vestros
895 2462 996 2534 atque
1015 2451 1079 2518 boc
1101 2451 1211 2520 domi-

53 2556 152 2626 cilium
173 2558 354 2626 clarissimi
375 2558 524 2640 imperii,
550 2558 857 2625 fortunatissimam
879 2554 1210 2651 pulcherrimamque

52 2663 156 2730 urbem
185 2661 352 2730 hodierno
380 2659 433 2728 die
459 2661 603 2727 deorum
624 2659 870 2752 immortalium
890 2681 1025 2729 summo
1047 2681 1127 2741 erga
1146 2679 1210 2728 vos

54 2784 174 2847 amoro,
208 2765 381 2833 laboribus
410 2763 557 2834 consiliis
582 2762 743 2845 periculis
771 2764 855 2831 meis
885 2785 928 2830 ex
953 2763 1090 2831 flamma
1109 2777 1211 2847 atque

54 2864 132 2935 ferro
153 2892 190 2936 ac
212 2889 321 2953 paene
342 2888 386 2933 ex
406 2866 559 2935 faucibus
573 2867 634 2934 fati
649 2880 799 2950 ereptam
815 2878 850 2933 el
862 2869 957 2935 vobis
974 2879 1211 2936 conservatam

55 2989 88 3035 ac
105 2971 293 3041 restitutam
313 2968 457 3038 videtis.
499 2969 560 3049 Et,
582 2971 610 3037 si
631 2993 699 3037 non
722 2971 832 3039 minus
848 2973 945 3039 nobis
961 2971 1096 3037 iucundi
1111 2984 1210 3054 atque
1231 2988 1251 3050 2

55 3070 187 3145 illustres
209 3087 290 3145 sunt
309 3075 331 3139 ii
353 3073 442 3159 dies,
464 3074 583 3155 quibus
602 3095 864 3154 conservamur,
887 3095 987 3157 quam
1001 3067 1069 3154 illi,
1091 3075 1212 3157 quibus

56 3180 239 3268 nascimur,
265 3178 355 3263 quod
379 3176 499 3258 salutis
529 3187 621 3242 certa
646 3173 773 3243 laetitia
800 3190 870 3256 est,
901 3178 1063 3246 nascendi
1083 3179 1214 3244 incerta

58 3281 213 3368 comlicio,
244 3296 277 3349 ct
298 3282 388 3365 quod
408 3283 480 3349 sine
501 3299 604 3347 sensu
624 3266 812 3355 nascimur,
846 3300 924 3346 cum
946 3278 1119 3364 voluptate
1139 3303 1213 3348 ser-

57 3402 178 3465 vamur,
197 3386 373 3470 profecto‚
396 3382 555 3466 quoniam
577 3380 691 3456 illum,
720 3382 775 3465 qui
795 3386 881 3450 hanc
902 3385 1021 3451 urbem
1043 3384 1212 3465 condidit,

60 3484 189 3557 addens
211 3486 422 3556 immortales
444 3484 678 3554 benevolentia
704 3485 862 3569 famaque
890 3487 1106 3567 sustulimus,
1137 3511 1213 3557 esse

61 3590 136 3669 apud
155 3614 215 3661 vos
236 3605 460 3677 posterosque
480 3603 614 3659 vostros
635 3590 668 3655 in
688 3587 819 3658 honore
840 3589 972 3662 debebit
992 3593 1037 3671 is,
1057 3593 1113 3676 qui
1136 3614 1213 3662 ean-

63 3749 271 3776 Δ·--------.-

117 3859 128 3922 l
146 3863 166 3909 l.
181 3859 303 3923 periculis]
321 3862 464 3912 Scholiasta.
483 3861 556 3910 TRP.
572 3864 725 3923 periculisque
742 3863 800 3911 Em.
818 3890 850 3904 -
868 3867 924 3911 meis
941 3881 953 3911 e
969 3866 1068 3926 flamma
1086 3866 1138 3914 RP.
1158 3868 1214 3913 meis

59 3938 141 3995 flammo
156 3943 184 3993 Τ.
201 3948 205 3955 “

76 4091 79 4095 .
119 4051 168 4113 §2
190 4061 242 4101 sunl
261 4058 286 4102 lu'
308 4053 361 4101 ΤΒ.
378 4061 430 4115 aunt
447 4057 466 4102 n·
481 4058 530 4119 elles
547 4063 614 4118 alque
631 4061 733 4105 illustres
748 4059 778 4106 Ρ,
796 4085 826 4099 -
845 4060 974 4119 servamur]
992 4060 1065 4108 TRP.
1082 4059 1141 4105 Ero.
1159 4074 1213 4107 ceu-

65 4143 166 4183 seroamur
182 4141 295 4208 Muretus.
313 4166 346 4178 -
365 4143 485 4195 condidit,
501 4140 550 4202 acl]
570 4143 632 4189 uod.
650 4144 747 4191 Mureti.
766 4145 848 4204 Steph.
867 4147 971 4189 condidit
987 4147 1017 4190 R.
1034 4145 1065 4189 erl
1081 4143 1135 4188 Tu.
1154 4144 1213 4204 (sict

66 4214 90 4262 R·
104 4232 147 4267 uon
163 4225 298 4278 Romulum,
325 4231 350 4270 ut
372 4224 404 4270 P.
424 4225 494 4286 Em.)
512 4250 547 4260 -
566 4228 628 4286 apurl
651 4227 683 4272 R.
701 4250 734 4264 -·-
752 4230 796 4272 loli
819 4228 871 4272 urbi
893 4217 967 4272 TRP.
991 4225 1048 4270 Em.
1067 4223 1125 4284 (non
1143 4226 1213 4268 lolius

68 4301 249 4363 urbiam-lectis
265 4326 293 4355 oc
309 4311 425 4355 moenibus
442 4308 510 4371 subi]
535 4310 588 4356 ΒΡ.
612 4310 669 4356 Ero.
688 4311 757 4358 tectis
770 4309 873 4359 omuibus
890 4309 947 4355 subi.
964 4306 1036 4353 T.-
1049 4307 1144 4363 itemque
1160 4306 1213 4364 glu-

68 4383 110 4429 ὥθ’
125 4387 151 4434 P·
165 4416 196 4433 ι·-
212 4394 309 4441 Habent
325 4395 445 4442 deiecimus
462 4395 514 4441 Tu.
531 4409 580 4442 nou
598 4393 723 4440 scierimus.
827 4446 832 4454 ,
