2850 4759
235 279 296 344 aad
698 269 933 342 CICERONIS
989 329 993 332 ,

235 436 389 516 civitate,
410 437 532 521 partim
553 434 733 502 interemit.
777 434 836 502 Cn.
855 433 1035 513 Octavius,
1058 430 1195 511 consul,
1216 432 1307 501 armis
1322 452 1366 498 ex·
1392 426 1393 477 t

232 539 321 624 pulit
342 560 387 607 ex
408 540 490 606 urbe
510 537 675 620 collegam
701 559 823 617 suum
843 539 954 606 omnis
975 536 1030 607 hio
1049 536 1147 608 loona
1168 539 1291 605 acervis
1310 557 1366 603 cor·
1392 522 1393 598 s

232 665 356 728 porum
385 655 420 711 et
443 643 567 711 civium
595 642 759 721 sangnine
784 640 999 709 redundavit.
1049 642 1227 726 superavit
1251 640 1365 723 [postea]
1392 671 1393 674 ¹

235 749 341 816 Cinna
369 769 447 815 curn
473 747 599 816 Mario.
651 745 741 812 Tum
769 765 849 812 vero
878 744 1073 814 clarissimis
1106 746 1186 812 viris
1214 742 1365 811 interfectis
1392 797 1393 816 2

231 850 361 920 lumina
394 851 539 919 civitatis
568 850 736 917 exstincta
769 861 859 919 aunt.
901 847 1001 919 Ultus
1033 862 1085 917 est
1112 847 1211 916 huius
1241 847 1366 913 victoriae

232 955 467 1024 crudelitatem
493 965 612 1037 postea
633 951 745 1034 Sulla3
765 975 808 1020 ue
832 953 898 1020 dici
920 951 1053 1036 quidem
1080 972 1167 1033 opus
1189 963 1255 1026 est,
1275 961 1367 1032 quanta
1392 979 1393 984 .

231 1058 463 1126 deminutione
487 1059 610 1124 civium
633 1069 667 1124 et
689 1067 816 1140 quanta
835 1054 1027 1124 calamitate
1047 1059 1095 1122 rei
1118 1053 1281 1138 publicae.
1314 1053 1367 1118 Dis·

231 1149 339 1232 sensit
353 1163 402 1233 M.
418 1160 562 1246 Lepidus
581 1182 600 1229 a
617 1159 805 1228 clarissimo
824 1180 864 1229 ac
882 1161 1070 1228 fortissimo
1092 1159 1183 1236 viro,
1205 1158 1249 1249 Q.
1269 1154 1368 1223 Catub.

230 1265 357 1335 Attulit
378 1288 447 1334 non
475 1278 543 1332 tam
567 1264 672 1348 ipaius
697 1263 852 1343 interitus
876 1265 925 1331 rei
952 1261 1106 1347 publicae
1129 1260 1276 1339 luctum,
1295 1280 1368 1343 quau

168 1378 210 1443 25
231 1383 435 1448 ceterorum.
467 1365 706 1453 aequantia
748 1379 859 1434 tamen
892 1387 1011 1435 omnes
1043 1365 1272 1437 dissensiones
1299 1373 1368 1429 eraut

170 1562 176 1572 ι
230 1473 416 1553 eiusmodi,
440 1472 611 1565 Quirites,
632 1492 717 1554 quac
738 1493 805 1539 uon
825 1469 867 1538 ad
887 1468 1083 1549 delendam,
1105 1467 1167 1537 sed
1188 1469 1231 1536 ad
1248 1488 1368 1535 comun-

171 1579 175 1588 ’
230 1575 368 1645 tendam
391 1598 462 1644 rem
488 1574 657 1658 publicam
679 1575 993 1658 pertirrereut3·non
1013 1571 1060 1640 illi
1082 1571 1212 1640 unllam
1233 1592 1301 1640 esse
1317 1590 1367 1635 reu

227 1681 418 1763 publicam,
444 1678 504 1748 aed
526 1680 559 1746 in
580 1699 635 1756 ea,
665 1699 751 1762 quae
774 1688 883 1756 esset,
914 1697 952 1745 ae
976 1697 1050 1745 esse
1076 1677 1264 1761 principes,
1288 1691 1367 1756 neque
1392 1705 1393 1708 ¹

229 1783 317 1851 hanc
333 1783 452 1850 ur‘bem
471 1782 693 1863 conflagrare,
708 1781 768 1850 sed
783 1802 820 1849 ae
838 1782 872 1848 in
891 1779 954 1847 bac
969 1782 1052 1848 urbe
1070 1780 1196 1848 florere
1209 1780 1366 1847 voluerunt
1392 1805 1393 1874 i

229 1892 343 1972 Atque
359 1885 434 1953 illae
453 1898 564 1953 tamen
582 1906 699 1953 omnes
720 1885 964 1963 dissensiones,
988 1903 1130 1968 quarum
1148 1882 1243 1951 nulla
1260 1881 1366 1950 exitim
1391 1907 1393 1976 ξ

298 2071 310 2135 i
327 2072 368 2120 25.
386 2074 440 2118 ittae
457 2075 532 2116 tamen
549 2083 626 2116 omues
642 2066 712 2129 ἀίει]
730 2067 805 2113 TRP.
823 2068 877 2112 ittae
894 2068 949 2113 dira
966 2067 1025 2115 Era.
1036 2091 1070 2104 —
1081 2068 1194 2116 eiusmodi
1199 2064 1210 2130 J
1222 2067 1273 2113 Tu.
1287 2061 1367 2121 Madvig.

232 2158 365 2204 huiusmodi
380 2156 438 2203 Era.
452 2182 484 2194 ·-
496 2155 543 2203 Vr.
560 2157 636 2214 Atque
653 2156 708 2200 ittae
725 2159 799 2198 tamen
817 2166 892 2197 omnes
910 2154 1073 2206 dissenciones,
1090 2167 1208 2212 qaorum·
1219 2177 1230 2187 -
1241 2151 1366 2197 ·diiudieetat

229 2244 279 2289 anit
297 2240 307 2303 [
324 2239 335 2303 ]
353 2241 462 2302 Madvig.
479 2268 514 2280 -
534 2239 630 2298 Cethego
647 2243 670 2284 et
689 2231 778 2298 Caesio]
796 2236 849 2282 Tu.
869 2236 961 2290 Caesio,
991 2236 1087 2294 Cethego
1105 2236 1162 2282 Era.
1180 2261 1215 2273 -
1232 2233 1365 2293 supersum

230 2324 287 2389 esse]
305 2325 335 2374 T.
351 2325 523 2386 supertbtarum
539 2326 570 2374 R.
587 2323 646 2370 Era.
663 2322 727 2374 nabis
743 2320 914 2381 superstiterunt
931 2334 977 2366 esee
994 2318 1023 2368 Τ.
1049 2345 1079 2357 -
1097 2317 1365 2380 acupenserem

231 2417 255 2458 et
270 2416 331 2458 eines
347 2412 400 2458 Tu.
417 2425 466 2458 nou
484 2416 506 2456 et
522 2423 599 2456 omnes
616 2411 683 2455 cioca.

228 2518 423 2535 m

227 2597 300 2645 1..et
321 2595 349 2641 G.
371 2593 529 2649 Caesaribus,
557 2592 586 2644 Q.
604 2589 709 2646 Catulo,
741 2586 771 2633 Ρ.
792 2586 897 2640 Crono,
929 2587 956 2632 i..
975 2585 1087 2656 Merula,
1112 2588 1141 2641 Q.
1158 2587 1367 2635 smevotasac

229 2681 280 2727 667
301 2685 326 2726 et
343 2680 400 2724 668.
422 2677 474 2725 Liv.
491 2676 538 2737 Ep.
556 2676 596 2722 80.
617 2673 727 2734 Appiae.
747 2671 775 2717 B.
794 2670 823 2717 C.
841 2671 869 2728 l,
891 2670 1014 2717 65-75.
1032 2671 1083 2718 Cic.
1101 2667 1130 2718 d'o
1148 2673 1218 2719 Orat.
1237 2674 1263 2729 3,
1279 2668 1364 2715 tlo-

228 2765 382 2812 deminutione
405 2761 499 2822 eiciam]
521 2761 603 2817 Sulla,
635 2741 702 2807 victe
727 2756 881 2811 Mithridate,
912 2770 1019 2803 reversus
1043 2771 1066 2802 a.
1092 2771 1114 2804 u.
1140 2771 1171 2804 c.
1185 2758 1259 2814 671„
1286 2752 1365 2816 pluriter

227 2848 329 2910 proeliis
362 2854 448 2896 eontra
475 2848 602 2894 Marianon
620 2844 704 2900 editis,
731 2856 755 2887 a.
779 2842 836 2887 672.
857 2840 916 2887 urbe
935 2841 1041 2900 potitus,
1066 2842 1254 2901 pulcherrimam
1268 2836 1365 2888 uuonan

226 3020 316 3068 Florus
338 3020 368 3074 3,
391 3021 436 3075 21,
461 3018 507 3065 242
539 3019 616 3063 Minus
644 3018 691 3068 eet,
718 3012 780 3072 quod
804 3012 867 3068 opud
892 3010 1050 3067 Sacriportum
1070 3010 1148 3070 (Latii
1169 3011 1275 3072 portum)
1292 3001 1365 3064 etati

230 3106 344 3151 Collinam
361 3109 457 3162 portam
481 3104 627 3161 septuaginta
649 3079 749 3155 amptius
769 3097 835 3142 mitia
857 3095 920 3139 Saltu
940 3097 1057 3149 coneidit3
1084 3097 1167 3142 deltam
1190 3104 1245 3143 erut
1281 3096 1365 3149 Qualiter

226 3192 294 3236 mitia
317 3191 447 3235 deditorum
473 3189 593 3232 inter-mium
622 3186 706 3229 ciuium
735 3184 759 3227 in
781 3182 840 3225 aitte
863 3180 957 3238 publica
976 3180 1075 3239 interfici
1092 3183 1166 3228 iussit.
1186 3207 1221 3220 -
1246 3182 1297 3235 Quis
1312 3179 1364 3221 ana

227 3274 283 3317 ittos
301 3274 379 3328 potest
394 3273 539 3326 computare,
563 3281 620 3327 quos
648 3270 672 3312 in
692 3268 746 3313 urbe
763 3270 867 3326 poesim,
891 3268 995 3325 quisquis
1018 3268 1106 3321 voluit,
1135 3270 1238 3314 occidit?
1261 3268 1321 3312 donec
1335 3259 1363 3305 ti·

226 3361 330 3401 monente
349 3353 471 3412 Fbrfirlio,
504 3354 579 3397 viuere
604 3340 695 3412 aliquos
719 3353 812 3404 dedere,
843 3356 869 3396 ut
886 3355 974 3404 essent,
1002 3353 1082 3410 quibus
1111 3355 1248 3409 imperaret,
1268 3345 1364 3409 proposita

226 3446 261 3487 est
280 3443 359 3498 ingens
375 3440 417 3482 itta
436 3438 526 3490 tabula,
556 3442 578 3482 et
595 3452 625 3481 ea·
642 3440 694 3494 ipro
717 3439 826 3495 equestria
844 3438 933 3481 ordinis
944 3437 1009 3495 storo
1022 3451 1050 3482 ac
1068 3442 1157 3482 renatae
1173 3440 1220 3483 duo
1234 3440 1294 3483 endu
1306 3429 1363 3478 dacii.

226 3527 269 3583 qui
281 3526 343 3569 mori
362 3522 499 3590 iuberentur.
517 3521 567 3569 cfr.
584 3522 635 3568 Cic.
654 3536 701 3581 pro
717 3522 743 3567 S.
758 3521 849 3568 Roscio
868 3520 921 3566 Am·
942 3521 983 3568 32.
999 3521 1036 3568 lb.
1055 3546 1090 3560 -
1110 3524 1143 3569 Μ.
1161 3523 1271 3569 Aemilius
1287 3514 1363 3574 leti&

225 3602 339 3674 (θρασὺς
354 3599 417 3674 ἀνὴρ
434 3608 477 3656 nni
492 3606 610 3673 ποὶλμιος
625 3608 668 3655 καὶ
683 3598 915 3671 ἓιιιπληκτικώτατος
924 3605 989 3653 Plut.
1005 3596 1363 3666 Sutt.34.)consa1a.o.e.tti·

226 3708 281 3740 eum
298 3695 328 3747 Q.
352 3690 452 3738 Lutatio
473 3692 576 3748 Catulo,
608 3690 649 3753 qui
670 3690 824 3737 Sullanarum
845 3691 952 3750 partium
976 3696 1043 3748 erat,
1071 3697 1128 3738 acta
1151 3692 1235 3739 Sullae
1258 3685 1361 3737 reatinitte

226 3778 337 3827 tentabat
354 3791 517 3838 revocataque
536 3775 695 3837 proscriptos.
729 3774 797 3834 Ergo
818 3776 918 3824 civitate
934 3776 1035 3823 turbidis
1052 3776 1204 3824 contionibus
1219 3776 1308 3827 territa,
1325 3769 1362 3826 itt·t

225 3862 412 3923 Transalpinam
432 3862 538 3908 Galliam
555 3860 654 3907 sortitus
672 3872 720 3905 nou
740 3859 810 3905 rediit
827 3863 859 3906 ad
874 3861 983 3908 comitia.
1017 3863 1157 3909 Revocatua
1176 3878 1192 3909 a
1211 3861 1320 3923 patribus,
1337 3862 1360 3896 ⁶¹

225 3947 325 3995 Etruria
342 3962 410 3993 arma
428 3954 453 3995 et
471 3945 605 3993 exercitum
626 3943 685 3989 Urbi
702 3944 819 3991 admouit.
854 3945 903 3992 Sed
917 3961 933 3992 a
949 3948 979 4001 Q.
991 3946 1082 3993 Catulo
1099 3953 1124 3993 et
1139 3947 1183 3994 Cn.
1199 3930 1360 4005 Pompeiani

224 4035 274 4081 iam
290 4034 407 4082 Mulvium
427 4038 527 4092 pontem
541 4030 723 4091 Ianiculumque
740 4030 890 4086 insederant,
915 4044 964 4078 nou
979 4033 1054 4092 louge
1067 4047 1084 4079 a
1098 4046 1187 4093 campo
1202 4030 1287 4078 Martio
1303 4022 1358 4085 nri·⁰
1390 4073 1391 4077 ,

225 4120 307 4167 statim
318 4120 410 4179 impetu
423 4123 489 4163 retro
506 4116 586 4177 pulaus
601 4115 724 4177 hostiaque
739 4129 756 4160 a
769 4121 852 4161 senatu
868 4115 998 4177 iudicatus,
1016 4118 1141 4165 incruenta
1151 4118 1210 4179 luga
1222 4118 1245 4163 iu
1258 4108 1358 4161 arnna*

226 4204 282 4251 iude
304 4204 328 4250 in
346 4201 483 4250 Sardiniam
504 4200 613 4254 recensita
637 4201 719 4262 ibique
741 4198 829 4245 morbo
848 4205 873 4245 et
889 4199 1039 4257 poenitentia
1064 4199 1163 4247 interiit.
1198 4199 1300 4246 victores
1314 4197 1358 4248 W

129 4317 133 4326 .
226 4283 333 4331 conteuti
360 4284 462 4328 luerunt.
506 4280 558 4328 Liv.
581 4281 628 4340 Ep.
645 4283 685 4330 90.
712 4282 842 4341 Appiauus
859 4282 888 4328 B.
906 4283 935 4330 C.
955 4283 1046 4328 103-
1060 4284 1115 4330 tot.
1137 4283 1174 4331 lb.
1194 4283 1244 4330 cn.
1259 4273 1357 4327 Oeam

227 4383 242 4413 e
257 4366 357 4414 Salustii
382 4365 449 4411 libria
469 4366 532 4415 Hlst.
551 4366 689 4426 deperdltas
706 4382 722 4412 a
740 4380 779 4411 me
797 4365 881 4414 editas.
916 4365 998 4413 Turiei
1016 4367 1089 4416 teat.
