2850 4759
268 275 504 347 excursus
532 277 594 345 nu
622 246 810 350 PHtttPP.
835 287 879 350 n.
908 288 965 366 n,
992 290 1042 353 sa
1109 310 1113 315 -
1188 293 1248 356 ssa

32 439 55 512 (
69 433 205 499 Verba
218 443 381 513 corrupta
394 456 464 499 non
478 436 689 506 emendanda
703 452 785 506 sunt
798 461 878 508 cum
892 442 1076 511 Schacfero
1091 449 1166 528 περὶ
1175 480 1179 489 ·
1188 449 1248 511 τοῦ

32 531 234 597 Κατιλίνα
251 532 450 615 ζητουμένην
466 534 521 600 vel
542 537 791 620 ἐπιζητουμένην,
812 543 872 612 sed
895 548 972 628 oroi
997 548 1057 609 rori
1080 546 1247 611 Κατιλίνα

33 631 291 717 αἰτιωμένην).
330 635 402 702 lam
419 657 498 704 eum
518 640 576 705 vix
597 640 758 707 credibile
780 645 825 710 sit
846 645 1045 712 Ciceronem
1065 659 1145 728 post
1166 647 1245 715 ldus

36 736 211 803 Martias
223 756 255 801 a.
268 757 301 801 u.
313 757 346 802 c.
358 738 428 804 710.
445 744 635 809 orationem
652 744 822 811 editurum
839 739 962 831 fuisse,
983 754 1017 812 in
1032 770 1096 829 qua
1110 761 1245 837 practer

37 838 246 904 Caesarem
262 840 364 905 etiam
376 841 520 908 Crassus
533 854 704 926 tamquam
714 847 956 913 coniurationis
970 850 1073 915 affinis
1086 851 1244 916 traduce-

35 950 169 1015 retur,
185 960 349 1023 perquam
361 939 534 1023 probabile
545 943 626 1010 milri
637 944 783 1033 ridetur,
798 967 872 1014 eam
886 971 1032 1032 quoque,
1055 972 1156 1031 qnam
1166 949 1244 1018 Piu-

37 1039 1244 1136 tarchussignificat‚utitresCatilinarias,cxorrmorosnbditiciarum,

37 1140 152 1206 haud
168 1140 226 1207 diu
235 1154 314 1224 post
326 1145 502 1211 Ciceronis
513 1146 686 1221 interitum
701 1148 742 1214 ab
755 1150 875 1216 otiosis
889 1149 1082 1216 rhetoribus
1094 1153 1158 1218 sub
1169 1154 1242 1218 eius

38 1243 199 1309 nomine
211 1242 379 1310 editarum
390 1244 507 1315 fuisse.
530 1245 666 1314 Etenim
679 1248 803 1318 bellum
815 1260 888 1318 erat
899 1248 953 1315 vel
965 1251 1118 1328 integrae
1129 1253 1240 1319 decla·

40 1342 289 1411 matiunctrlae
308 1356 548 1424 argumentum
569 1349 622 1415 vel
644 1349 841 1431 splendidus
866 1372 998 1431 pannus
1019 1351 1074 1417 alii
1101 1344 1241 1421 themati

40 1445 265 1515 assuendus:
278 1443 335 1526 υ0.
346 1443 486 1516 Caesar
495 1462 530 1517 et
539 1450 593 1520 M.
603 1449 761 1524 Crassus
772 1450 984 1519 Catilinarii
993 1451 1240 1523 clandestinis

457 1636 845 1667 *

298 1788 1001 1901 exsensus

615 2021 679 2071 Ab

390 2165 657 2249 emmer.
687 2190 745 2249 11.
771 2189 827 2272 ss,
848 2189 901 2251 sa.
1005 2168 1007 2173 ⁴

563 2390 726 2405 -4-2—-3—

128 2551 220 2617 Huic
240 2549 317 2621 1000
340 2548 545 2618 declarando
567 2550 817 2631 praemittenda
837 2527 919 2620 sunl
939 2554 1041 2619 rerba
1063 2551 1235 2621 Messalae

47 2651 144 2732 apud
166 2650 314 2718 Gellium
335 2653 514 2737 N.4A.1s,
536 2654 586 2716 15.
630 2650 839 2719 Minoribus
856 2655 1024 2719 crearulis
1037 2652 1234 2736 ›reanima-

47 2755 146 2821 tibus
159 2755 308 2821 tributis
321 2755 477 2820 consitiis
490 2754 752 2839 raraqistratus,
784 2751 850 2819 sed
866 2755 996 2829 iustius
1010 2757 1158 2821 curiata
1172 2756 1235 2821 da·

48 2866 112 2919 tur
133 2854 229 2937 leqe3
256 2855 417 2929 rnaiores
441 2857 526 2932 (tres
546 2853 618 2923 scil.
641 2853 812 2933 consules,
834 2866 1023 2936 praetores,
1047 2859 1234 2940 censores),

51 2948 269 3023 centuriatr's
289 2957 566 3036 comitiisfiunt.
617 2954 681 3022 Sed
704 2977 750 3022 ex
774 2955 847 3023 aliis
873 2976 1007 3038 quoqne
1030 2958 1234 3023 testimoniis

50 3069 267 3139 compertum
290 3045 454 3125 habemus
477 3056 637 3124 consules
655 3059 872 3137 centuriatis,
893 3080 962 3123 uon
978 3057 1114 3137 tributis
1127 3059 1234 3122 conri-

51 3159 104 3225 tiis
127 3170 262 3226 creatos
281 3180 375 3246 essee
395 3179 504 3240 nequo
525 3159 556 3224 id
579 3159 759 3241 quisquam
777 3160 933 3238 negavit3
952 3157 1035 3223 illud
1055 3157 1236 3238 dumtaxat

51 3261 262 3328 contendunt
285 3261 513 3328 recentiorum
535 3260 708 3342 plerique,
743 3258 908 3325 Tullianis
935 3259 1145 3345 temporibus
1175 3262 1233 3324 tri-

51 3360 155 3427 buum
177 3362 362 3441 ingentem
377 3362 494 3428 nescio
523 3382 624 3441 quam
646 3361 713 3426 vim
743 3364 850 3427 i'uisse
878 3362 979 3429 etiam
1001 3363 1034 3426 in
1062 3364 1234 3438 centuria·

52 3462 94 3527 tis
130 3465 301 3542 comitiis3
335 3484 401 3545 qua
440 3464 474 3529 in
513 3464 544 3526 vi
586 3473 699 3527 tamen
736 3461 924 3543 definienda
954 3463 988 3527 in
1020 3463 1085 3539 alia
1120 3466 1234 3529 omnia

53 3563 112 3629 viri
151 3564 252 3640 docti
279 3563 492 3632 discedunt.¹
528 3563 616 3629 Mihi
651 3573 773 3630 contra
809 3561 969 3647 videtur,
1008 3568 1233 3648 proximeque

52 3663 94 3729 ad
132 3687 250 3733 rerum
287 3667 475 3742 accessisse
517 3685 641 3731 censeo
674 3663 847 3745 Bonorum
879 3664 918 3727 in
953 3661 1150 3730 Corrrment.
1191 3664 1233 3730 de

50 3753 203 3837 comitiis
234 3766 488 3833 Rornanorum
523 3766 749 3833 ceraturiatis.
817 3766 1019 3831 Monasterii
1062 3769 1152 3828 1833.
1183 3766 1231 3831 te.

52 3864 184 3935 Etenim
214 3890 294 3935 cum
321 3866 388 3934 hoc
417 3869 490 3943 viro
517 3865 620 3935 docto
650 3877 787 3931 etcum
816 3866 1013 3932 Hermanno
1042 3867 1075 3933 in
1097 3864 1162 3945 Ep.
1189 3864 1232 3928 ad

51 3965 309 4037 &consederunt
337 3971 369 4035 in
395 3991 436 4035 eo
461 3989 552 4035 nuuc
579 3967 783 4044 consentio,
813 3978 852 4032 ut
882 3966 1031 4033 statuam
1062 3966 1231 4044 integram

56 4087 126 4136 esse
142 4069 321 4141 lectionem
345 4092 363 4137 a
387 4070 539 4138 secunda
559 4088 662 4136 mann
681 4069 716 4135 in
739 4069 960 4135 vexatissimo
981 4063 1039 4128 illo
1062 4061 1139 4130 loco
1158 4065 1229 4149 Cic.

56 4167 94 4233 de
107 4172 187 4253 Rep.
202 4175 238 4248 2,
260 4175 311 4234 22.
329 4171 442 4252 ibique
457 4169 600 4238 describi
621 4171 938 4236 earneomitiorum
961 4165 1230 4245 centuriatorum

55 4269 215 4354 fonnem,
239 4293 325 4356 quae
348 4272 697 4354 obtinebatScipionis
719 4268 927 4352 [corporibus
947 4276 1046 4343 atquc
1066 4266 1133 4334 iam
1155 4278 1238 4333 auto·
