2850 4759
190 275 250 339 Μ
657 262 895 333 etcunonts

192 443 251 503 aut
270 429 438 499 latronem
458 437 520 494 arat
537 423 716 493 Catilinam
732 444 808 494 csse
826 422 1029 502 confictum,
1052 424 1170 497 nonin
1186 414 1297 501 eum,
1319 426 1373 505 qui,

193 555 235 603 ne
256 531 336 617 quid
358 528 423 597 tale
438 531 471 597 in
487 550 524 595 re
538 524 759 610 publiea'fieri
774 536 911 607 posset,
932 525 1098 590 effecerit.
1139 527 1196 591 An
1217 546 1309 604 ego,
1329 526 1374 607 qui

194 635 372 703 Catilinam
395 632 479 698 haec
500 629 696 697 molientem
718 625 935 712 sustulerim,
964 629 1164 703 averterim,
1187 629 1373 701 afflixerim,

192 737 266 819 ipse
281 734 484 807 exsisterem
499 742 637 814 repente
652 727 824 809 Catilina?
847 726 980 817 Quibus
991 728 1261 808 auspiciisistos
1277 728 1373 794 fasces

194 857 303 917 augur
324 832 542 915 accipet-ema
563 829 933 914 quatenushaberem?
954 830 1007 895 eui
1025 828 1234 907 traderem?¹
1259 830 1374 920 Quem

156 1006 163 1013 ,
194 957 340 1020 quamne
361 936 467 1002 fuisse
489 946 557 1000 tarn
580 931 804 1005 sceleratum,
825 930 881 1011 qui
902 927 969 995 hoc
990 930 1164 1010 anger-eta
1187 942 1267 998 tana
1284 932 1374 997 surio

194 1061 290 1117 sum,
321 1039 377 1121 qui
410 1034 591 1103 crederet?
632 1031 731 1102 Unde
762 1032 865 1110 igitur
895 1031 959 1115 ista
992 1033 1142 1113 suspicio
1180 1031 1241 1098 vel
1273 1034 1374 1115 potius

195 1139 285 1206 unde
306 1140 370 1207 iste
391 1136 533 1205 sermo?

138 1255 175 1316 15
276 1243 339 1305 VI.
383 1240 488 1314 Cttm,
519 1248 558 1302 ut
578 1236 694 1312 scitis,
727 1234 793 1302 hoc
816 1235 928 1302 triduo
951 1234 1003 1300 vel
1026 1235 1211 1317 quatriduo
1240 1237 1405 1321 tristisa,

196 1342 332 1409 Mutina
359 1340 451 1407 fama
477 1349 650 1416 manaret,
683 1337 788 1403 inflati
816 1335 940 1402 laetitia
961 1349 1060 1418 atque
1082 1337 1273 1404 insolentia
1296 1338 1375 1419 impii

198 1444 289 1510 cives
310 1465 415 1508 unum
438 1461 474 1507 se
495 1441 528 1506 in
551 1438 684 1516 locum,
720 1437 761 1504 ad
790 1436 881 1503 illam
908 1440 1085 1515 curtatur
1114 1440 1251 1507 viribus
1272 1442 1375 1522 patius

197 1547 268 1613 atris
289 1564 390 1625 quam
413 1544 460 1607 rei
481 1540 635 1622 publicae
651 1536 820 1605 infelicem
836 1541 1098 1617 congregabant.
1140 1539 1193 1607 lbi
1209 1563 1292 1607 cum
1307 1562 1375 1607 con

198 1646 312 1712 silium
339 1643 463 1708 inirent
490 1640 530 1706 dc
559 1638 662 1706 caede
687 1651 806 1705 nostra
831 1641 1105 1723 partirenturque
1127 1642 1221 1708 inter
1241 1665 1299 1720 se,
1327 1643 1375 1724 qui

200 1742 425 1828 Capitolium,
447 1742 502 1824 qui
523 1742 665 1827 Rostra,
686 1741 743 1823 qui
764 1741 856 1808 urbis
879 1753 995 1823 portas
1017 1756 1252 1828 occuparent,
1274 1744 1373 1810 adme

200 1864 406 1912 concursum
428 1844 583 1909 futurum
605 1843 754 1926 civitatis,
772 1844 944 1923 putabant
986 1843 1090 1932 Quod
1106 1856 1145 1910 ut
1161 1867 1246 1912 cum
1263 1844 1372 1915 invidia

200 1965 278 2015 mea
297 1946 393 2011 fieret
414 1955 540 2010 etcum
558 1945 644 2010 vitae
663 1944 765 2008 etiam
782 1942 954 2024 periculo,
976 1944 1102 2009 famam
1119 1944 1226 2012 istam
1244 1946 1373 2012 fascium

201 2046 465 2129 dissipaverunt:
487 2046 597 2112 fasces
619 2046 682 2125 ipsi
704 2043 747 2111 ad
762 2065 817 2125 me
832 2043 974 2113 delaturi
988 2045 1139 2113 fuerunt.
1187 2046 1293 2135 Quod
1307 2066 1374 2113 cum

201 2161 293 2216 esset
312 2148 408 2229 quasi
430 2167 501 2213 mea
522 2134 697 2212 voluntate
718 2146 868 2224 sactum,
904 2158 976 2211 tum
998 2146 1032 2211 iu
1053 2165 1109 2211 me
1131 2148 1283 2229 impetus
1304 2166 1374 2213 con·

201 2249 384 2327 ductorum
412 2247 589 2314 hominum
617 2248 712 2329 quasi
742 2248 776 2312 in
804 2258 984 2327 tyrannum
1013 2247 1222 2328 parabatur3
1255 2271 1300 2315 ex
1317 2269 1376 2331 quo

202 2350 322 2419 caedes
344 2362 435 2420 esset
450 2352 602 2417 omnium
619 2346 771 2415 vestrrim
788 2361 981 2415 consecuta.
1024 2348 1195 2438 Quaeres
1213 2350 1377 2432 patefecit,

143 2448 180 2509 16
201 2452 321 2519 Patres
343 2450 547 2531 conscripti,
567 2449 626 2517 sed
649 2471 711 2516 suo
736 2460 889 2533 tempore
912 2452 1015 2537 totius
1037 2449 1136 2516 huius
1150 2449 1299 2520 sceleris
1313 2452 1378 2517 fons

202 2553 385 2633 aperietur.
448 2552 566 2633 Itaque
593 2552 632 2616 P.
664 2549 872 2631 Appuleius,
904 2553 1057 2619 tribunus
1086 2550 1195 2632 plebi,
1230 2572 1379 2619 aneorum

202 2651 354 2718 omnium
382 2650 601 2718 consiliorum
631 2650 930 2735 periculorumque
957 2653 1023 2718 iam
1052 2652 1130 2718 inde
1158 2674 1179 2719 a
1203 2652 1379 2720 consulatu

187 2770 280 2833 ⁸meo
303 2751 397 2818 testis
419 2752 576 2819 conscius
599 2751 752 2836 adiutor,
774 2751 927 2820 dolorem
951 2755 1040 2820 serre
1061 2776 1128 2821 nou
1151 2756 1273 2835 potuit
1293 2752 1379 2821 dolo-

208 2913 401 2929 m

203 3013 255 3074 aas]
273 3013 419 3061 dictaturam
437 3018 614 3072 assumpturam
631 3002 748 3074 atque'iu
760 3015 846 3061 -forum
864 3002 1380 3078 descensurum.-coufictum]'quaeantea

203 3098 347 3145 credebatur
365 3098 455 3143 Mureti
472 3095 627 3151 coniectura,
657 3110 714 3143 ecce
737 3111 799 3143 nuuc
822 3104 906 3144 exstat
922 3099 1020 3145 incon.
1038 3097 1067 3144 B.
1085 3101 1214 3144 coasultum
1226 3097 1322 3157 ΜΝ,
1342 3106 1380 3157 pm
1419 3126 1420 3157 ,

203 3195 255 3242 quo
279 3180 414 3242 aliquando
435 3178 571 3237 suspicatur
595 3192 661 3223 eram
681 3181 811 3224 coniectum
833 3194 868 3226 ex
889 3181 1017 3228 Sestianae
1039 3170 1069 3226 c,
1084 3181 1126 3231 40.
1143 3206 1179 3219 -
1201 3181 1240 3225 An
1258 3178 1316 3243 ege]
1335 3191 1380 3226 tan
1419 3186 1420 3189 ’

202 3265 302 3311 Falerno
320 3278 368 3323 pro
385 3277 416 3308 aa
433 3266 458 3306 ut
480 3274 524 3319 ego
545 3261 639 3317 eona,
665 3264 732 3321 quod
755 3261 795 3308 hie
817 3264 898 3309 locum
922 3278 1076 3324 nequaquam
1098 3263 1180 3310 habet.
1205 3265 1287 3309 Esset
1310 3263 1380 3309 enin:

203 3348 268 3404 „Ira
285 3349 358 3392 uerae
376 3344 420 3390 r'n’r
437 3345 524 3389 Forum
541 3343 694 3397 hieriricho,
724 3349 781 3389 etna
804 3358 842 3391 um
861 3328 974 3403 ptotrlr'clr
991 3349 1062 3392 tettae
1076 3348 1113 3390 atr
1129 3346 1167 3390 eia
1188 3346 1291 3391 Catilr'rw
1307 3345 1381 3404 unfra·

204 3433 311 3476 aretenta
334 3444 388 3476 cum
401 3428 548 3488 requiratur:
567 3428 634 3481 „Icta
645 3432 700 3473 ettae
713 3429 781 3472 sollte
792 3429 834 3471 uie
850 3430 887 3473 ein
902 3430 1003 3474 Catilina
1019 3428 1176 3487 aufirrth
1190 3453 1221 3464 -
1233 3425 1323 3490 rrum]
1337 3427 1381 3472 Aa·

204 3524 250 3570 gur
267 3525 320 3557 cum
338 3512 395 3565 rim,
418 3510 584 3557 detestabfflur
601 3523 674 3570 quam
692 3509 819 3570 quisquam
836 3512 913 3567 atius,
936 3512 1059 3571 piaculum
1076 3510 1101 3557 iu
1118 3525 1158 3557 me
1173 3511 1326 3559 admiaimen
1343 3524 1381 3555 au·

205 3593 301 3653 apicib,
319 3595 404 3655 quibua
423 3608 476 3640 cum
494 3594 601 3654 collegio
619 3607 674 3639 rueo
691 3606 819 3653 praesum,
846 3593 974 3640 violandis.

272 3698 285 3759 ᾗ
305 3699 345 3744 15.
363 3701 461 3758 uiribus]
479 3702 558 3748 Nemo
576 3701 655 3747 adhuc
672 3700 782 3757 meavit,
805 3715 861 3746 uam
879 3700 1080 3763 Waardeuburgii
1097 3703 1178 3755 rebus,
1202 3707 1228 3747 ut
1244 3702 1271 3746 h.
1290 3703 1307 3747 t
1324 3702 1382 3747 benc

206 3796 304 3845 quoque
321 3783 482 3842 suspicionem
501 3797 645 3838 memorem,
670 3783 768 3828 nimium
785 3789 902 3842 qnantum
919 3786 1027 3844 languet.
1061 3785 1136 3839 vtae,
1161 3784 1298 3831 uetuerit:
1329 3786 1383 3828 airi-

205 3866 288 3921 dilus,-
308 3878 372 3925 quae
389 3866 524 3923 locupletes
542 3866 664 3913 habebant
682 3868 764 3924 prope
781 3864 869 3912 forum.
904 3865 959 3911 lam
971 3879 1026 3910 curu
1037 3865 1061 3910 iu
1072 3864 1104 3913 P.
1115 3864 1198 3911 Clodii
1209 3864 1296 3910 funere
1312 3865 1382 3909 eea·-

204 3955 300 4011 graeret
318 3947 386 3994 curia
403 3947 525 4003 Hostilia,
551 3948 604 3995 fieri
629 3949 724 4006 potuit,
754 3955 780 3993 ut
803 3949 900 3995 flamma
919 3949 1062 4005 depasceret
1080 3947 1166 3993 Caleni
1184 3947 1222 3994 ret
1239 3946 1320 3999 alius,
1345 3946 1381 4006 qai

205 4049 230 4080 a.
248 4033 307 4079 ill,
342 4029 444 4079 Antonii
463 4036 544 4089 partes
562 4031 721 4091 sequebatur,
746 4032 833 4076 uitalia
856 4030 872 4077 i.
891 4046 912 4077 e.
931 4032 1017 4077 liortne
1036 4044 1089 4076 eum
1108 4029 1249 4088 porticibus.
1268 4053 1305 4066 -
1325 4029 1381 4081 Quae

205 4131 243 4162 rer
258 4114 385 4174 patefecit]
403 4112 478 4159 ABG.
501 4126 558 4170 quae
581 4126 660 4159 accur.
683 4119 763 4158 neutr.
782 4114 861 4169 pluma
888 4114 950 4159 liaeo
968 4112 1070 4159 consilia
1088 4110 1287 4157 adremariorum
1305 4109 1381 4154 onnia
1419 4146 1420 4169 ,

207 4213 244 4245 rea
262 4199 330 4257 ipsa,
357 4197 381 4243 id
404 4198 471 4256 quod
495 4201 575 4244 actum
598 4202 645 4252 est,
672 4195 844 4242 manifestarit.
880 4197 908 4242 V.
925 4198 1025 4252 patescit
1041 4201 1066 4240 et
1083 4199 1170 4239 contra
1188 4191 1239 4238 cte.
1256 4198 1381 4237 cousueta-
1419 4178 1420 4181 Ἰ

208 4280 288 4324 diuam
305 4286 329 4324 et
348 4293 426 4336 prava
444 4277 571 4323 sententia.
590 4301 623 4314 ·-
634 4273 704 4335 sons]
724 4276 828 4324 Calenus
846 4286 870 4325 et
888 4278 989 4334 Fulvia,
1012 4290 1075 4337 quae
1093 4278 1160 4334 apud
1178 4289 1233 4322 eum
1248 4274 1378 4322 habitatu
1419 4282 1420 4285 ’
