2850 4759
207 275 266 337 lto
552 320 556 325 .
681 265 918 335 CICERONIS
987 254 1007 281 ⁹

210 436 338 497 tunam
359 428 454 496 vobis
476 428 607 509 imperii
628 426 771 507 gloriam
793 424 944 502 tradere,
965 426 1014 493 sie
1034 425 1368 506 vobis'tnrpissimnm

209 533 271 609 sit,
293 529 344 609 id,
366 529 458 611 quod
483 529 681 610 accepistis,
705 526 791 592 tueri
814 538 849 591 et
873 534 1081 593 censer-rare
1100 549 1167 592 non
1190 549 1300 607 posse.

290 631 400 720 Quid,
423 629 513 712 qrrod
542 628 633 695 salus
662 630 838 696 sociorum
868 644 1042 694 sumtuum
1067 631 1100 694 in
1128 626 1312 708 perieulum
1338 629 1370 694 de

210 732 392 798 discrimen
413 742 572 805 vocetur,
599 751 666 810 nuo
692 728 825 794 tandem
848 729 960 794 animo
979 727 1070 794 ferre
1089 726 1243 795 detensa
1262 730 1368 809 Regno

210 845 263 923 est
286 830 451 913 expulsus
470 830 718 895 Ariobarzanes
737 849 815 912 rex,
838 829 953 894 socius
977 827 1093 910 populi
1119 829 1261 894 Romani
1283 842 1369 910 atque

211 932 556 1008 amicus3tmmmenr
573 929 641 995 duo
662 950 761 1008 reges
785 931 846 995 toti
868 931 969 995 Asiae
987 950 1057 995 non
1073 926 1186 1023 solum
1209 931 1302 996 vohis
1323 930 1371 993 ini·

211 1033 405 1110 mieissimi,
433 1030 493 1099 sed
523 1031 623 1096 etiam
654 1031 779 1096 restris
808 1030 911 1096 sociis
937 1041 1040 1112 atque
1064 1030 1202 1108 amiciet
1233 1031 1371 1096 civitates
1418 1058 1420 1061 ·

211 1147 485 1207 autom-omnes,
506 1143 629 1197 cuneta
653 1130 735 1195 Asia
760 1140 860 1209 atque
881 1130 1024 1196 Graecia
1046 1143 1199 1197 vestrum
1222 1129 1371 1195 auxilinm

211 1243 413 1316 exspectare
440 1243 580 1314 propter
607 1227 749 1311 periculi
777 1228 1044 1309 magnitudinem
1073 1243 1261 1310 coguntur,
1283 1233 1373 1311 impe·

211 1348 360 1401 ratorem
389 1354 412 1400 a
439 1333 534 1399 vobis
569 1343 701 1397 eertum
737 1329 940 1410 deposcere,
976 1351 1054 1396 oum
1093 1333 1294 1412 praesertim
1323 1351 1373 1396 ros

213 1433 317 1500 alium
332 1434 510 1516 miseritis,
532 1451 641 1512 neque
661 1428 785 1518 audent
799 1449 908 1510 neque
925 1450 963 1496 se
984 1430 1018 1496 id
1034 1432 1145 1496 iacere
1164 1433 1238 1497 sine
1251 1453 1372 1498 summo

153 1554 191 1613 13
213 1533 362 1616 periculo
395 1553 496 1615 posse
524 1533 743 1597 arbitrantur.
795 1529 921 1595 Vident
947 1541 982 1597 et
1014 1532 1166 1596 sentiunt
1188 1530 1256 1596 hoe
1278 1530 1372 1611 idem,
1418 1560 1420 1564 v

213 1634 302 1717 quod
330 1655 409 1712 vos,
439 1638 543 1698 unum
569 1633 679 1698 virum
706 1651 799 1709 esse,
835 1633 869 1696 in
898 1651 1128 1711 quosumma
1158 1631 1228 1696 sint
1259 1633 1374 1713 omnia,

214 1748 247 1801 et
262 1755 346 1801 *enm
370 1745 512 1817 propter
535 1752 632 1809 esse,
660 1755 729 1814 quo
752 1733 852 1797 etiam
880 1741 999 1795 carent
1029 1728 1180 1819 aegrius:
1203 1733 1302 1798 cuius
1327 1730 1375 1796 ad-
1418 1772 1419 1775 =

213 1844 316 1898 ventu
334 1836 407 1914 ipso
432 1844 531 1912 atque
555 1833 710 1910 trotnin'e,
735 1832 870 1897 tametsi
888 1829 945 1896 ilie
969 1829 1245 1897 admaritimum
1264 1831 1374 1898 bellum

214 1934 360 2017 venerit,
386 1945 497 1998 tamon
529 1933 676 2013 impetus
704 1933 855 1999 hostium
886 1951 1063 2011 repressos
1094 1951 1168 2010 esso
1197 1932 1375 2012 intelligunt

214 2054 255 2098 ao
285 2032 489 2100 retardatos.
546 2032 587 2097 lii
621 2054 699 2109 vos,
735 2033 895 2114 qnoniam
930 2030 1034 2097 iibere
1065 2031 1156 2113 loqui
1190 2055 1260 2099 non
1294 2029 1376 2107 lieet,

216 2133 317 2198 tacite
339 2144 477 2211 rogant,
508 2144 545 2198 nt
567 2153 606 2198 se
633 2153 783 2215 qnoque,
804 2134 893 2198 sient
921 2145 1112 2199 ceterarum
1136 2136 1376 2213 provinciarum

215 2235 345 2309 socios,
372 2233 493 2313 dignos
521 2233 741 2311 existimetis,
773 2254 920 2313 qnorum
951 2230 1093 2299 salntem·
1116 2233 1173 2298 tati
1196 2236 1270 2300 viro
1296 2257 1377 2301 com·
1411 2244 1415 2323 i

216 2334 401 2415 insudetim
430 2347 530 2415 atque
551 2331 617 2399 hoo
640 2335 740 2400 etiam
763 2335 890 2411 magis,
922 2331 1013 2413 quod
1035 2343 1168 2399 ceteros
1197 2335 1230 2399 in
1254 2336 1377 2416 provin-

215 2437 301 2501 ciam
327 2433 494 2500 eiusmodi
522 2432 677 2498 homines
703 2453 780 2496 eum
806 2433 948 2514 imperio
972 2435 1155 2512 mittimus,
1179 2447 1237 2511 ut,
1261 2435 1378 2501 etiamsi
1418 2482 1419 2485 η

216 2537 257 2601 ab
276 2534 374 2599 hoste
393 2531 593 2608 defendant,
617 2543 730 2598 tamen
751 2532 904 2611 ipsorum
926 2533 1094 2602 adventus
1110 2531 1142 2601 in
1160 2537 1265 2603 urbes
1282 2535 1379 2603 socio·

214 2655 292 2699 rum
323 2652 392 2699 non
424 2629 570 2727 muitum
595 2632 636 2697 ab
661 2631 775 2699 hostili
801 2636 1052 2713 expugnatione
1082 2635 1254 2702 differant.
1294 2638 1379 2702 liunt
1415 2710 1417 2719 Ι

215 2731 395 2797 audiebant
418 2742 535 2809 antea,
556 2753 648 2798 nune
667 2745 881 2814 praesentem
904 2734 1021 2801 vident
1043 2748 1134 2802 tanta
1157 2737 1379 2819 temperantia,
1413 2730 1419 2786 ἰ

217 2844 309 2899 tanta
333 2833 608 2908 mansuetudine,
631 2845 724 2900 tauta
747 2832 972 2912 humanitate,
993 2848 1032 2902 ut
1055 2837 1077 2901 ii
1101 2838 1290 2904 beatissimi
1318 2854 1380 2903 esse
1414 2854 1419 2901 t

215 2930 411 3010 videantur,
442 2932 529 3014 apud
553 2955 637 3015 qnos
660 2933 716 3000 itte
738 2933 926 3002 diutissime
948 2950 1193 3004 commoratur.
1414 2950 1419 3011 t

156 3051 194 3112 11
293 3035 355 3101 VI.
399 3033 583 3124 Quare,si
606 3047 747 3116 propter
769 3037 881 3102 socios
899 3036 989 3104 nulia
1007 3038 1069 3118 ipsi
1091 3039 1211 3104 iniuria
1231 3038 1380 3114 lacessiti,
1415 3028 1419 3109 i

216 3137 362 3203 maiores
388 3136 498 3203 nostri
523 3155 601 3201 cum
631 3133 820 3216 Antiocho,
843 3156 921 3202 eum
945 3137 1120 3220 Phiiippo,
1142 3159 1221 3205 eum
1249 3139 1380 3212 Aetolis,
1416 3130 1420 3225 i

283 3359 294 3420 ς
323 3361 362 3406 ts.
374 3410 379 3415 ‚
390 3362 455 3418 qued
471 3365 558 3406 eeteros
575 3363 600 3405 io
614 3374 685 3418 prou.
704 3362 816 3407 eiusmodi
833 3362 906 3424 dom]
924 3365 953 3410 E.
978 3365 1039 3422 quod
1057 3368 1144 3409 ceteros
1161 3367 1276 3412 eiusmodi
1291 3369 1382 3432 nominet

217 3443 242 3485 in
256 3442 404 3497 prouinciam
426 3456 476 3486 cnm
493 3444 585 3487 mittitis
607 3439 669 3504 (sie)
687 3445 756 3489 etium
773 3447 795 3488 si
811 3458 851 3488 eos
869 3447 897 3491 ab
914 3449 980 3490 hoste
994 3448 1024 3493 Ρ.
1042 3461 1110 3504 quom
1128 3452 1230 3501 eeteros,
1256 3453 1318 3508 quod
1333 3452 1381 3493 eius·

216 3524 281 3568 modr'
298 3524 322 3566 in
339 3525 483 3579 prouinciam
500 3526 603 3569 homines
621 3540 671 3570 cum
688 3528 745 3582 imp.
764 3529 876 3571 mittimus
892 3528 950 3574 Em.
963 3551 997 3567 -·
1018 3534 1043 3573 nt
1059 3530 1185 3574 beatissimi
1202 3531 1231 3576 Ρ.
1241 3533 1381 3578 -Firmn

217 3605 246 3651 P.
255 3605 284 3650 E.
303 3611 473 3662 commoratur,
498 3620 546 3665 pro
565 3621 614 3667 quo
633 3590 764 3652 Lambinus
781 3615 942 3656 commoretur.

284 3687 295 3749 i
317 3689 355 3733 ld.
372 3691 471 3733 lacessiti
490 3691 575 3734 iniuria
592 3690 662 3734 P...
672 3685 763 3751 nostri]
782 3690 811 3755 E.
829 3694 899 3736 vestri
915 3693 944 3737 P.
964 3694 1019 3738 Ern.
1031 3720 1066 3731 -
1082 3695 1193 3738 marimo
1210 3693 1304 3756 vestris]
1322 3693 1348 3739 P.
1358 3690 1381 3736 E.

216 3773 298 3815 nestris
315 3784 378 3816 mur.
397 3771 454 3815 Ero.
468 3794 503 3806 -
515 3775 540 3814 ut
557 3774 588 3816 ud
604 3772 673 3817 R·-
683 3772 803 3816 Asturam
820 3772 851 3818 P.
863 3797 891 3809 -
909 3790 937 3817 ac
945 3773 1016 3835 sert]
1035 3777 1063 3822 F..
1082 3781 1105 3819 et
1115 3775 1175 3832 fert.
1193 3777 1253 3822 Ern.
1263 3803 1297 3813 -
1308 3790 1382 3832 orpor-

216 3859 291 3897 tentnr
308 3854 337 3898 E.
354 3867 403 3900 non
422 3853 451 3898 P.
468 3877 502 3890 -
520 3869 597 3900 omnes
615 3859 690 3900 terrm
707 3857 826 3900 antecedat
848 3855 878 3900 P.
895 3881 925 3895 -
947 3859 1014 3903 Haec
1030 3861 1106 3918 itaque
1129 3859 1158 3903 P.
1173 3883 1210 3896 -·
1231 3855 1339 3922 retinere]
1359 3858 1381 3902 F.

215 3937 325 3980 sustinere
343 3935 404 3997 (P.)
423 3935 480 3981 Em.

214 4065 409 4087 m

283 4151 294 4211 b
316 4153 353 4198 13.
372 4152 516 4196 maritimum
534 4147 628 4216 bethim]
649 4152 765 4197 adversus
783 4150 878 4207 piretus
895 4151 986 4196 Cilicas
1004 4152 1058 4209 tege
1083 4151 1190 4202 Gabinia
1216 4156 1304 4201 eodem
1328 4164 1382 4198 auno

214 4232 347 4291 Pompeius
364 4233 447 4280 mimus
465 4239 508 4279 eet.
