2850 4759
249 255 420 328 ORATIO
442 257 529 329 PRO
552 256 672 327 LEGE
692 258 909 340 Maureta,
944 279 976 328 c.
996 262 1043 328 17.
1146 325 1150 333 ,
1177 264 1234 331 til

128 413 613 497 assumpseramus,
634 418 888 490 amantissimus
909 421 958 487 rci
979 417 1156 507 publicae,
1174 440 1232 487 ve·
1253 423 1291 486 51

41 519 132 588 stris
167 517 341 585 beneficiis
373 517 589 600 amplissimis
617 521 781 597 affectus,
811 520 854 611 Q.
886 519 1045 595 Catulus,
1083 521 1233 604 itemque

40 622 201 690 summis
221 620 431 694 ornamentis
457 619 597 688 honoris
616 620 794 700 fortunae,
830 622 965 689 virtutis
983 622 1108 702 ingenii
1134 643 1232 703 prae·

40 721 163 799 ditus,
199 722 246 813 Q
270 723 494 804 Hortensius,
524 724 565 789 ab
591 722 805 790 irroratione
830 722 1052 791 ‹lisseutiuutr
1081 746 1229 807 quorum

39 845 110 906 eqo
140 825 384 903 auctoritatem
414 823 503 906 apud
531 846 593 892 vos
619 823 736 891 srrultis
761 822 846 893 locis
867 823 1052 907 plurimum
1081 822 1230 895 valuisse

39 939 75 995 et
102 925 225 993 valere
247 939 406 1008 oportere
430 926 615 1007 confitente
641 926 702 995 scd
727 927 760 991 iu
783 926 847 992 irae
871 947 992 1004 causa,
1016 927 1148 993 tametsi
1171 946 1230 994 co·

40 1028 225 1108 gnoscetis
255 1028 477 1096 auctoritates
501 1029 691 1095 corrtrarias
715 1029 869 1094 virorum
898 1027 1167 1097 fortissimorum
1195 1039 1229 1094 et

40 1128 339 1205 clarissimorum,
361 1139 476 1199 tamen
503 1130 637 1197 omissis
660 1129 923 1214 auctoritatibus
951 1129 1025 1211 ipsa
1046 1149 1084 1196 re
1107 1146 1148 1195 ac
1175 1151 1230 1198 ra·

39 1229 159 1299 tione'.
170 1231 351 1312 exquirere
385 1250 570 1312 possumus
602 1231 817 1309 veritatemi
835 1242 937 1315 atquc
971 1228 1038 1297 hoc
1072 1230 1230 1309 facilius,

40 1331 149 1416 quod'
169 1352 210 1398 ea
240 1332 373 1407 omnia,
408 1351 494 1413 quac
521 1351 542 1398 a
569 1352 625 1401 mc
653 1329 766 1397 adhuc
793 1330 884 1398 dieta
912 1343 1009 1408 sunt,
1037 1329 1139 1398 iidem
1171 1333 1230 1399 isti

38 1455 130 1500 vera
146 1453 226 1500 esse
245 1432 458 1511 concedunt,
479 1443 515 1498 et
534 1434 766 1501 necessarium
782 1432 907 1507 bellum
922 1453 998 1502 esse
1017 1445 1051 1500 ct
1065 1454 1228 1514 maguum

39 1547 78 1602 et
107 1536 240 1601 inuno
268 1535 332 1600 Cu.
367 1532 530 1615 Pompeio
561 1554 698 1601 summa
724 1552 801 1601 esse
829 1535 956 1602 omnia.
1000 1534 1093 1626 Quid
1120 1537 1226 1617 igitur
1246 1541 1286 1602 52

40 1638 92 1704 ait
103 1635 341 1705 Hortensius?
382 1634 417 1702 Si
439 1635 496 1700 uui
517 1636 633 1702 omnia
652 1635 830 1703 tribuenda
847 1638 925 1715 sint,
942 1636 1078 1718 [unum]
1098 1636 1226 1718 diguis-

40 1739 175 1805 simum
197 1758 273 1805 esse
301 1736 522 1819 Pompeium
542 1737 602 1804 sed
628 1735 670 1803 acl
694 1759 801 1804 uuum
824 1749 937 1805 tamen
962 1739 1078 1805 omnia
1098 1737 1225 1805 deferri
1280 1754 1282 1761 ’

38 1843 115 1907 n'cu
143 1851 317 1921 oportere·
360 1836 536 1905 Obsolevit
565 1838 632 1905 iarn
663 1839 728 1906 ista
747 1840 883 1916 oratio,
914 1860 952 1909 re
978 1838 1088 1908 multo
1117 1841 1226 1921 magis

40 1962 148 2025 quam
176 1941 288 2008 verbis
312 1940 472 2007 refutata.
514 1940 602 2011 Nam
634 1952 671 2007 tu
697 1936 805 2019 idem,
839 1941 883 2032 Q.
907 1942 1089 2020 Hortensi,
1119 1941 1227 2011 multa

39 2065 109 2125 pro
141 2054 200 2110 tua
226 2062 362 2109 summa
393 2043 492 2125 capia
520 2062 562 2109 ac
594 2041 758 2121 singulari
783 2042 948 2113 facultate
974 2042 1166 2111 ‹licendict
1191 2045 1226 2111 iu

40 2155 167 2211 senatu
192 2143 447 2210 contravirum
473 2143 618 2222 fortem,
649 2146 694 2210 A.
721 2142 918 2223 Gabinium,
948 2146 1098 2225 graviter
1122 2167 1225 2213 orna

40 2259 148 2328 thue
170 2244 304 2313 dixisti.
334 2264 413 2311 curu
441 2246 470 2313 ia
498 2244 540 2310 ‹le
564 2265 634 2311 uuo
658 2243 866 2326 imperatore
887 2256 1007 2313 contra
1033 2244 1224 2343 praedones

40 2347 285 2414 constituendo
309 2345 420 2427 legem
445 2342 714 2428 promulgasset,
746 2358 781 2412 et
801 2366 847 2414 cx
867 2345 965 2414 hoe
955 2367 1030 2429 ipso
1051 2345 1128 2414 loco
1149 2366 1226 2430 pcr·.

40 2447 152 2515 multa
179 2449 262 2517 item
287 2460 408 2516 contra
432 2446 543 2527 legem
568 2465 644 2512 eam
668 2448 772 2512 uerba
794 2447 918 2515 fecisti
974 2446 1096 2538 Quid?
1132 2459 1224 2529 tum,
1246 2449 1285 2511 53

39 2571 105 2633 per
123 2548 209 2617 deos
229 2546 458 2618 immortales!
479 2549 508 2615 si
524 2546 704 2630 piusapud
720 2548 886 2631 populum
897 2550 1092 2617 Romanum
1107 2561 1226 2619 aucto·

39 2654 126 2721 ritas
161 2663 220 2717 tua
247 2671 348 2734 quam
376 2650 484 2732 ipsius
510 2647 627 2732 populi
653 2651 799 2717 Romani
827 2650 920 2720 salus
954 2663 989 2718 et
1015 2670 1096 2720 vera
1123 2672 1226 2719 carisa

39 2753 225 2831 valuisset,
247 2751 349 2820 hodie
373 2751 460 2819 hanc
483 2751 629 2832 gloriam
650 2763 757 2845 atque
776 2751 843 2821 hoc
866 2753 957 2823 omis
980 2766 1092 2821 terrae
1117 2754 1225 2836 impe-

39 2890 238 2909 ῃ

75 3019 78 3025 ,
109 2975 121 3037 5
144 2975 325 3032 51.-uestrtsqaa
339 2972 393 3021 teu.
410 2972 441 3017 Ρ.
452 2994 487 3011 -
503 2968 656 3031 cognoscetis]
675 2971 775 3019 Monac.
793 2974 832 3028 d.‚
849 2977 876 3019 ut
893 2973 958 3020 coni.
976 2972 1086 3032 Madvig.
1104 2974 1225 3029 cognosci·

41 3063 72 3104 tis
84 3060 112 3105 E.
121 3059 183 3104 Ern.
193 3083 227 3094 -
229 3057 418 3116 fortissimorum
437 3056 541 3099 uirorum
559 3056 786 3113 clarissimorumque
801 3054 832 3100 P.
840 3068 909 3100 -uc
919 3051 977 3116 rat]
990 3055 1019 3100 E.
1032 3059 1055 3099 et
1064 3059 1111 3100 rat.
1124 3054 1182 3101 Erat.
1191 3076 1226 3109 ·-‚

40 3158 56 3188 a
73 3156 108 3187 sue
124 3141 215 3200 aritae]
232 3140 262 3186 P.
281 3140 310 3185 ll..
326 3139 485 3184 adiurante
502 3137 561 3183 Era.
573 3161 604 3172 -
617 3150 664 3181 ease
680 3137 765 3181 bellam
782 3136 812 3182 P.
870 3154 879 3167 s

110 3225 122 3286 6
134 3224 178 3270 52.
192 3220 255 3285 sint]
269 3223 299 3267 Ε.
310 3225 364 3266 suut
374 3220 473 3266 Ern.-·
483 3219 538 3265 Ona.
547 3232 616 3264 usura
627 3223 684 3264 ante
691 3219 757 3274 dign.
765 3219 834 3264 E.-
841 3221 888 3264 s'sta
898 3221 961 3264 ratio
966 3217 1085 3265 Priscian.
1095 3234 1121 3279 p.
1128 3219 1187 3266 ets.
1194 3218 1224 3265 Ρ.

42 3308 93 3368 (sei
111 3307 137 3353 in
155 3307 219 3355 cod.
236 3306 318 3353 Turis.
332 3304 384 3356 see.
398 3303 430 3348 Χ.
448 3309 484 3348 est
501 3300 600 3367 oratio.)
618 3300 719 3347 Monac.
732 3304 755 3348 d.
768 3301 918 3349 Torrentim.
933 3300 1055 3348 Benecke.
1065 3324 1098 3340 -
1110 3299 1224 3361 refutate]

42 3391 172 3450 „Reliqua
185 3403 243 3449 pars
255 3386 375 3435 orationis
387 3388 454 3431 deest
465 3386 490 3431 ia
506 3383 568 3432 Ood.
580 3383 706 3433 Parcensi.
714 3387 731 3412 ‘⁴
748 3386 924 3432 Tonaaurrus.
936 3409 968 3422 ·-
981 3386 1136 3431 cumcontra
1146 3383 1177 3431 E.
1190 3405 1226 3422 -

42 3487 92 3517 ears
110 3475 184 3529 legem
201 3471 231 3517 E.
267 3472 313 3517 Sed
330 3469 443 3526 Hittnrp.
463 3467 551 3523 Verd.‚
574 3474 600 3513 ut
617 3466 676 3512 Em.

110 3554 123 3616 i
144 3555 186 3601 53.
208 3559 339 3613 quaestores
353 3543 534 3619 praetoresque]
557 3549 586 3595 E.
607 3553 729 3606 proderes
751 3553 924 3609 quaestoresque
941 3547 999 3593 Em.
1016 3572 1050 3586 -
1067 3548 1134 3593 sollu
1157 3549 1224 3591 eraat

43 3639 119 3683 maria
136 3636 226 3698 omsua]
244 3637 274 3682 ll.
292 3639 359 3681 ιιιιιιί
374 3634 441 3679 nolis
458 3634 536 3679 omnia
553 3633 629 3678 maria
646 3630 705 3676 Em.

50 3757 243 3773 ..ξ-...-

113 3848 125 3910 6
146 3850 189 3895 bl.
217 3849 246 3903 Q.
264 3848 373 3892 Lutats'm
393 3847 487 3892 Catulus
509 3858 560 3891 cos.
583 3857 608 3890 a.
631 3857 655 3888 ιι.
678 3855 701 3889 c.
726 3842 785 3888 676.
820 3841 856 3888 Μ,
873 3838 981 3886 Aemilio
998 3837 1094 3897 Lepido
1112 3837 1225 3897 collegae

46 3936 104 3989 post
124 3931 205 3978 Sullae
228 3937 332 3977 mortem
349 3928 525 3989 rempublicam
546 3925 708 3975 labefactanti
727 3923 845 3970 acerrime
863 3923 960 3970 restitit.
977 3945 1014 3960 -·
1038 3923 1066 3975 O.
1084 3921 1225 3966 Hortensius

45 4025 99 4057 cos.
115 4027 137 4058 ιι.
154 4028 178 4059 ιι.
194 4027 217 4059 c.
236 4012 295 4059 685.
329 4011 456 4058 Clceronis
473 4011 497 4056 in
516 4009 657 4070 eloquentis
679 4008 799 4063 aemuluas
829 4020 922 4052 samma
942 4006 968 4050 in
989 4018 1021 4050 en
1039 4010 1099 4073 'erat
1120 4001 1225 4049 actionis

47 4094 139 4152 gratias
161 4084 217 4154 ipso
241 4109 331 4154 genero
350 4093 444 4140 dicendi
467 4093 596 4153 aliquanto
614 4092 691 4137 suiuus
708 4090 817 4138 valebat.
852 4089 917 4135 Hinc
933 4089 1040 4143 factum,
1065 4092 1092 4132 ut
1110 4085 1161 4132 οἰιιι
1179 4083 1224 4130 vix
1320 4108 1328 4115 ·

47 4177 128 4221 elecem
146 4178 221 4224 verbe
237 4175 367 4236 supersint.
403 4175 454 4222 Cfr.
472 4174 568 4234 Meyeri
584 4173 632 4220 mei
650 4173 732 4218 Oratt.
750 4171 824 4217 Rom.
841 4170 978 4229 fragmenta
995 4182 1021 4226 p.
1041 4167 1099 4212 tos.

114 4258 126 4320 8
146 4261 187 4308 88.
210 4260 243 4306 A.
263 4259 404 4317 Gabiniam,
421 4258 476 4306 trils.
494 4260 529 4318 pl.
547 4272 572 4303 a.
590 4271 614 4304 u.
632 4270 654 4323 c.
673 4256 733 4302 687.
