2850 4759
222 299 388 371 ORATIO
413 298 498 370 PRO
524 299 566 368 P.
594 297 747 379 SULM,
769 318 799 365 c.
825 292 916 365 30'et
935 299 985 369 31.
1122 296 1182 362 297

29 485 140 532 meum
167 474 269 546 caput
292 460 484 545 obtulipro
508 461 616 543 patria
641 456 799 542 periculis
825 459 998 538 omnibus,
1031 469 1182 527 nunaut

33 570 74 635 ita
94 579 174 637 sunt
194 566 369 650 exstincti,
389 587 474 648 quos
488 565 576 659 vici,
598 575 657 631 aut
676 565 722 631 ita
741 565 846 647 grati,
867 584 952 646 quos
972 563 1121 639 servavi,
1143 574 1183 629 ut

33 693 90 753 ego
110 669 193 739 mihi
211 669 287 753 plus
309 681 466 752 appetere
486 689 588 736 coner
614 689 713 752 quarn
736 678 897 750 quantum
919 687 1037 734 omnes
1056 666 1182 732 inimici

33 774 193 858 invidique
212 775 391 857 patiantur.
434 773 545 841 Grave
565 794 639 842 esse
659 772 812 850 videtur,
843 792 939 849 eum,
970 772 1026 855 qui
1046 770 1182 841 investi·
1200 773 1240 838 85

34 879 114 958 gar-it
137 877 424 956 coniurationem,
460 877 516 961 qui
541 876 753 960 patefecerit,
788 876 845 958 qui
873 876 1094 961 oppresserit,
1126 876 1181 943 cui

34 992 160 1049 senatus
188 980 412 1063 singularibus
444 982 553 1049 verbis
580 980 706 1062 gratias
734 981 857 1059 egerit,
894 981 947 1046 cui
973 979 1030 1047 uni
1064 991 1179 1060 togato

34 1083 303 1167 supplicationem
330 1083 531 1161 decreverit,
554 1081 666 1149 dicere
692 1084 726 1151 in
746 1082 889 1150 iudicio:
924 1083 1000 1150 Non
1021 1081 1181 1153 defende·

34 1177 113 1274 rem,
146 1188 176 1257 si
204 1188 427 1256 coniurasset.
466 1186 544 1255 Non
570 1186 645 1254 dico
672 1185 725 1266 id,
761 1186 848 1271 quod
874 1208 982 1268 grave
1003 1198 1071 1265 est3
1105 1185 1180 1255 dieo

33 1291 123 1371 illud,
157 1293 250 1376 quod
270 1293 302 1359 in
323 1290 374 1359 his
396 1290 504 1359 causis
526 1282 766 1359 coniurationis
785 1313 854 1359 non
875 1291 1066 1357 auctoritati
1087 1311 1183 1359 assu·

36 1417 132 1483 nram,
162 1395 224 1464 sed
251 1395 372 1480 pudori
399 1415 488 1462 meo:
524 1394 598 1474 Ego
624 1392 679 1461 ille
700 1395 939 1463 coniurationis
961 1396 1182 1476 investigator

37 1513 124 1577 atque
143 1498 236 1568 ultor
256 1510 348 1568 certe
367 1521 436 1565 non
457 1496 669 1565 defenderem
692 1496 836 1574 Sullam,
863 1500 892 1566 si
912 1500 1106 1568 coniurasse
1127 1521 1183 1566 ar·

38 1596 179 1671 bitrarer.
233 1602 325 1689 Ego,
355 1601 500 1685 iudices,
538 1599 579 1667 de
609 1602 709 1671 tantis
737 1604 885 1670 omnium
913 1601 1070 1685 periculis
1102 1623 1183 1669 eum

38 1728 221 1787 quaererem
252 1707 380 1783 omnia,
419 1704 524 1773 multa
551 1704 719 1783 audirem,
758 1706 932 1774 crederem
965 1731 1030 1774 non
1057 1707 1181 1800 omnia,

39 1808 100 1877 dico
123 1810 208 1897 hoo,
243 1810 331 1894 quod
350 1810 444 1877 initio
467 1810 553 1894 dixi,
586 1810 877 1890 nullius'indiaio,
910 1810 1033 1878 nullius
1052 1811 1181 1893 nuntio,

38 1911 145 1982 nullius
158 1915 365 1997 suspicione,
380 1912 503 1982 nullius
517 1912 637 1982 litteris
652 1915 693 1982 de
707 1915 746 1982 P.
761 1913 853 1982 Sulla
864 1914 1054 1983 remullam
1072 1912 1183 1982 adme

39 2037 99 2084 csse
118 2017 275 2087 delatam.
802 2076 804 2079 .

103 2123 237 2192 XXXI.
280 2122 509 2215 Quamobrem
519 2143 599 2205 vos,
622 2123 667 2191 dii
684 2123 784 2205 patrii
800 2141 840 2188 ae
856 2134 1011 2205 penates,
1034 2120 1184 2205 quihuic
1204 2129 1245 2194 86

41 2224 100 2291 urbi
118 2238 218 2310 atque
231 2224 309 2293 huic
321 2228 368 2293 rei
380 2224 531 2309 publicae
541 2223 750 2308 praesidetis,
770 2227 825 2308 qui
842 2224 907 2293 hoo
920 2226 1109 2307 imperium,
1127 2226 1184 2308 qui
1251 2266 1254 2269 -

40 2323 111 2395 hanc
127 2327 316 2398 libertatem
338 2327 452 2413 populi
474 2329 713 2412 Romani,·qui
731 2327 814 2394 haee
835 2340 923 2401 tecta
944 2342 1044 2411 atque
1059 2327 1184 2411 templa

41 2451 85 2496 me
104 2432 242 2503 consule
262 2445 375 2502 vestro
397 2435 533 2500 numine
553 2430 745 2515 auxilioque
764 2433 943 2512 servastis,
972 2445 1078 2500 testor
1098 2433 1182 2498 inte-

41 2555 90 2612 gro
110 2557 161 2604 me
180 2537 294 2606 animo
314 2560 354 2606 ao
373 2536 477 2605 libero
500 2538 536 2607 P.
553 2535 663 2602 Sullae
683 2557 820 2613 causam
836 2536 1034 2616 defendere,
1053 2534 1183 2602 nullum

42 2654 130 2706 ame
151 2641 279 2710 sciente
305 2641 436 2710 facinus
463 2639 646 2718 occultari,
681 2637 812 2709 nullum
843 2639 954 2711 scelus
988 2651 1184 2723 susceptum

43 2753 144 2809 contra
163 2742 306 2812 salutem
329 2745 478 2811 omniurn
500 2744 632 2812 defendi
653 2764 692 2811 ac
714 2744 792 2824 tegi.
845 2744 935 2811 Nihil
957 2742 1084 2811 dehoc
1105 2766 1186 2812 oon·
1224 2744 1227 2755 ”

43 2841 85 2908 sul
103 2847 266 2930 comperi,
287 2846 367 2915 nihil
387 2849 575 2931 auspicatus
589 2870 686 2927 sum,
704 2846 786 2915 nihil
800 2847 922 2914 audivi.
962 2847 1080 2932 ltaque
1093 2847 1183 2915 idern
1203 2839 1243 2904 87

44 2966 93 3025 ego
111 2948 181 3030 ille,
215 2952 270 3035 qui
297 2951 477 3021 vehemens
498 2953 530 3020 in
552 2951 653 3032 alios,
683 2953 738 3035 qui
758 2950 974 3019 inexorabilis
996 2953 1030 3019 in
1051 2963 1183 3019 ceteros

44 3056 215 3141 esseviaus
236 3077 330 3140 sum,
350 3055 497 3137 persolvi
517 3058 661 3139 patriae,
684 3056 774 3138 quod
795 3054 912 3132 debuia
933 3053 1056 3138 reliqua
1075 3055 1184 3133 iama

43 3171 87 3219 me
105 3178 197 3227 meae
218 3172 399 3242 perpetuae
415 3159 648 3257 consuetudini
662 3170 869 3242 naturaeque
883 3159 1055 3249 debentur.
1096 3164 1183 3226 Tam
1233 3170 1244 3237 J

45 3270 218 3294 *hun——

83 3338 108 3401 ’ἓ
124 3342 162 3389 85.
179 3342 280 3404 uidetur]
299 3343 348 3389 Eri.
366 3341 396 3388 P.
414 3340 485 3388 Bern.
503 3341 544 3402 (hi
562 3344 622 3390 duos
640 3357 689 3388 eum
705 3339 814 3402 videtvr.)
830 3341 871 3402 (ut
888 3356 964 3401 moxs
979 3344 1039 3401 quod
1055 3357 1126 3401 gram
1142 3347 1183 3394 ast,

45 3433 83 3466 non
103 3426 172 3486 osset.)
193 3430 309 3475 uideretur
330 3429 387 3473 Ern.
404 3450 438 3469 ι-
460 3426 582 3488 assumam]
605 3441 695 3472 assumo
717 3427 746 3473 Ρ.
761 3451 797 3464 -
819 3429 932 3472 crederem
952 3441 998 3472 aon
1020 3426 1107 3489 arania]
1131 3426 1184 3475 Erf.

46 3518 82 3550 ¹⁰²1
96 3513 202 3558 eraderem
218 3516 294 3559 omnia
310 3512 340 3559 Ρ.
358 3511 429 3558 Bern.
447 3510 505 3557 Em.
518 3537 550 3549 -
562 3514 644 3557 nullius
661 3514 760 3565 indicio,
777 3515 862 3557 nudius
878 3510 968 3573 nuntio]
988 3513 1038 3559 Erf.
1074 3514 1115 3560 Sic
1125 3527 1184 3561 cona

46 3591 97 3638 ulto
113 3595 209 3655 Cicero,
226 3603 253 3644 ut
269 3596 280 3659 l
300 3597 351 3653 14„
369 3599 410 3644 sed
427 3597 523 3644 iovemo
541 3596 632 3643 ordine.
668 3596 689 3643 A
708 3604 764 3644 cett.
782 3597 874 3652 eona,
892 3597 964 3644 etiam
980 3597 1024 3656 lt,
1041 3598 1127 3645 absunt
1143 3612 1183 3646 vv.

47 3677 115 3722 rullius
130 3685 213 3728 nunna.
230 3707 264 3723 ·-·
281 3684 364 3729 avilius
386 3683 469 3727 litteris
492 3683 519 3726 da
537 3683 567 3728 P.
585 3679 658 3744 Sulla]
684 3682 736 3729 Err.
760 3683 789 3729 P.
807 3684 891 3727 nullius
908 3684 991 3727 litteris
1007 3685 1035 3729 de
1051 3683 1184 3741 republica

47 3758 71 3803 r.
86 3761 152 3810 sarua
167 3766 224 3813 arn.
1120 3752 1123 3758 ’

100 3869 165 3931 lssss.
180 3881 245 3935 atquc
262 3876 314 3921 duic
329 3876 365 3921 rei
379 3873 494 3937 publicae]
517 3875 568 3921 Eri.
593 3875 663 3922 Parc.
681 3881 747 3935 atque
763 3878 815 3922 huic
832 3878 929 3933 imperio
942 3876 1003 3934 Ern.
1020 3901 1054 3913 -
1071 3878 1110 3936 qui
1126 3879 1184 3922 aare

48 3951 154 4003 libertatem
171 3961 256 4018 populi
277 3938 394 4021 Romani]
416 3960 503 4014 Parme
533 3975 630 4020 prorsus
652 3968 678 4006 ut
700 3960 805 4008 coniecit
828 3960 897 4006 Bake
919 3959 983 4006 Bibl.
1000 3961 1053 4006 crit.
1071 3975 1094 4006 n.
1113 3961 1142 4015 5,
1159 3961 1183 4005 2.

49 4047 69 4091 1¹·
83 4037 132 4088 5ll.
146 4069 178 4082 -
194 4048 233 4107 qui
249 4047 306 4090 Itane
324 4045 463 4097 libertatem,
493 4046 532 4103 qui
551 4048 662 4103 populum
685 4047 813 4091 Romanum
836 4044 887 4091 Eis.
922 4046 966 4091 Sed
990 4060 1037 4092 non
1059 4057 1103 4089 suo
1126 4044 1184 4089 loco

50 4126 210 4177 Poeninum
226 4129 355 4177 membrum
373 4129 480 4184 viderunt
507 4131 594 4177 ferrem
615 4129 719 4177 inverso.
743 4133 783 4191 qui
805 4132 863 4176 hane
886 4130 1011 4175 libertatem
1029 4130 1184 4187 populumque

51 4202 159 4288 Pomorum
175 4212 244 4261 Bern.
261 4214 319 4261 Em.
339 4239 368 4252 -··
386 4213 488 4276 namura]
504 4215 626 4259 munimine
642 4213 671 4259 P.
953 4208 957 4218 ”

103 4315 167 4377 tat.
184 4338 228 4369 ease
245 4310 317 4384 crisias]
335 4327 395 4370 uisas
411 4324 441 4370 P.
457 4351 491 4362 -
509 4323 565 4383 tum]
582 4323 634 4372 Eri.
652 4328 703 4369 trane
721 4319 771 4380 (P.)
790 4322 847 4368 Ern.
857 4345 891 4356 -
903 4321 986 4364 amissa
1004 4314 1114 4375 omnium]
1132 4316 1182 4363 Erf.

52 4402 228 4455 ravennantem
244 4407 315 4456 Bern.
335 4409 426 4456 Manat.
445 4416 493 4455 tac.
510 4400 581 4456 Torr.
599 4408 656 4454 Em.
673 4431 707 4445 -
723 4401 831 4462 deducor]
850 4405 920 4446 ducor
937 4400 965 4443 P.
