2850 4759
252 251 425 323 ORATIO
450 251 704 324 PHILIPPICA
727 256 774 321 11.
783 300 796 342 ,
818 274 848 324 c.
869 252 914 322 ts
928 268 963 327 et
982 260 1033 328 2⁹.
1167 261 1228 327 ”8

17 433 167 483 sonno
188 410 352 490 excitari,
371 413 491 480 iurene
513 411 617 483 etiam
637 434 741 499 saepe
762 412 970 496 vigilantem.
1009 414 1287 501 menstruum

17 517 182 583 miseret
202 510 375 598 irarietum
400 515 556 597 ipsorum
582 527 683 599 atque
712 527 897 585 tectorum.
939 518 1032 611 Quid
1053 520 1143 587 euim
1165 542 1229 587 mr·

19 637 145 701 quam
161 615 285 684 domus
302 614 359 683 iIIa
375 616 525 694 viderat,
543 619 609 685 nisi
627 617 811 701 pudicum,
832 616 931 705 quid,
953 621 1018 688 uisi
1035 641 1079 688 ex
1095 621 1227 705 optimo
1248 622 1250 629 ’

17 740 142 786 more
168 730 203 786 et
227 719 445 787 sanctissima
473 718 677 802 discipltnat
712 719 789 787 Fuit
812 722 902 789 enim
925 720 981 789 ille
1005 723 1077 807 vir,
1108 724 1227 791 Patres

21 820 247 901 conscripti,
279 821 369 888 sieut
390 820 504 898 scitis,
533 841 612 888 cum
637 819 724 889 foris
745 821 877 900 clarus,
911 835 982 889 tum
1003 822 1097 890 domi
1121 822 1228 891 admi·

21 920 192 999 raudus,
225 942 338 1004 neque
359 923 462 989 rebus
486 922 637 989 externis
659 923 768 1002 meeis
792 922 983 992 laudandus
996 944 1109 1009 ¹(nram
1130 923 1228 993 insti·
1271 962 1276 973 -

27 1024 124 1089 tutIs
148 1021 364 1090 domesticis:
385 1021 487 1095 huius
507 1024 699 1093 insedibus
719 1047 784 1106 pro
804 1024 969 1094 cubiculis
989 1025 1141 1109 stabula,
1162 1048 1225 1109 pro

26 1124 197 1191 tricliniis
216 1124 362 1206 popinae
374 1137 473 1193 suut.
513 1123 586 1193 Etsi
605 1126 673 1195 iam
689 1136 806 1208 negat.
845 1125 980 1208 Nolite,
1000 1124 1108 1194 nolite
1124 1146 1228 1210 quae·

28 1246 133 1292 uere.
175 1225 278 1308 Frugi
306 1225 418 1295 faetus
448 1238 516 1294 est.
557 1226 655 1296 Illam
687 1235 786 1297 suam
813 1248 894 1296 suas
922 1248 978 1296 res
1007 1227 1071 1296 sibi
1101 1226 1227 1296 habere

28 1327 163 1408 iussin
191 1349 236 1394 ex
264 1326 445 1399 duodecim
475 1327 597 1397 tabuIIs
624 1329 739 1399 claves
762 1328 910 1409 ademit,
940 1331 1068 1411 exegit.
1111 1329 1227 1420 Quam

31 1453 149 1513 porro
174 1442 351 1513 spectatus
376 1430 478 1509 ciris,
514 1450 617 1514 quam
640 1431 820 1515 probatus!
845 1422 952 1501 =cuius
977 1433 1134 1500 exomni
1158 1432 1228 1499 vita

32 1531 128 1601 nibil
151 1546 205 1601 est
226 1533 422 1611 honestius,
444 1554 546 1617 quam
568 1533 661 1617 quod
684 1556 765 1601 cum
788 1535 893 1602 mima
917 1534 1000 1601 iecit
1027 1532 1227 1603 divortium.

33 1640 82 1703 At
106 1658 212 1717 quam
232 1637 356 1705 crebro
381 1647 543 1718 usumat,
572 1647 607 1703 et
630 1636 811 1703 consulet
833 1634 1041 1703 Antonius!
1074 1636 1152 1704 Hoc
1174 1646 1228 1704 est
1247 1634 1288 1697 7⁴)
1331 1724 1339 1733 .

36 1739 177 1817 dicere,
198 1750 232 1807 et
256 1739 377 1805 consul
401 1749 437 1803 et
454 1736 765 1820 Impudicissimus,
788 1747 822 1804 et
843 1737 966 1805 consul
986 1749 1022 1804 et
1042 1736 1147 1806 homo
1167 1759 1228 1804 ne-

36 1842 239 1924 quissimus.
283 1838 374 1930 Quid
396 1851 451 1909 est
471 1840 561 1907 euim
580 1838 672 1909 aliud
690 1840 892 1908 Antonius?
917 1840 1007 1909 Nam
1028 1840 1057 1908 si
1081 1839 1228 1922 dignitas

38 1941 295 2020 significaretur·
321 1942 357 2007 in
385 1941 541 2027 nomine,
567 1941 718 2009 dixisset
751 1941 953 2025 aliquando,
984 1939 1109 2019 credo,
1143 1962 1236 2021 avus,

40 2053 121 2109 tuus
144 2063 183 2109 se
207 2053 241 2111 et
262 2039 437 2110 consulem
452 2053 487 2109 et
500 2043 698 2111 Antonium.
738 2042 923 2124 Nunquam
938 2039 1037 2110 dixit.
1076 2043 1230 2112 Dixisset

41 2144 145 2209 etiam
177 2140 308 2222 collega
334 2163 450 2221 meus,
481 2156 624 2226 patruus
648 2156 740 2211 tuus.
763 2143 856 2211 ,Nisi
880 2155 918 2210 tu
943 2163 981 2211 es
1004 2141 1099 2225 eolus
1119 2147 1230 2217 Anio·

39 2246 131 2313 nius.
175 2244 240 2312 Sed
262 2245 382 2313 omitto
404 2265 443 2313 ea
459 2258 619 2327 peecata,
640 2265 726 2328 quac
747 2267 818 2312 non
839 2255 921 2313 sunt
941 2266 1059 2312 earum
1076 2245 1227 2327 partium

40 2346 201 2430 propriu,
238 2347 358 2429 quibus
387 2359 424 2414 tu
452 2344 716 2432 rempublicam
738 2346 926 2426 vexavisti3
962 2344 1005 2413 ad
1031 2346 1121 2428 ipsas
1150 2357 1226 2414 tuas

40 2462 157 2528 partes
186 2446 308 2534 redeo,
330 2448 365 2515 id
390 2461 461 2528 est,
491 2449 535 2519 ad
560 2448 659 2517 civile
680 2446 825 2531 bellurn,
859 2446 951 2533 quod
976 2460 1117 2536 natum,
1143 2469 1228 2516 con·

42 2547 180 2626 fletum,
202 2562 403 2633 susceptum
429 2548 536 2632 obera
561 2564 619 2620 tua
639 2563 706 2619 est

83 2651 263 2717 ..xxix
304 2653 369 2719 Cui
391 2650 481 2721 bello
506 2675 584 2723 cum
610 2665 751 2737 propter
773 2652 989 2721 timiditatem
1016 2665 1130 2732 tuam,
1153 2662 1226 2720 tum
1247 2653 1288 2717 71

43 2765 187 2836 propter·
216 2751 372 2822 libidines
403 2754 554 2824 deluisti.
596 2756 765 2824 Gustaras
798 2756 923 2822 citium
947 2757 1147 2836 sanguinem
1171 2752 1228 2822 vei

43 2857 159 2934 potius
185 2856 435 2936 exsorbueram
455 2857 570 2925 lueias
595 2858 629 2925 in
653 2857 726 2925 acie
748 2854 942 2926 Pharsalica
963 2857 1227 2937 antesignanum

44 2953 79 3023 L.
106 2957 317 3036 Domitium..
351 2957 580 3027 clarissimum
614 2970 648 3025 et
681 2957 932 3028 nobilissimum
966 2959 1098 3036 virum,
1132 2957 1225 3025 ocei-

45 3056 164 3137 deras,
199 3056 395 3144 multosque
415 3074 594 3144 praeterea
621 3059 718 3143 quIe
744 3056 875 3142 proelio
900 3058 1110 3138 effugerant,
1137 3065 1237 3141 quos*

47 3160 173 3229 Caesar
195 3171 235 3227 ut
256 3160 440 3235 nonnullos
462 3162 611 3230 fortasse
635 3170 829 3240 servasset,
850 3158 1087 3229 crudelissime
1107 3178 1226 3242 perse-

47 3274 145 3331 cutus
172 3261 375 3331 trucidatas.
425 3263 559 3353 Quibus
585 3263 687 3333 rebus
713 3264 815 3329 tantis
843 3260 965 3337 talibus
988 3261 1113 3341 gestis,
1145 3258 1227 3344 quid

48 3361 110 3430 snit
129 3385 273 3443 causae,
295 3385 358 3433 eur
380 3365 416 3432 in
442 3365 596 3433 Africum
621 3365 804 3432 Caesarem
827 3385 898 3433 nou
924 3383 1123 3446 sequerere,
1145 3382 1226 3429 cum

109 3532 122 3595 i
139 3535 182 3581 69.
206 3535 317 3582 Alterum
335 3536 407 3581 nolite
424 3534 540 3582 omittunt
557 3531 639 3581 Velie.
658 3532 731 3581 Bern.
749 3533 860 3595 Madvig.
877 3558 912 3573 -
928 3533 1011 3580 Guell'.
1029 3539 1054 3580 ct
1071 3533 1157 3581 Bamb.
1174 3534 1227 3582 eius

49 3608 110 3663 Ioec‘
125 3618 216 3665 hebent
239 3620 334 3673 laedite,
359 3620 427 3681 qnod
448 3628 504 3666 cnm
526 3631 597 3666 mnan
619 3624 716 3664 careret
739 3617 783 3664 alii
806 3631 907 3678 proram
930 3617 1039 3665 omium
1056 3618 1176 3666 ridentur.
1194 3641 1228 3656 -

50 3698 111 3744 ilum
132 3698 208 3761 mam]
233 3701 376 3761 Cytherida.
415 3702 484 3749 Nota
500 3701 632 3749 formulam
649 3701 751 3749 divortii
768 3701 916 3760 legitimam
950 3701 1012 3746 Tm
1033 3715 1071 3747 m
1094 3702 1138 3747 tibi
1160 3701 1226 3747 tote

51 3779 160 3830 (luterum
176 3784 278 3832 dittinxi
300 3799 355 3832 cnm
377 3784 485 3831 liieuzio
502 3784 527 3830 in
545 3784 656 3844 &rigny
680 3783 817 3843 Zeibcbrifl
833 3785 862 3843 7,
883 3784 906 3830 1.
931 3799 957 3845 p.
975 3785 1017 3831 38.
1038 3784 1134 3845 Volgoz
1160 3785 1227 3831 inerit

51 3875 78 3906 er
92 3867 212 3912 duodecim
230 3867 329 3921 indultu
346 3870 421 3913 ciera
437 3873 486 3915 cet.

113 3947 184 4010 lw-
201 3949 374 4009 aignfflcoretur
391 3952 416 3995 in
432 3949 536 4009 nombre]
553 3949 593 3996 Sic
611 3950 684 3997 ctiam
702 3957 751 3998 tres
769 3951 825 3997 mei.
860 3950 991 3998 Lambinus
1007 3965 1042 3997 ex
1060 3965 1103 3997 usu
1115 3950 1227 4009 frequen·

53 4026 110 4078 tiore
127 4035 151 4078 in
168 4034 256 4082 omisit.

115 4106 185 4176 Ill.
202 4120 330 4176 meliorque
344 4122 478 4175 praeterae,
496 4116 554 4176 qul]
571 4116 701 4176 evestigiir
720 4117 801 4164 Valle.
836 4118 945 4165 Muretus
963 4123 987 4163 et
999 4114 1107 4173 Madvig.
1127 4114 1226 4166 mulio&

54 4195 152 4248 quittae
168 4199 224 4246 mei.
242 4202 274 4247 Ο.
290 4224 326 4236 -
342 4203 414 4246 tanda
431 4198 526 4261 retitur]
545 4200 583 4246 stc
602 4199 676 4246 etiam
694 4207 744 4248 trec
762 4201 817 4247 mei.
835 4203 906 4246 tantis
922 4215 952 4246 ae
968 4200 1053 4246 ulidus
1069 4197 1180 4245 Schuetz.
1193 4220 1227 4235 «-

55 4274 78 4320 ὅ»
92 4278 209 4343 Africam]
230 4299 254 4330 c.
273 4284 331 4335 ⁷⁰8.
366 4284 430 4333 Mox
449 4281 523 4331 Betu-
541 4284 622 4332 Guelf.
641 4282 728 4331 bamb.
746 4289 770 4329 ui
787 4283 878 4330 dicebat
895 4285 953 4342 ι’μι.
