2850 4759
197 288 257 354 tto
668 287 903 369 EXCURSUS

198 448 301 517 ctiam
328 447 448 516 ultimo
476 446 565 516 illius
596 450 673 516 anni
694 450 765 518 otu.
794 447 1105 517 mensesuffcctus
1135 460 1239 514 esset
1272 449 1382 516 consui

197 550 344 628 Cinnae,
366 549 399 616 id
424 571 493 632 pro
509 562 603 618 certo
625 552 658 618 in
677 550 786 618 Fastis
807 571 942 617 summa
966 571 1044 615 cum
1072 548 1253 629 religione
1280 550 1381 618 elabo-

196 654 280 719 ratis
300 662 455 719 notatum
471 664 637 721 exstaret.
677 652 869 720 Audiamus
884 672 974 718 6666
988 651 1206 718 Stucrenb
1217 673 1242 716 u
1253 653 1378 731 rginn

194 753 345 820 Praefat.
366 777 398 837 p.
418 755 518 823 ΧΙΧ.
548 753 706 834 „Sillani
727 756 792 831 (sio
807 756 845 831 t,
870 755 898 821 t.
926 752 1070 820 Codices
1098 774 1252 829 omnes,
1291 753 1378 817 etiarn

195 853 423 934 Erfurtensis)
435 855 491 924 lex
509 868 544 923 et
558 855 737 924 Carbonis
754 857 854 922 etiam
870 853 1091 921 aScholiasta
1108 855 1267 920 affertur
1283 875 1379 936 nequo

194 956 397 1023 confirmata
428 970 480 1026 est
509 969 647 1040 recepta
682 959 723 1025 ab
751 957 908 1024 omnibus
937 958 1010 1022 fere
1040 955 1240 1022 editoribus
1274 959 1378 1022 conie-

194 1069 294 1126 ctura
311 1059 476 1136 Memmi,
499 1060 555 1142 qui
566 1081 637 1141 ,pro
659 1057 795 1127 Sillani
811 1057 992 1138 legendum
1012 1077 1087 1124 esse
1104 1071 1305 1124 censuerat
1319 1057 1379 1125 Sil-

194 1162 292 1227 nant.
331 1160 612 1241 Probavitigitur
629 1164 730 1228 etiam
742 1158 947 1227 Niebubrius
966 1159 1054 1240 apud
1068 1159 1208 1225 Maium
1228 1159 1377 1224 omniurn

193 1260 352 1329 codicum
374 1263 579 1345 scripturam
602 1261 703 1329 allato
725 1259 853 1328 Velleio
875 1262 966 1338 Pac,
994 1262 1049 1342 qui
1066 1261 1099 1326 in
1114 1260 1213 1326 Hist.
1237 1262 1376 1343 Rornt,

192 1363 250 1436 tt,
272 1365 303 1426 2.
330 1376 579 1432 commemorat
600 1360 801 1431 Carbonem
817 1355 1090 1451 δι’ἰίιυιιιηιᾲιιθ(ι
1110 1360 1376 1450 (Silannmqne

192 1463 314 1531 Codex
331 1464 449 1531 Velleii
466 1464 703 1544 amerbach),
732 1464 858 1544 „Marii
877 1462 1051 1544 aequales,
1074 1464 1147 1529 sine
1173 1463 1284 1531 dubio
1307 1484 1374 1530 eos·

191 1564 290 1642 dem,
313 1565 355 1633 de
383 1588 528 1648 quorum
557 1565 632 1646 lege
659 1578 780 1633 nostro
805 1562 882 1630 loro
909 1565 947 1630 fit
973 1565 1113 1630 montio.
1160 1565 1249 1631 Veri
1271 1566 1373 1634 simile

192 1678 244 1734 cst
268 1667 373 1748 igitur
396 1666 514 1733 tulisse
538 1665 630 1733 illam
655 1665 765 1746 legem
790 1664 972 1733 Sillamnn
993 1678 1027 1731 et
1052 1663 1267 1734 Carbonem
1290 1670 1372 1735 circa

191 1790 223 1834 a.
248 1788 281 1836 u.
301 1789 331 1834 6.
344 1768 418 1831 656.
432 1794 472 1813 -·
486 1767 502 1796 “
545 1767 637 1833 Haeo
660 1768 742 1834 satis
769 1788 938 1848 superque
964 1768 1112 1832 refutata
1133 1769 1302 1836 existimo
1322 1771 1369 1847 iis,

191 1884 277 1949 quae
297 1888 399 1949 supra
422 1869 576 1949 exposui.
618 1869 699 1945 Cui,
723 1891 867 1951 quaeso,
895 1868 1174 1950 quartodecimo
1206 1870 1368 1938 6666661-

190 1968 262 2035 ium
296 1968 423 2038 sociale
455 1991 544 2036 anno
577 1969 619 2036 de
656 1971 824 2037 eiusmodi
859 1968 935 2051 lege
970 1970 1110 2036 ferenda
1146 1971 1183 2036 in
1212 1984 1367 2038 mentem

188 2071 306 2138 venire
333 2072 496 2153 perarata
541 2070 726 2163 Quomodo
743 2071 793 2138 M.
809 2069 925 2138 lunius
948 2069 1081 2140 Silanus
1096 2092 1169 2140 cos.
1183 2094 1218 2140 a.
1233 2075 1306 2140 645.
1319 2072 1367 2140 rel

189 2171 295 2240 ullam
322 2172 433 2254 legem
461 2173 552 2241 serre
579 2185 713 2256 poterat
736 2197 765 2241 a.
791 2172 894 2242 6566

267 2275 448 2343 Iam'vero
473 2295 552 2342 cum
576 2275 754 2343 Manutius
778 2274 863 2341 haec
891 2274 1031 2354 legisset
1061 2274 1153 2356 apud
1180 2273 1366 2346 Asconium

188 2378 223 2443 iu
242 2375 379 2444 cornel.
403 2400 436 2458 p.
455 2379 507 2443 ts.
538 2376 605 2443 Ed.
628 2376 772 2442 Raiteri:
808 2375 864 2443 Μ.
894 2375 1064 2442 Plautius
1089 2374 1272 2457 Spttanus
1292 2380 1368 2456 (Ed.

188 2478 384 2560 princepst)
406 2477 712 2566 tribunusplebis,
737 2475 802 2544 Cn.
818 2479 988 2566 Pompeio
1001 2476 1200 2564 Strabone,
1223 2479 1268 2546 L.
1282 2479 1367 2546 Por·

188 2579 244 2645 cio
272 2576 408 2644 Catone
432 2599 522 2646 coss.
552 2578 706 2645 secundo
730 2601 828 2645 antro
847 2579 928 2645 belli
954 2578 1080 2645 Italici
1111 2582 1160 2658 (a.
1186 2603 1223 2644 u.
1247 2604 1279 2652 c.
1299 2583 1365 2648 665.

187 2677 303 2755 Varr.)
324 2700 405 2744 curn
427 2691 590 2769 equester
615 2680 705 2747 ordo
728 2682 766 2747 in
790 2680 935 2747 iudiciis
956 2678 1232 2762 dominaretur,
1259 2684 1366 2766 lenem

186 2778 271 2844 tulit
290 2779 546 2850 aditrnantibus
565 2782 761 2866 notitiam,-
796 2804 892 2870 quae
906 2783 985 2849 lea:
1012 2785 1087 2849 airu
1108 2805 1195 2848 eant
1225 2785 1363 2865 habau,

186 2884 300 2966 quum
321 2879 445 2949 Cicero
465 2884 669 2966 siqnificat:
697 2905 787 2948 raam
812 2907 862 2950 ecc
888 2907 933 2951 ea
960 2883 1037 2966 leae
1057 2885 1175 2950 tribus
1201 2884 1364 2969 sinqulae

183 3007 235 3050 ex
256 3005 323 3051 suo
347 3006 497 3052 rrnmero
520 2986 649 3074 qairrus
676 2985 786 3052 denos
808 2987 985 3068 suffraqio
1008 2987 1203 3072 creabant,
1240 2990 1304 3075 qui
1324 3009 1363 3053 ea

84 3122 85 3125 ¹
184 3109 281 3152 antro
301 3084 530 3153 iudicarent:
571 3107 719 3170 cumque
738 3088 843 3169 probe
866 3090 969 3154 sciret
990 3101 1168 3170 praeterea
1194 3112 1242 3155 ex
1261 3091 1361 3156 Fastis

182 3184 333 3255 Silanus
351 3208 426 3255 esse
451 3208 643 3266 cognomen
664 3189 774 3268 gentis
800 3189 930 3267 Iuniae,
967 3189 1117 3256 Plautiae
1141 3211 1226 3256 vero
1246 3186 1360 3258 Siloa·

182 3311 268 3374 nus,
298 3301 332 3356 et
351 3288 420 3355 hoc
440 3290 574 3371 quidem
597 3311 641 3354 ex
666 3291 773 3356 Fastis
795 3289 1095 3357 consularibus'ad
1118 3315 1149 3360 a.
1173 3294 1247 3356 752.
1273 3293 1361 3357 Varr.

182 3404 283 3474 atquc
307 3412 350 3458 ex
372 3392 481 3457 Taciti
505 3396 592 3458 Anat.
615 3395 652 3468 4,
674 3395 741 3469 22„
769 3394 878 3459 Dione
904 3393 1022 3459 Cassio
1047 3395 1101 3466 55,
1121 3395 1190 3470 35„
1227 3416 1305 3460 rere
1327 3406 1360 3456 et

182 3494 438 3562 accuratissime
461 3504 655 3575 temporum
678 3496 809 3560 ratione
834 3493 946 3560 habita
970 3497 1004 3559 in
1026 3493 1198 3560 Archiana
1221 3509 1256 3561 et
1275 3494 1357 3576 apud

180 3595 368 3662 Asconium
383 3597 535 3663 correxit
548 3592 728 3663 Siluanus,
749 3594 857 3672 ldem,
870 3608 908 3661 ut
919 3595 1046 3672 debuit,
1058 3608 1210 3661 'ex-certo
1223 3597 1356 3663 Asconii

179 3695 375 3761 testimonio
396 3697 437 3764 de
456 3697 695 3764 tribunatu'M.
712 3695 845 3773 Plautii,
863 3716 952 3762 anno
964 3698 1034 3761 665.
1053 3697 1156 3762 etiam
1169 3697 1355 3767 Carbonem

178 3797 232 3870 (C.
257 3796 430 3879 Papirium
462 3801 655 3867 Carbonem
680 3796 749 3863 Caii
779 3795 1021 3876 cumputat
1050 3799 1199 3864 oratoris
1235 3798 1354 3874 filiurn,

178 3897 218 3964 P·
250 3897 311 3974 Ν.)
346 3893 512 3977 collegam
543 3905 572 3967 ei
604 3901 711 3967 fnisse
739 3908 773 3963 et
801 3897 1002 3984 participem
1030 3898 1115 3978 legis
1145 3898 1188 3964 de
1225 3901 1355 3968 civitate

178 3998 289 4066 tlarrda
307 3997 438 4066 statuit.
478 3998 533 4064 Ex
553 4024 622 4067 nno
642 4002 765 4081 igitur,
787 3988 849 4065 sed
864 3999 1056 4078 certissimo
1072 3996 1268 4067 Archianae
1282 4001 1352 4069 ioco

179 4112 214 4166 et
238 4121 257 4166 a
284 4096 468 4186 philologis
493 4111 527 4165 ct
551 4123 569 4167 a
593 4100 682 4167 lCtis
705 4106 786 4183 p‘ost
812 4102 1003 4167 Manutium
1035 4121 1141 4182 usquc
1172 4100 1216 4168 ad
1243 4116 1352 4170 nostra

179 4213 333 4281 tempora
353 4205 495 4284 repetita
515 4213 566 4270 est
583 4201 640 4265 lex
660 4203 817 4268 Psavrm
834 4205 874 4278 (s.
893 4203 1041 4275 Psorm)
1059 4205 1214 4269 Pratum
1230 4225 1250 4270 a
1266 4204 1350 4271 nullo

105 4346 108 4351 ·
178 4301 348 4383 scriptore
371 4318 506 4384 praeter
530 4298 730 4378 Ciceronem
752 4317 959 4386 memorata,
981 4322 1065 4388 quae
1088 4311 1350 4378 curiosissimo
