<?xml version="1.0" encoding="UTF-8"?>
<!DOCTYPE html PUBLIC "-//W3C//DTD XHTML 1.0 Transitional//EN"
    "http://www.w3.org/TR/xhtml1/DTD/xhtml1-transitional.dtd">
<html xmlns="http://www.w3.org/1999/xhtml" xml:lang="en" lang="en">
 <head>
  <title>
</title>
<meta http-equiv="Content-Type" content="text/html;charset=utf-8" />
  <meta name='ocr-system' content='tesseract 3.04.00' />
  <meta name='ocr-capabilities' content='ocr_page ocr_carea ocr_par ocr_line ocrx_word'/>
</head>
<body>
  <div class='ocr_page' id='page_1' title='image "./mtulliiciceroni00orelgoog_0043.png"; bbox 0 0 2850 4759; ppageno 0'>
   <div class='ocr_carea' id='block_1_1' title="bbox 218 235 1235 324">
    <p class='ocr_par' dir='ltr' id='par_1_1' title="bbox 218 235 1235 324">
     <span class='ocr_line' id='line_1_1' title="bbox 218 235 1235 324; baseline 0.01 -20"><span class='ocrx_word' id='word_1_1' title='bbox 218 235 507 307; x_wconf 65' lang='lat' dir='ltr'>accusatum</span> <span class='ocrx_word' id='word_1_2' title='bbox 529 235 567 310; x_wconf 79' lang='grc'>0.</span> <span class='ocrx_word' id='word_1_3' title='bbox 589 235 782 308; x_wconf 80' lang='lat' dir='ltr'>VERREM</span> <span class='ocrx_word' id='word_1_4' title='bbox 803 241 885 309; x_wconf 89' lang='lat' dir='ltr'>LlB.</span> <span class='ocrx_word' id='word_1_5' title='bbox 902 243 959 324; x_wconf 88' lang='lat' dir='ltr'>tv,</span> <span class='ocrx_word' id='word_1_6' title='bbox 982 269 1013 314; x_wconf 89' lang='lat' dir='ltr'>o.</span> <span class='ocrx_word' id='word_1_7' title='bbox 1030 247 1080 314; x_wconf 82' lang='lat'>16.</span> <span class='ocrx_word' id='word_1_8' title='bbox 1101 287 1105 294; x_wconf 82' lang='lat'><strong>·</strong></span> <span class='ocrx_word' id='word_1_9' title='bbox 1195 251 1235 314; x_wconf 78' lang='lat' dir='ltr'>al</span> 
     </span>
    </p>
   </div>
   <div class='ocr_carea' id='block_1_2' title="bbox 16 393 1294 3023">
    <p class='ocr_par' dir='ltr' id='par_1_2' title="bbox 16 393 1294 3023">
     <span class='ocr_line' id='line_1_2' title="bbox 16 393 1235 492; baseline 0.008 -30"><span class='ocrx_word' id='word_1_10' title='bbox 16 431 18 438; x_wconf 87' lang='lat'><em>·</em></span> <span class='ocrx_word' id='word_1_11' title='bbox 68 393 170 463; x_wconf 78' lang='lat' dir='ltr'>ablata</span> <span class='ocrx_word' id='word_1_12' title='bbox 190 407 260 472; x_wconf 83' lang='lat' dir='ltr'>est,</span> <span class='ocrx_word' id='word_1_13' title='bbox 281 395 446 477; x_wconf 73' lang='lat' dir='ltr'>Popillius</span> <span class='ocrx_word' id='word_1_14' title='bbox 467 397 681 476; x_wconf 65' lang='lat' dir='ltr'>cogitamine.</span> <span class='ocrx_word' id='word_1_15' title='bbox 722 400 776 465; x_wconf 83' lang='lat' dir='ltr'>Ab</span> <span class='ocrx_word' id='word_1_16' title='bbox 798 398 865 466; x_wconf 89' lang='lat' dir='ltr'>hoo</span> <span class='ocrx_word' id='word_1_17' title='bbox 885 401 979 468; x_wconf 82' lang='lat' dir='ltr'>abaci</span> <span class='ocrx_word' id='word_1_18' title='bbox 999 421 1082 470; x_wconf 83' lang='lat' dir='ltr'>vaea</span> <span class='ocrx_word' id='word_1_19' title='bbox 1103 407 1235 492; x_wconf 84' lang='lat' dir='ltr'>omnia,</span> 
     </span>
     <span class='ocr_line' id='line_1_3' title="bbox 16 495 1235 579; baseline 0.011 -19"><span class='ocrx_word' id='word_1_20' title='bbox 16 535 17 538; x_wconf 60' lang='lat'><em>=</em></span> <span class='ocrx_word' id='word_1_21' title='bbox 66 508 101 562; x_wconf 86' lang='lat' dir='ltr'>ut</span> <span class='ocrx_word' id='word_1_22' title='bbox 120 499 271 579; x_wconf 80' lang='lat' dir='ltr'>exposita</span> <span class='ocrx_word' id='word_1_23' title='bbox 294 497 447 573; x_wconf 82' lang='lat' dir='ltr'>fuerant,</span> <span class='ocrx_word' id='word_1_24' title='bbox 470 495 619 564; x_wconf 89' lang='lat' dir='ltr'>abstulit.</span> <span class='ocrx_word' id='word_1_25' title='bbox 663 499 762 565; x_wconf 85' lang='lat' dir='ltr'>Dicat</span> <span class='ocrx_word' id='word_1_26' title='bbox 783 522 820 567; x_wconf 84' lang='lat' dir='ltr'>se</span> <span class='ocrx_word' id='word_1_27' title='bbox 842 500 920 568; x_wconf 89' lang='lat' dir='ltr'>licet</span> <span class='ocrx_word' id='word_1_28' title='bbox 942 505 1081 579; x_wconf 81' lang='lat' dir='ltr'>emisse:</span> <span class='ocrx_word' id='word_1_29' title='bbox 1109 510 1235 577; x_wconf 81' lang='lat' dir='ltr'>etenim</span> 
     </span>
     <span class='ocr_line' id='line_1_4' title="bbox 62 596 1235 688; baseline 0.007 -21"><span class='ocrx_word' id='word_1_30' title='bbox 62 596 115 667; x_wconf 85' lang='lat' dir='ltr'>hio</span> <span class='ocrx_word' id='word_1_31' title='bbox 139 609 278 681; x_wconf 85' lang='lat' dir='ltr'>propter</span> <span class='ocrx_word' id='word_1_32' title='bbox 308 597 586 677; x_wconf 78' lang='lat' dir='ltr'>magnitudinem·</span> <span class='ocrx_word' id='word_1_33' title='bbox 612 599 695 665; x_wconf 85' lang='lat' dir='ltr'>furti</span> <span class='ocrx_word' id='word_1_34' title='bbox 726 614 807 669; x_wconf 73' lang='lat' dir='ltr'>sunit</span> <span class='ocrx_word' id='word_1_35' title='bbox 838 601 990 683; x_wconf 73' lang='lat' dir='ltr'>litterae,</span> <span class='ocrx_word' id='word_1_36' title='bbox 1025 617 1064 671; x_wconf 90' lang='lat' dir='ltr'>ut</span> <span class='ocrx_word' id='word_1_37' title='bbox 1093 610 1235 688; x_wconf 79' lang='lat' dir='ltr'>opinor,</span> 
     </span>
     <span class='ocr_line' id='line_1_5' title="bbox 64 697 1235 796; baseline 0.012 -35"><span class='ocrx_word' id='word_1_38' title='bbox 64 698 180 766; x_wconf 81' lang='lat' dir='ltr'>santae.</span> <span class='ocrx_word' id='word_1_39' title='bbox 206 698 308 764; x_wconf 83' lang='lat' dir='ltr'>lussit</span> <span class='ocrx_word' id='word_1_40' title='bbox 324 697 577 765; x_wconf 81' lang='lat' dir='ltr'>&#39;sirtiarohidern</span> <span class='ocrx_word' id='word_1_41' title='bbox 593 703 774 770; x_wconf 76' lang='lat' dir='ltr'>aestimare</span> <span class='ocrx_word' id='word_1_42' title='bbox 789 718 981 783; x_wconf 80' lang='lat' dir='ltr'>argeutum.</span> <span class='ocrx_word' id='word_1_43' title='bbox 1007 707 1087 796; x_wconf 81' lang='lat' dir='ltr'>Quo</span> <span class='ocrx_word' id='word_1_44' title='bbox 1105 710 1235 776; x_wconf 76' lang='lat' dir='ltr'>modo?</span> 
     </span>
     <span class='ocr_line' id='line_1_6' title="bbox 68 798 1237 887; baseline 0.013 -24"><span class='ocrx_word' id='word_1_45' title='bbox 68 798 145 887; x_wconf 70' lang='lat' dir='ltr'>Quo</span> <span class='ocrx_word' id='word_1_46' title='bbox 165 800 384 881; x_wconf 85' lang='lat' dir='ltr'>quiunquam</span> <span class='ocrx_word' id='word_1_47' title='bbox 406 800 605 870; x_wconf 76' lang='lat' dir='ltr'>tenuissima</span> <span class='ocrx_word' id='word_1_48' title='bbox 625 801 659 871; x_wconf 88' lang='lat' dir='ltr'>iu</span> <span class='ocrx_word' id='word_1_49' title='bbox 680 801 899 873; x_wconf 85' lang='lat' dir='ltr'>donationem</span> <span class='ocrx_word' id='word_1_50' title='bbox 915 805 1119 876; x_wconf 78' lang='lat' dir='ltr'>histrionum</span> <span class='ocrx_word' id='word_1_51' title='bbox 1135 813 1237 879; x_wconf 82' lang='lat' dir='ltr'>aesti-</span> 
     </span>
     <span class='ocr_line' id='line_1_7' title="bbox 67 900 173 965; baseline 0.019 -2"><span class='ocrx_word' id='word_1_52' title='bbox 67 900 173 965; x_wconf 83' lang='lat' dir='ltr'>mavit.</span> 
     </span>
     <span class='ocr_line' id='line_1_8' title="bbox 138 1001 1236 1090; baseline 0.014 -25"><span class='ocrx_word' id='word_1_53' title='bbox 138 1001 286 1069; x_wconf 75' lang='lat' dir='ltr'>Tametsi</span> <span class='ocrx_word' id='word_1_54' title='bbox 312 1002 512 1072; x_wconf 88' lang='lat' dir='ltr'>iamdudum</span> <span class='ocrx_word' id='word_1_55' title='bbox 541 1023 606 1085; x_wconf 78' lang='lat' dir='ltr'>ego</span> <span class='ocrx_word' id='word_1_56' title='bbox 634 1026 738 1084; x_wconf 86' lang='lat' dir='ltr'>erro,</span> <span class='ocrx_word' id='word_1_57' title='bbox 776 1010 832 1090; x_wconf 86' lang='lat' dir='ltr'>qui</span> <span class='ocrx_word' id='word_1_58' title='bbox 860 1020 929 1077; x_wconf 92' lang='lat' dir='ltr'>tam</span> <span class='ocrx_word' id='word_1_59' title='bbox 959 1010 1066 1078; x_wconf 87' lang='lat' dir='ltr'>multa</span> <span class='ocrx_word' id='word_1_60' title='bbox 1095 1012 1138 1078; x_wconf 88' lang='lat' dir='ltr'>de</span> <span class='ocrx_word' id='word_1_61' title='bbox 1168 1015 1236 1082; x_wconf 83' lang='lat' dir='ltr'>tuia</span> 
     </span>
     <span class='ocr_line' id='line_1_9' title="bbox 16 1105 1235 1201; baseline 0.012 -35"><span class='ocrx_word' id='word_1_62' title='bbox 16 1125 18 1166; x_wconf 75' lang='lat' dir='ltr'>i</span> <span class='ocrx_word' id='word_1_63' title='bbox 62 1105 281 1185; x_wconf 80' lang='lat' dir='ltr'>emptionibus</span> <span class='ocrx_word' id='word_1_64' title='bbox 304 1107 406 1171; x_wconf 82' lang='lat' dir='ltr'>verim</span> <span class='ocrx_word' id='word_1_65' title='bbox 427 1105 572 1184; x_wconf 81' lang='lat' dir='ltr'>sariam,</span> <span class='ocrx_word' id='word_1_66' title='bbox 595 1120 630 1174; x_wconf 90' lang='lat' dir='ltr'>et</span> <span class='ocrx_word' id='word_1_67' title='bbox 643 1130 824 1191; x_wconf 81' lang='lat' dir='ltr'>quaeram,</span> <span class='ocrx_word' id='word_1_68' title='bbox 846 1123 960 1179; x_wconf 89' lang='lat' dir='ltr'>utrum</span> <span class='ocrx_word' id='word_1_69' title='bbox 977 1115 1099 1181; x_wconf 78' lang='lat' dir='ltr'>euteria</span> <span class='ocrx_word' id='word_1_70' title='bbox 1115 1131 1235 1201; x_wconf 78' lang='lat' dir='ltr'>tienne,</span> 
     </span>
     <span class='ocr_line' id='line_1_10' title="bbox 16 1194 1232 1336; baseline 0.011 -67"><span class='ocrx_word' id='word_1_71' title='bbox 16 1194 42 1336; x_wconf 41' lang='grc' dir='ltr'><strong>ᾖ</strong></span> <span class='ocrx_word' id='word_1_72' title='bbox 62 1217 94 1271; x_wconf 86' lang='lat' dir='ltr'>et</span> <span class='ocrx_word' id='word_1_73' title='bbox 105 1205 278 1287; x_wconf 84' lang='lat' dir='ltr'>quomodo</span> <span class='ocrx_word' id='word_1_74' title='bbox 294 1217 327 1271; x_wconf 89' lang='lat' dir='ltr'>et</span> <span class='ocrx_word' id='word_1_75' title='bbox 342 1208 458 1288; x_wconf 85' lang='lat' dir='ltr'>quanti</span> <span class='ocrx_word' id='word_1_76' title='bbox 475 1212 619 1276; x_wconf 76' lang='lat' dir='ltr'>emeris:</span> <span class='ocrx_word' id='word_1_77' title='bbox 643 1210 737 1293; x_wconf 89' lang='lat' dir='ltr'>quod</span> <span class='ocrx_word' id='word_1_78' title='bbox 750 1214 857 1279; x_wconf 83' lang='lat' dir='ltr'>verbo</span> <span class='ocrx_word' id='word_1_79' title='bbox 874 1216 1063 1294; x_wconf 80' lang='lat' dir='ltr'>transigere</span> <span class='ocrx_word' id='word_1_80' title='bbox 1078 1230 1232 1298; x_wconf 84' lang='lat' dir='ltr'>possum.</span> 
     </span>
     <span class='ocr_line' id='line_1_11' title="bbox 16 1305 1234 1397; baseline 0.007 -24"><span class='ocrx_word' id='word_1_81' title='bbox 16 1367 28 1386; x_wconf 40' lang='lat' dir='ltr'><strong><em>f</em></strong></span> <span class='ocrx_word' id='word_1_82' title='bbox 62 1305 129 1374; x_wconf 79' lang='lat' dir='ltr'>Ede</span> <span class='ocrx_word' id='word_1_83' title='bbox 148 1306 229 1373; x_wconf 84' lang='lat' dir='ltr'>milii</span> <span class='ocrx_word' id='word_1_84' title='bbox 252 1309 437 1389; x_wconf 80' lang='lat' dir='ltr'>scripturn,</span> <span class='ocrx_word' id='word_1_85' title='bbox 458 1310 537 1392; x_wconf 89' lang='lat' dir='ltr'>quid</span> <span class='ocrx_word' id='word_1_86' title='bbox 560 1313 691 1392; x_wconf 79' lang='lat' dir='ltr'>argenti</span> <span class='ocrx_word' id='word_1_87' title='bbox 711 1314 746 1379; x_wconf 89' lang='lat' dir='ltr'>in</span> <span class='ocrx_word' id='word_1_88' title='bbox 767 1314 943 1395; x_wconf 86' lang='lat' dir='ltr'>provincia</span> <span class='ocrx_word' id='word_1_89' title='bbox 957 1314 1067 1381; x_wconf 70' lang='lat' dir='ltr'>sieilia</span> <span class='ocrx_word' id='word_1_90' title='bbox 1089 1315 1234 1397; x_wconf 76' lang='lat' dir='ltr'>pararis,</span> 
     </span>
     <span class='ocr_line' id='line_1_12' title="bbox 16 1401 1294 1504; baseline 0.007 -30"><span class='ocrx_word' id='word_1_91' title='bbox 16 1401 144 1484; x_wconf 55' lang='lat' dir='ltr'>arunde</span> <span class='ocrx_word' id='word_1_92' title='bbox 162 1409 312 1491; x_wconf 82' lang='lat' dir='ltr'>quidque</span> <span class='ocrx_word' id='word_1_93' title='bbox 332 1423 392 1478; x_wconf 88' lang='lat' dir='ltr'>aut</span> <span class='ocrx_word' id='word_1_94' title='bbox 413 1414 529 1494; x_wconf 90' lang='lat' dir='ltr'>quanti</span> <span class='ocrx_word' id='word_1_95' title='bbox 550 1415 684 1480; x_wconf 82' lang='lat' dir='ltr'>emeris.</span> <span class='ocrx_word' id='word_1_96' title='bbox 733 1414 828 1504; x_wconf 76' lang='lat' dir='ltr'>Quid</span> <span class='ocrx_word' id='word_1_97' title='bbox 849 1417 917 1482; x_wconf 81' lang='lat' dir='ltr'>fit’?</span> <span class='ocrx_word' id='word_1_98' title='bbox 938 1437 1152 1504; x_wconf 84' lang='lat' dir='ltr'>quamquam</span> <span class='ocrx_word' id='word_1_99' title='bbox 1166 1435 1233 1484; x_wconf 88' lang='lat' dir='ltr'>non</span> <span class='ocrx_word' id='word_1_100' title='bbox 1255 1432 1294 1497; x_wconf 71' lang='grc'>36</span> 
     </span>
     <span class='ocr_line' id='line_1_13' title="bbox 16 1507 1234 1598; baseline 0.009 -23"><span class='ocrx_word' id='word_1_101' title='bbox 16 1507 35 1556; x_wconf 55' lang='lat'>1*</span> <span class='ocrx_word' id='word_1_102' title='bbox 59 1509 213 1579; x_wconf 69' lang='lat' dir='ltr'>demtum</span> <span class='ocrx_word' id='word_1_103' title='bbox 240 1532 307 1591; x_wconf 70' lang='lat' dir='ltr'>ego</span> <span class='ocrx_word' id='word_1_104' title='bbox 335 1514 395 1579; x_wconf 83' lang='lat' dir='ltr'>aba</span> <span class='ocrx_word' id='word_1_105' title='bbox 419 1525 451 1578; x_wconf 88' lang='lat' dir='ltr'>te</span> <span class='ocrx_word' id='word_1_106' title='bbox 470 1512 532 1580; x_wconf 81' lang='lat' dir='ltr'>hae</span> <span class='ocrx_word' id='word_1_107' title='bbox 558 1512 690 1582; x_wconf 82' lang='lat' dir='ltr'>litterae</span> <span class='ocrx_word' id='word_1_108' title='bbox 712 1536 873 1598; x_wconf 77' lang='lat' dir='ltr'>poscere:</span> <span class='ocrx_word' id='word_1_109' title='bbox 905 1539 961 1586; x_wconf 90' lang='lat' dir='ltr'>me</span> <span class='ocrx_word' id='word_1_110' title='bbox 980 1523 1072 1586; x_wconf 91' lang='lat' dir='ltr'>enim</span> <span class='ocrx_word' id='word_1_111' title='bbox 1089 1520 1234 1586; x_wconf 72' lang='lat' dir='ltr'>vtalmlae</span> 
     </span>
     <span class='ocr_line' id='line_1_14' title="bbox 27 1611 1234 1700; baseline 0.008 -24"><span class='ocrx_word' id='word_1_112' title='bbox 27 1639 30 1645; x_wconf 59' lang='lat'><strong><em>¹</em></strong></span> <span class='ocrx_word' id='word_1_113' title='bbox 62 1622 133 1696; x_wconf 72' lang='lat' dir='ltr'>tuae</span> <span class='ocrx_word' id='word_1_114' title='bbox 150 1611 279 1681; x_wconf 58' lang='lat' dir='ltr'>habere*</span> <span class='ocrx_word' id='word_1_115' title='bbox 298 1625 331 1679; x_wconf 90' lang='lat' dir='ltr'>et</span> <span class='ocrx_word' id='word_1_116' title='bbox 351 1616 509 1696; x_wconf 84' lang='lat' dir='ltr'>proferre</span> <span class='ocrx_word' id='word_1_117' title='bbox 531 1618 723 1697; x_wconf 84' lang='lat' dir='ltr'>oportebat.</span> <span class='ocrx_word' id='word_1_118' title='bbox 779 1619 906 1685; x_wconf 79' lang='lat' dir='ltr'>Verum</span> <span class='ocrx_word' id='word_1_119' title='bbox 929 1628 1034 1700; x_wconf 75' lang='lat' dir='ltr'>negas</span> <span class='ocrx_word' id='word_1_120' title='bbox 1055 1633 1088 1687; x_wconf 90' lang='lat' dir='ltr'>te</span> <span class='ocrx_word' id='word_1_121' title='bbox 1109 1620 1234 1686; x_wconf 92' lang='lat' dir='ltr'>horum</span> 
     </span>
     <span class='ocr_line' id='line_1_15' title="bbox 16 1685 1235 1804; baseline 0.01 -27"><span class='ocrx_word' id='word_1_122' title='bbox 16 1685 47 1740; x_wconf 39' lang='grc' dir='ltr'><em>Ψ</em></span> <span class='ocrx_word' id='word_1_123' title='bbox 61 1734 220 1782; x_wconf 83' lang='lat' dir='ltr'>armornm</span> <span class='ocrx_word' id='word_1_124' title='bbox 244 1714 374 1799; x_wconf 81' lang='lat' dir='ltr'>aliquot</span> <span class='ocrx_word' id='word_1_125' title='bbox 394 1715 597 1788; x_wconf 73' lang='lat' dir='ltr'>eorifeoi&#39;nse.</span> <span class='ocrx_word' id='word_1_126' title='bbox 650 1719 827 1801; x_wconf 81' lang='lat' dir='ltr'>Campona</span> <span class='ocrx_word' id='word_1_127' title='bbox 849 1720 934 1797; x_wconf 84' lang='lat' dir='ltr'>lioo,</span> <span class='ocrx_word' id='word_1_128' title='bbox 966 1722 1057 1803; x_wconf 87' lang='lat' dir='ltr'>quod</span> <span class='ocrx_word' id='word_1_129' title='bbox 1079 1722 1235 1804; x_wconf 83' lang='lat' dir='ltr'>postulo&#39;,</span> 
     </span>
     <span class='ocr_line' id='line_1_16' title="bbox 16 1806 1236 1912; baseline 0.007 -31"><span class='ocrx_word' id='word_1_130' title='bbox 16 1806 30 1912; x_wconf 55' lang='grc' dir='ltr'>ζ’</span> <span class='ocrx_word' id='word_1_131' title='bbox 61 1814 99 1882; x_wconf 82' lang='lat' dir='ltr'>de</span> <span class='ocrx_word' id='word_1_132' title='bbox 118 1829 279 1898; x_wconf 63' lang='lat' dir='ltr'>argentm</span> <span class='ocrx_word' id='word_1_133' title='bbox 311 1818 353 1884; x_wconf 89' lang='lat' dir='ltr'>de</span> <span class='ocrx_word' id='word_1_134' title='bbox 374 1817 504 1900; x_wconf 82' lang='lat' dir='ltr'>reliquo</span> <span class='ocrx_word' id='word_1_135' title='bbox 527 1818 659 1886; x_wconf 85' lang='lat' dir='ltr'>videro.</span> <span class='ocrx_word' id='word_1_136' title='bbox 699 1818 778 1889; x_wconf 86' lang='lat' dir='ltr'>Nec</span> <span class='ocrx_word' id='word_1_137' title='bbox 810 1822 989 1912; x_wconf 78' lang='lat' dir='ltr'>scriptum</span> <span class='ocrx_word' id='word_1_138' title='bbox 1011 1821 1144 1908; x_wconf 74' lang='lat' dir='ltr'>liabeo,</span> <span class='ocrx_word' id='word_1_139' title='bbox 1172 1823 1236 1890; x_wconf 82' lang='lat' dir='ltr'>nee</span> 
     </span>
     <span class='ocr_line' id='line_1_17' title="bbox 16 1919 1234 2021; baseline 0.008 -37"><span class='ocrx_word' id='word_1_140' title='bbox 16 1919 335 2007; x_wconf 64' lang='lat' dir='ltr'>gdpossumealere.</span> <span class='ocrx_word' id='word_1_141' title='bbox 378 1919 471 2009; x_wconf 79' lang='lat' dir='ltr'>Quid</span> <span class='ocrx_word' id='word_1_142' title='bbox 492 1920 647 1988; x_wconf 82' lang='lat' dir='ltr'>futurum</span> <span class='ocrx_word' id='word_1_143' title='bbox 669 1922 875 2001; x_wconf 70' lang='lat' dir='ltr'>igiturest?</span> <span class='ocrx_word' id='word_1_144' title='bbox 916 1923 1025 2021; x_wconf 67' lang='lat' dir='ltr'>Quill,</span> <span class='ocrx_word' id='word_1_145' title='bbox 1058 1927 1234 1994; x_wconf 77' lang='lat' dir='ltr'>existimas</span> 
     </span>
     <span class='ocr_line' id='line_1_18' title="bbox 63 2017 1234 2107; baseline 0.008 -23"><span class='ocrx_word' id='word_1_146' title='bbox 63 2017 123 2086; x_wconf 84' lang='lat' dir='ltr'>hou</span> <span class='ocrx_word' id='word_1_147' title='bbox 141 2021 270 2088; x_wconf 79' lang='lat' dir='ltr'>iudices</span> <span class='ocrx_word' id='word_1_148' title='bbox 293 2020 407 2088; x_wconf 82' lang='lat' dir='ltr'>facere</span> <span class='ocrx_word' id='word_1_149' title='bbox 428 2023 558 2105; x_wconf 79' lang='lat' dir='ltr'>posset</span> <span class='ocrx_word' id='word_1_150' title='bbox 592 2025 727 2090; x_wconf 82' lang='lat' dir='ltr'>Domus</span> <span class='ocrx_word' id='word_1_151' title='bbox 754 2022 852 2106; x_wconf 83' lang='lat' dir='ltr'>plena</span> <span class='ocrx_word' id='word_1_152' title='bbox 874 2026 1050 2105; x_wconf 82' lang='lat' dir='ltr'>signorum</span> <span class='ocrx_word' id='word_1_153' title='bbox 1074 2026 1234 2107; x_wconf 82' lang='lat' dir='ltr'>pulcher·</span> 
     </span>
     <span class='ocr_line' id='line_1_19' title="bbox 63 2122 1234 2208; baseline 0.007 -22"><span class='ocrx_word' id='word_1_154' title='bbox 63 2122 218 2191; x_wconf 86' lang='lat' dir='ltr'>rimorum</span> <span class='ocrx_word' id='word_1_155' title='bbox 248 2124 315 2189; x_wconf 90' lang='lat' dir='ltr'>iam</span> <span class='ocrx_word' id='word_1_156' title='bbox 342 2137 421 2190; x_wconf 81' lang='lat' dir='ltr'>ante</span> <span class='ocrx_word' id='word_1_157' title='bbox 442 2125 655 2207; x_wconf 85' lang='lat' dir='ltr'>praeturamt</span> <span class='ocrx_word' id='word_1_158' title='bbox 691 2125 799 2192; x_wconf 87' lang='lat' dir='ltr'>multa</span> <span class='ocrx_word' id='word_1_159' title='bbox 820 2126 862 2191; x_wconf 90' lang='lat' dir='ltr'>ad</span> <span class='ocrx_word' id='word_1_160' title='bbox 884 2125 982 2193; x_wconf 80' lang='lat' dir='ltr'>uillas</span> <span class='ocrx_word' id='word_1_161' title='bbox 1006 2139 1081 2194; x_wconf 78' lang='lat' dir='ltr'>tuae</span> <span class='ocrx_word' id='word_1_162' title='bbox 1104 2129 1234 2208; x_wconf 77' lang='lat' dir='ltr'>potita,</span> 
     </span>
     <span class='ocr_line' id='line_1_20' title="bbox 65 2221 1234 2308; baseline 0.005 -21"><span class='ocrx_word' id='word_1_163' title='bbox 65 2221 164 2289; x_wconf 87' lang='lat' dir='ltr'>multa</span> <span class='ocrx_word' id='word_1_164' title='bbox 182 2226 337 2308; x_wconf 78' lang='lat' dir='ltr'>deposita</span> <span class='ocrx_word' id='word_1_165' title='bbox 358 2226 449 2307; x_wconf 84' lang='lat' dir='ltr'>opud</span> <span class='ocrx_word' id='word_1_166' title='bbox 469 2228 618 2303; x_wconf 80' lang='lat' dir='ltr'>amieos,</span> <span class='ocrx_word' id='word_1_167' title='bbox 652 2226 759 2294; x_wconf 89' lang='lat' dir='ltr'>multa</span> <span class='ocrx_word' id='word_1_168' title='bbox 780 2225 853 2293; x_wconf 87' lang='lat' dir='ltr'>aliis</span> <span class='ocrx_word' id='word_1_169' title='bbox 875 2226 954 2292; x_wconf 85' lang='lat' dir='ltr'>data</span> <span class='ocrx_word' id='word_1_170' title='bbox 975 2239 1075 2308; x_wconf 88' lang='lat' dir='ltr'>atque</span> <span class='ocrx_word' id='word_1_171' title='bbox 1092 2228 1234 2294; x_wconf 85' lang='lat' dir='ltr'>donata:</span> 
     </span>
     <span class='ocr_line' id='line_1_21' title="bbox 64 2324 1234 2408; baseline 0.006 -20"><span class='ocrx_word' id='word_1_172' title='bbox 64 2324 187 2391; x_wconf 78' lang='lat' dir='ltr'>tabulae</span> <span class='ocrx_word' id='word_1_173' title='bbox 206 2325 340 2393; x_wconf 86' lang='lat' dir='ltr'>nullum</span> <span class='ocrx_word' id='word_1_174' title='bbox 362 2327 516 2393; x_wconf 88' lang='lat' dir='ltr'>imlicant</span> <span class='ocrx_word' id='word_1_175' title='bbox 535 2338 701 2408; x_wconf 80' lang='lat' dir='ltr'>emptum.</span> <span class='ocrx_word' id='word_1_176' title='bbox 749 2328 859 2395; x_wconf 89' lang='lat' dir='ltr'>Omne</span> <span class='ocrx_word' id='word_1_177' title='bbox 881 2340 1061 2406; x_wconf 81' lang='lat' dir='ltr'>argentum</span> <span class='ocrx_word' id='word_1_178' title='bbox 1084 2328 1234 2395; x_wconf 80' lang='lat' dir='ltr'>ablatum</span> 
     </span>
     <span class='ocr_line' id='line_1_22' title="bbox 62 2428 1236 2511; baseline 0.003 -20"><span class='ocrx_word' id='word_1_179' title='bbox 62 2445 101 2492; x_wconf 87' lang='lat' dir='ltr'>ex</span> <span class='ocrx_word' id='word_1_180' title='bbox 125 2428 235 2497; x_wconf 86' lang='lat' dir='ltr'>Sicilia</span> <span class='ocrx_word' id='word_1_181' title='bbox 258 2447 330 2509; x_wconf 74' lang='lat' dir='ltr'>est3</span> <span class='ocrx_word' id='word_1_182' title='bbox 359 2429 443 2496; x_wconf 88' lang='lat' dir='ltr'>nihil</span> <span class='ocrx_word' id='word_1_183' title='bbox 465 2430 643 2511; x_wconf 77' lang='lat' dir='ltr'>quiquam,</span> <span class='ocrx_word' id='word_1_184' title='bbox 674 2428 763 2510; x_wconf 88' lang='lat' dir='ltr'>quod</span> <span class='ocrx_word' id='word_1_185' title='bbox 791 2449 891 2495; x_wconf 83' lang='lat' dir='ltr'>suum</span> <span class='ocrx_word' id='word_1_186' title='bbox 915 2428 1126 2506; x_wconf 82' lang='lat' dir='ltr'>diei-vellet,</span> <span class='ocrx_word' id='word_1_187' title='bbox 1159 2428 1236 2495; x_wconf 82' lang='lat' dir='ltr'>reli-</span> 
     </span>
     <span class='ocr_line' id='line_1_23' title="bbox 16 2530 1236 2613; baseline 0.007 -22"><span class='ocrx_word' id='word_1_188' title='bbox 16 2573 18 2578; x_wconf 76' lang='lat'><em>·</em></span> <span class='ocrx_word' id='word_1_189' title='bbox 61 2538 161 2595; x_wconf 86' lang='lat' dir='ltr'>etum:</span> <span class='ocrx_word' id='word_1_190' title='bbox 182 2530 324 2609; x_wconf 77' lang='lat' dir='ltr'>lingitur</span> <span class='ocrx_word' id='word_1_191' title='bbox 345 2531 500 2612; x_wconf 80' lang='lat' dir='ltr'>improbo</span> <span class='ocrx_word' id='word_1_192' title='bbox 522 2531 693 2609; x_wconf 81' lang='lat' dir='ltr'>defensio,</span> <span class='ocrx_word' id='word_1_193' title='bbox 714 2542 910 2611; x_wconf 88' lang='lat' dir='ltr'>praetorem</span> <span class='ocrx_word' id='word_1_194' title='bbox 932 2553 1034 2597; x_wconf 89' lang='lat' dir='ltr'>omne</span> <span class='ocrx_word' id='word_1_195' title='bbox 1054 2530 1090 2597; x_wconf 91' lang='lat' dir='ltr'>id</span> <span class='ocrx_word' id='word_1_196' title='bbox 1111 2545 1236 2613; x_wconf 63' lang='lat' dir='ltr'>argeass</span> 
     </span>
     <span class='ocr_line' id='line_1_24' title="bbox 62 2619 1236 2716; baseline 0.007 -23"><span class='ocrx_word' id='word_1_197' title='bbox 62 2639 125 2696; x_wconf 91' lang='lat' dir='ltr'>tum</span> <span class='ocrx_word' id='word_1_198' title='bbox 146 2619 339 2711; x_wconf 69' lang='lat' dir='ltr'>coemisse3</span> <span class='ocrx_word' id='word_1_199' title='bbox 370 2646 477 2698; x_wconf 88' lang='lat' dir='ltr'>tamen</span> <span class='ocrx_word' id='word_1_200' title='bbox 499 2632 533 2699; x_wconf 87' lang='lat' dir='ltr'>id</span> <span class='ocrx_word' id='word_1_201' title='bbox 554 2635 665 2714; x_wconf 88' lang='lat' dir='ltr'>ipsum</span> <span class='ocrx_word' id='word_1_202' title='bbox 690 2632 812 2698; x_wconf 83' lang='lat' dir='ltr'>tabulis</span> <span class='ocrx_word' id='word_1_203' title='bbox 834 2630 1061 2701; x_wconf 84' lang='lat' dir='ltr'>demonstrari</span> <span class='ocrx_word' id='word_1_204' title='bbox 1083 2657 1151 2700; x_wconf 90' lang='lat' dir='ltr'>non</span> <span class='ocrx_word' id='word_1_205' title='bbox 1169 2635 1236 2716; x_wconf 79' lang='lat' dir='ltr'>&#39;po-</span> 
     </span>
     <span class='ocr_line' id='line_1_25' title="bbox 62 2734 1235 2818; baseline 0.008 -23"><span class='ocrx_word' id='word_1_206' title='bbox 62 2744 131 2799; x_wconf 82' lang='lat' dir='ltr'>test.</span> <span class='ocrx_word' id='word_1_207' title='bbox 171 2735 206 2802; x_wconf 89' lang='lat' dir='ltr'>Si</span> <span class='ocrx_word' id='word_1_208' title='bbox 230 2756 316 2817; x_wconf 84' lang='lat' dir='ltr'>quas</span> <span class='ocrx_word' id='word_1_209' title='bbox 339 2734 470 2803; x_wconf 80' lang='lat' dir='ltr'>tabulas</span> <span class='ocrx_word' id='word_1_210' title='bbox 489 2736 644 2818; x_wconf 83' lang='lat' dir='ltr'>profers,</span> <span class='ocrx_word' id='word_1_211' title='bbox 666 2736 700 2801; x_wconf 88' lang='lat' dir='ltr'>in</span> <span class='ocrx_word' id='word_1_212' title='bbox 722 2735 792 2812; x_wconf 87' lang='lat' dir='ltr'>his,</span> <span class='ocrx_word' id='word_1_213' title='bbox 813 2757 900 2816; x_wconf 90' lang='lat' dir='ltr'>quae</span> <span class='ocrx_word' id='word_1_214' title='bbox 915 2736 1037 2814; x_wconf 87' lang='lat' dir='ltr'>habes,</span> <span class='ocrx_word' id='word_1_215' title='bbox 1060 2738 1235 2818; x_wconf 86' lang='lat' dir='ltr'>quomodo</span> 
     </span>
     <span class='ocr_line' id='line_1_26' title="bbox 60 2829 1234 2918; baseline 0.006 -21"><span class='ocrx_word' id='word_1_216' title='bbox 60 2829 194 2915; x_wconf 75' lang='lat' dir='ltr'>helena,</span> <span class='ocrx_word' id='word_1_217' title='bbox 228 2837 398 2918; x_wconf 84' lang='lat' dir='ltr'>seriptum</span> <span class='ocrx_word' id='word_1_218' title='bbox 427 2849 586 2912; x_wconf 84' lang='lat' dir='ltr'>nonest,</span> <span class='ocrx_word' id='word_1_219' title='bbox 620 2836 745 2902; x_wconf 86' lang='lat' dir='ltr'>horum</span> <span class='ocrx_word' id='word_1_220' title='bbox 767 2838 882 2902; x_wconf 84' lang='lat' dir='ltr'>autem</span> <span class='ocrx_word' id='word_1_221' title='bbox 905 2850 1119 2918; x_wconf 87' lang='lat' dir='ltr'>temporum,</span> <span class='ocrx_word' id='word_1_222' title='bbox 1148 2853 1234 2904; x_wconf 74' lang='lat' dir='ltr'>&#39;oum</span> 
     </span>
     <span class='ocr_line' id='line_1_27' title="bbox 61 2936 1234 3023; baseline 0.003 -23"><span class='ocrx_word' id='word_1_223' title='bbox 61 2945 89 3000; x_wconf 87' lang='lat' dir='ltr'>te</span> <span class='ocrx_word' id='word_1_224' title='bbox 106 2937 273 3019; x_wconf 82' lang='lat' dir='ltr'>plurimae</span> <span class='ocrx_word' id='word_1_225' title='bbox 296 2958 348 3004; x_wconf 81' lang='lat' dir='ltr'>rea</span> <span class='ocrx_word' id='word_1_226' title='bbox 369 2939 492 3006; x_wconf 77' lang='lat' dir='ltr'>emitae</span> <span class='ocrx_word' id='word_1_227' title='bbox 514 2938 618 3017; x_wconf 84' lang='lat' dir='ltr'>diois,</span> <span class='ocrx_word' id='word_1_228' title='bbox 640 2938 770 3006; x_wconf 84' lang='lat' dir='ltr'>tabula-s</span> <span class='ocrx_word' id='word_1_229' title='bbox 791 2938 931 3004; x_wconf 76' lang='lat' dir='ltr'>ortamno</span> <span class='ocrx_word' id='word_1_230' title='bbox 947 2936 1063 3003; x_wconf 83' lang='lat' dir='ltr'>nullas</span> <span class='ocrx_word' id='word_1_231' title='bbox 1084 2938 1234 3023; x_wconf 86' lang='lat' dir='ltr'>profers,</span> 
     </span>
    </p>
   </div>
   <div class='ocr_carea' id='block_1_3' title="bbox 61 3096 280 3113">
    <p class='ocr_par' dir='ltr' id='par_1_3' title="bbox 61 3096 280 3113">
     <span class='ocr_line' id='line_1_28' title="bbox 61 3096 280 3113; baseline -0.005 0"><span class='ocrx_word' id='word_1_232' title='bbox 61 3096 280 3113; x_wconf 54' lang='lat' dir='ltr'>⁸⁸¹——q--u-u</span> 
     </span>
    </p>
   </div>
   <div class='ocr_carea' id='block_1_4' title="bbox 17 3225 1236 3378">
    <p class='ocr_par' dir='ltr' id='par_1_4' title="bbox 17 3225 1236 3378">
     <span class='ocr_line' id='line_1_29' title="bbox 17 3225 1235 3292; baseline -0.001 -14"><span class='ocrx_word' id='word_1_233' title='bbox 17 3289 18 3292; x_wconf 8' lang='grc' dir='ltr'><strong>Ἴ</strong></span> <span class='ocrx_word' id='word_1_234' title='bbox 60 3234 124 3282; x_wconf 88' lang='lat' dir='ltr'>aedili</span> <span class='ocrx_word' id='word_1_235' title='bbox 145 3235 307 3292; x_wconf 72' lang='lat' dir='ltr'>histrionem,</span> <span class='ocrx_word' id='word_1_236' title='bbox 340 3234 379 3279; x_wconf 89' lang='lat' dir='ltr'>cui</span> <span class='ocrx_word' id='word_1_237' title='bbox 403 3232 519 3290; x_wconf 79' lang='lat' dir='ltr'>favebat,</span> <span class='ocrx_word' id='word_1_238' title='bbox 549 3234 580 3277; x_wconf 87' lang='lat' dir='ltr'>de</span> <span class='ocrx_word' id='word_1_239' title='bbox 601 3245 646 3278; x_wconf 82' lang='lat' dir='ltr'>eoa</span> <span class='ocrx_word' id='word_1_240' title='bbox 665 3229 768 3291; x_wconf 80' lang='lat' dir='ltr'>perunia‘</span> <span class='ocrx_word' id='word_1_241' title='bbox 790 3229 885 3276; x_wconf 84' lang='lat' dir='ltr'>maiore</span> <span class='ocrx_word' id='word_1_242' title='bbox 907 3229 992 3291; x_wconf 86' lang='lat' dir='ltr'>aliquo</span> <span class='ocrx_word' id='word_1_243' title='bbox 1016 3231 1109 3291; x_wconf 83' lang='lat' dir='ltr'>poculo</span> <span class='ocrx_word' id='word_1_244' title='bbox 1130 3225 1235 3284; x_wconf 79' lang='lat' dir='ltr'>donare.</span> 
     </span>
     <span class='ocr_line' id='line_1_30' title="bbox 58 3313 1236 3378; baseline 0 -17"><span class='ocrx_word' id='word_1_245' title='bbox 58 3317 90 3363; x_wconf 77' lang='lat' dir='ltr'>ito</span> <span class='ocrx_word' id='word_1_246' title='bbox 103 3326 181 3367; x_wconf 68' lang='lat' dir='ltr'>nmen</span> <span class='ocrx_word' id='word_1_247' title='bbox 199 3327 230 3367; x_wconf 85' lang='lat' dir='ltr'>ut</span> <span class='ocrx_word' id='word_1_248' title='bbox 251 3320 275 3365; x_wconf 92' lang='lat' dir='ltr'>in</span> <span class='ocrx_word' id='word_1_249' title='bbox 300 3317 482 3378; x_wconf 75' lang='lat' dir='ltr'>proclamandis</span> <span class='ocrx_word' id='word_1_250' title='bbox 502 3315 619 3361; x_wconf 79' lang='lat' dir='ltr'>eiusmodi</span> <span class='ocrx_word' id='word_1_251' title='bbox 637 3314 752 3375; x_wconf 74' lang='lat' dir='ltr'>praemiii</span> <span class='ocrx_word' id='word_1_252' title='bbox 770 3313 868 3361; x_wconf 84' lang='lat' dir='ltr'>tenuior</span> <span class='ocrx_word' id='word_1_253' title='bbox 883 3314 940 3374; x_wconf 81' lang='lat' dir='ltr'>ipso</span> <span class='ocrx_word' id='word_1_254' title='bbox 958 3315 1018 3362; x_wconf 88' lang='lat' dir='ltr'>doni</span> <span class='ocrx_word' id='word_1_255' title='bbox 1033 3316 1144 3375; x_wconf 82' lang='lat' dir='ltr'>pondere</span> <span class='ocrx_word' id='word_1_256' title='bbox 1161 3314 1236 3361; x_wconf 79' lang='lat' dir='ltr'>aeeti-</span> 
     </span>
    </p>
   </div>
   <div class='ocr_carea' id='block_1_5' title="bbox 56 3404 300 3452">
    <p class='ocr_par' dir='ltr' id='par_1_5' title="bbox 56 3404 300 3452">
     <span class='ocr_line' id='line_1_31' title="bbox 56 3404 300 3452; baseline -0.008 -2"><span class='ocrx_word' id='word_1_257' title='bbox 56 3404 126 3452; x_wconf 77' lang='lat' dir='ltr'>mtto</span> <span class='ocrx_word' id='word_1_258' title='bbox 142 3405 300 3451; x_wconf 76' lang='lat' dir='ltr'>recitaretur.</span> 
     </span>
    </p>
   </div>
   <div class='ocr_carea' id='block_1_6' title="bbox 55 3506 1322 4321">
    <p class='ocr_par' dir='ltr' id='par_1_6' title="bbox 55 3506 1322 4321">
     <span class='ocr_line' id='line_1_32' title="bbox 116 3506 1236 3573; baseline -0.003 -15"><span class='ocrx_word' id='word_1_259' title='bbox 116 3510 184 3573; x_wconf 62' lang='lat'>586.</span> <span class='ocrx_word' id='word_1_260' title='bbox 203 3510 315 3570; x_wconf 80' lang='lat' dir='ltr'>aliquot]</span> <span class='ocrx_word' id='word_1_261' title='bbox 336 3509 447 3573; x_wconf 72' lang='lat' dir='ltr'>„linium</span> <span class='ocrx_word' id='word_1_262' title='bbox 465 3507 561 3569; x_wconf 82' lang='lat' dir='ltr'>aliquot</span> <span class='ocrx_word' id='word_1_263' title='bbox 578 3506 764 3568; x_wconf 85' lang='lat' dir='ltr'>proximorum,</span> <span class='ocrx_word' id='word_1_264' title='bbox 782 3506 802 3553; x_wconf 85' lang='lat' dir='ltr'>si</span> <span class='ocrx_word' id='word_1_265' title='bbox 820 3506 851 3552; x_wconf 85' lang='lat' dir='ltr'>ab</span> <span class='ocrx_word' id='word_1_266' title='bbox 869 3507 917 3553; x_wconf 86' lang='lat' dir='ltr'>hoc</span> <span class='ocrx_word' id='word_1_267' title='bbox 928 3514 1039 3566; x_wconf 82' lang='lat' dir='ltr'>tempore</span> <span class='ocrx_word' id='word_1_268' title='bbox 1051 3507 1236 3568; x_wconf 84' lang='lat' dir='ltr'>(regrediendo)</span> 
     </span>
     <span class='ocr_line' id='line_1_33' title="bbox 56 3590 1237 3652; baseline -0.002 -13"><span class='ocrx_word' id='word_1_269' title='bbox 56 3590 239 3641; x_wconf 74' lang='lat' dir='ltr'>nnmerumua.“</span> <span class='ocrx_word' id='word_1_270' title='bbox 273 3594 397 3652; x_wconf 76' lang='lat' dir='ltr'>Zumptiue</span> <span class='ocrx_word' id='word_1_271' title='bbox 415 3607 430 3637; x_wconf 89' lang='lat' dir='ltr'>e</span> <span class='ocrx_word' id='word_1_272' title='bbox 448 3591 527 3639; x_wconf 89' lang='lat' dir='ltr'>Codd.</span> <span class='ocrx_word' id='word_1_273' title='bbox 544 3591 629 3650; x_wconf 82' lang='lat' dir='ltr'>Steph.</span> <span class='ocrx_word' id='word_1_274' title='bbox 648 3591 739 3636; x_wconf 83' lang='lat' dir='ltr'>Gueld&#39;.</span> <span class='ocrx_word' id='word_1_275' title='bbox 765 3592 870 3649; x_wconf 77' lang='lat' dir='ltr'>aliquid,</span> <span class='ocrx_word' id='word_1_276' title='bbox 897 3597 977 3637; x_wconf 88' lang='lat' dir='ltr'>ortum</span> <span class='ocrx_word' id='word_1_277' title='bbox 1001 3604 1035 3636; x_wconf 76' lang='lat' dir='ltr'>ex</span> <span class='ocrx_word' id='word_1_278' title='bbox 1061 3591 1133 3651; x_wconf 80' lang='lat' dir='ltr'>Regii</span> <span class='ocrx_word' id='word_1_279' title='bbox 1152 3606 1237 3638; x_wconf 83' lang='lat' dir='ltr'>errore</span> 
     </span>
     <span class='ocr_line' id='line_1_34' title="bbox 55 3663 1239 3738; baseline -0.004 -15"><span class='ocrx_word' id='word_1_280' title='bbox 55 3680 140 3738; x_wconf 81' lang='lat' dir='ltr'>aliquit.</span> <span class='ocrx_word' id='word_1_281' title='bbox 170 3680 268 3725; x_wconf 81' lang='lat' dir='ltr'>Verum</span> <span class='ocrx_word' id='word_1_282' title='bbox 286 3676 448 3737; x_wconf 77' lang='lat' dir='ltr'>requireretur</span> <span class='ocrx_word' id='word_1_283' title='bbox 466 3677 599 3733; x_wconf 76' lang='lat' dir='ltr'>quidquam.</span> <span class='ocrx_word' id='word_1_284' title='bbox 618 3663 669 3721; x_wconf 79' lang='lat' dir='ltr'>Cir.</span> <span class='ocrx_word' id='word_1_285' title='bbox 688 3673 880 3734; x_wconf 45' lang='lat' dir='ltr'>Mutugenna.</span> <span class='ocrx_word' id='word_1_286' title='bbox 899 3675 969 3720; x_wconf 88' lang='lat' dir='ltr'>Verr.</span> <span class='ocrx_word' id='word_1_287' title='bbox 982 3675 1016 3720; x_wconf 93' lang='lat' dir='ltr'>Il.</span> <span class='ocrx_word' id='word_1_288' title='bbox 1035 3689 1060 3733; x_wconf 89' lang='lat' dir='ltr'>p.</span> <span class='ocrx_word' id='word_1_289' title='bbox 1076 3676 1116 3721; x_wconf 63' lang='lat'>174</span> <span class='ocrx_word' id='word_1_290' title='bbox 1127 3699 1161 3712; x_wconf 94' lang='lat'>-</span> <span class='ocrx_word' id='word_1_291' title='bbox 1173 3676 1239 3733; x_wconf 74' lang='lat' dir='ltr'>quid,</span> 
     </span>
     <span class='ocr_line' id='line_1_35' title="bbox 56 3757 1237 3820; baseline -0.004 -12"><span class='ocrx_word' id='word_1_292' title='bbox 56 3764 170 3808; x_wconf 61' lang='lat' dir='ltr'>cristianae</span> <span class='ocrx_word' id='word_1_293' title='bbox 188 3761 247 3820; x_wconf 75' lang='lat' dir='ltr'>troc]</span> <span class='ocrx_word' id='word_1_294' title='bbox 266 3761 327 3820; x_wconf 79' lang='lat' dir='ltr'>Reg.</span> <span class='ocrx_word' id='word_1_295' title='bbox 345 3760 399 3818; x_wconf 85' lang='lat' dir='ltr'>(liic</span> <span class='ocrx_word' id='word_1_296' title='bbox 417 3757 548 3817; x_wconf 66' lang='lat' dir='ltr'>existimes)</span> <span class='ocrx_word' id='word_1_297' title='bbox 566 3757 632 3803; x_wconf 82' lang='lat' dir='ltr'>Laid.</span> <span class='ocrx_word' id='word_1_298' title='bbox 651 3757 775 3802; x_wconf 82' lang='lat' dir='ltr'>Sententia</span> <span class='ocrx_word' id='word_1_299' title='bbox 794 3765 843 3804; x_wconf 75' lang='lat' dir='ltr'>eote</span> <span class='ocrx_word' id='word_1_300' title='bbox 867 3758 962 3819; x_wconf 79' lang='lat' dir='ltr'>„quint</span> <span class='ocrx_word' id='word_1_301' title='bbox 979 3757 1106 3803; x_wconf 75' lang='lat' dir='ltr'>existiman</span> <span class='ocrx_word' id='word_1_302' title='bbox 1123 3758 1237 3812; x_wconf 82' lang='lat' dir='ltr'>fortasse,</span> 
     </span>
     <span class='ocr_line' id='line_1_36' title="bbox 55 3837 1238 3903; baseline -0.008 -11"><span class='ocrx_word' id='word_1_303' title='bbox 55 3849 79 3888; x_wconf 83' lang='lat' dir='ltr'>tn</span> <span class='ocrx_word' id='word_1_304' title='bbox 94 3860 147 3892; x_wconf 88' lang='lat' dir='ltr'>eom</span> <span class='ocrx_word' id='word_1_305' title='bbox 166 3848 245 3892; x_wconf 84' lang='lat' dir='ltr'>edere</span> <span class='ocrx_word' id='word_1_306' title='bbox 262 3857 311 3890; x_wconf 91' lang='lat' dir='ltr'>non</span> <span class='ocrx_word' id='word_1_307' title='bbox 330 3844 423 3903; x_wconf 80' lang='lat' dir='ltr'>poesie,</span> <span class='ocrx_word' id='word_1_308' title='bbox 441 3844 489 3887; x_wconf 85' lang='lat' dir='ltr'>hoe</span> <span class='ocrx_word' id='word_1_309' title='bbox 504 3854 551 3901; x_wconf 82' lang='lat' dir='ltr'>pro</span> <span class='ocrx_word' id='word_1_310' title='bbox 561 3841 678 3887; x_wconf 73' lang='lat' dir='ltr'>refecere</span> <span class='ocrx_word' id='word_1_311' title='bbox 690 3838 782 3885; x_wconf 76' lang='lat' dir='ltr'>indices</span> <span class='ocrx_word' id='word_1_312' title='bbox 796 3839 884 3895; x_wconf 66' lang='lat' dir='ltr'>mosei</span> <span class='ocrx_word' id='word_1_313' title='bbox 902 3837 1020 3883; x_wconf 83' lang='lat' dir='ltr'>Nimirum</span> <span class='ocrx_word' id='word_1_314' title='bbox 1031 3838 1118 3882; x_wconf 77' lang='lat' dir='ltr'>stultae</span> <span class='ocrx_word' id='word_1_315' title='bbox 1129 3837 1238 3882; x_wconf 82' lang='lat' dir='ltr'>ee!“-</span> 
     </span>
     <span class='ocr_line' id='line_1_37' title="bbox 55 3917 1237 3986; baseline -0.005 -15"><span class='ocrx_word' id='word_1_316' title='bbox 55 3928 107 3982; x_wconf 80' lang='lat' dir='ltr'>quid</span> <span class='ocrx_word' id='word_1_317' title='bbox 123 3929 251 3974; x_wconf 66' lang='lat' dir='ltr'>aestuum</span> <span class='ocrx_word' id='word_1_318' title='bbox 268 3930 334 3972; x_wconf 71' lang='lat' dir='ltr'>donee</span> <span class='ocrx_word' id='word_1_319' title='bbox 352 3924 445 3986; x_wconf 77' lang='lat' dir='ltr'>(Sgnll.</span> <span class='ocrx_word' id='word_1_320' title='bbox 465 3926 522 3970; x_wconf 86' lang='lat' dir='ltr'>Em.</span> <span class='ocrx_word' id='word_1_321' title='bbox 540 3927 582 3969; x_wconf 79' lang='lat' dir='ltr'>lene</span> <span class='ocrx_word' id='word_1_322' title='bbox 600 3938 614 3968; x_wconf 85' lang='lat' dir='ltr'>e</span> <span class='ocrx_word' id='word_1_323' title='bbox 632 3923 722 3967; x_wconf 80' lang='lat' dir='ltr'>Guelts.</span> <span class='ocrx_word' id='word_1_324' title='bbox 740 3919 781 3979; x_wconf 90' lang='lat' dir='ltr'>Z.)</span> <span class='ocrx_word' id='word_1_325' title='bbox 792 3917 876 3976; x_wconf 82' lang='lat' dir='ltr'>faeere</span> <span class='ocrx_word' id='word_1_326' title='bbox 892 3923 983 3976; x_wconf 77' lang='lat' dir='ltr'>poree?</span> <span class='ocrx_word' id='word_1_327' title='bbox 1008 3934 1057 3980; x_wconf 77' lang='lat' dir='ltr'>qna</span> <span class='ocrx_word' id='word_1_328' title='bbox 1081 3919 1106 3965; x_wconf 89' lang='lat' dir='ltr'>in</span> <span class='ocrx_word' id='word_1_329' title='bbox 1131 3921 1237 3967; x_wconf 81' lang='lat' dir='ltr'>lectione</span> 
     </span>
     <span class='ocr_line' id='line_1_38' title="bbox 55 4001 1322 4070; baseline -0.006 -16"><span class='ocrx_word' id='word_1_330' title='bbox 55 4016 108 4056; x_wconf 81' lang='lat' dir='ltr'>ante</span> <span class='ocrx_word' id='word_1_331' title='bbox 128 4025 219 4060; x_wconf 77' lang='lat' dir='ltr'>verum</span> <span class='ocrx_word' id='word_1_332' title='bbox 243 4012 341 4056; x_wconf 79' lang='lat' dir='ltr'>taudem</span> <span class='ocrx_word' id='word_1_333' title='bbox 365 4011 474 4070; x_wconf 71' lang='lat' dir='ltr'>agnitam</span> <span class='ocrx_word' id='word_1_334' title='bbox 500 4011 530 4054; x_wconf 90' lang='lat' dir='ltr'>de</span> <span class='ocrx_word' id='word_1_335' title='bbox 547 4009 623 4068; x_wconf 77' lang='lat' dir='ltr'>glosa.</span> <span class='ocrx_word' id='word_1_336' title='bbox 641 4012 778 4065; x_wconf 71' lang='lat' dir='ltr'>suspectum</span> <span class='ocrx_word' id='word_1_337' title='bbox 796 4003 854 4048; x_wconf 83' lang='lat' dir='ltr'>mihi</span> <span class='ocrx_word' id='word_1_338' title='bbox 872 4010 927 4052; x_wconf 80' lang='lat' dir='ltr'>erat</span> <span class='ocrx_word' id='word_1_339' title='bbox 944 4019 967 4051; x_wconf 83' lang='lat' dir='ltr'>v.</span> <span class='ocrx_word' id='word_1_340' title='bbox 986 4004 1080 4050; x_wconf 75' lang='lat' dir='ltr'>indiam.</span> <span class='ocrx_word' id='word_1_341' title='bbox 1115 4001 1237 4063; x_wconf 81' lang='lat' dir='ltr'>Explica·</span> <span class='ocrx_word' id='word_1_342' title='bbox 1318 4051 1322 4054; x_wconf 67' lang='grc'><strong>,</strong></span> 
     </span>
     <span class='ocr_line' id='line_1_39' title="bbox 55 4080 1236 4151; baseline -0.006 -16"><span class='ocrx_word' id='word_1_343' title='bbox 55 4088 122 4137; x_wconf 74' lang='lat' dir='ltr'>hante</span> <span class='ocrx_word' id='word_1_344' title='bbox 140 4093 252 4151; x_wconf 81' lang='lat' dir='ltr'>„fecere</span> <span class='ocrx_word' id='word_1_345' title='bbox 268 4092 336 4138; x_wconf 84' lang='lat' dir='ltr'>aliud</span> <span class='ocrx_word' id='word_1_346' title='bbox 354 4105 426 4150; x_wconf 76' lang='lat' dir='ltr'>poene</span> <span class='ocrx_word' id='word_1_347' title='bbox 443 4103 517 4151; x_wconf 80' lang='lat' dir='ltr'>quam</span> <span class='ocrx_word' id='word_1_348' title='bbox 533 4095 559 4135; x_wconf 89' lang='lat' dir='ltr'>te</span> <span class='ocrx_word' id='word_1_349' title='bbox 576 4090 772 4136; x_wconf 75' lang='lat' dir='ltr'>condemnere.“</span> <span class='ocrx_word' id='word_1_350' title='bbox 781 4113 812 4124; x_wconf 93' lang='lat'>-</span> <span class='ocrx_word' id='word_1_351' title='bbox 824 4089 904 4135; x_wconf 76' lang='lat' dir='ltr'>diota·</span> <span class='ocrx_word' id='word_1_352' title='bbox 913 4110 924 4122; x_wconf 91' lang='lat'><strong>·</strong></span> <span class='ocrx_word' id='word_1_353' title='bbox 930 4080 1041 4148; x_wconf 74' lang='lat' dir='ltr'>profers]</span> <span class='ocrx_word' id='word_1_354' title='bbox 1056 4088 1116 4145; x_wconf 73' lang='lat' dir='ltr'>Reg.</span> <span class='ocrx_word' id='word_1_355' title='bbox 1131 4086 1197 4134; x_wconf 77' lang='lat' dir='ltr'>Leto.</span> <span class='ocrx_word' id='word_1_356' title='bbox 1210 4085 1236 4129; x_wconf 86' lang='grc' dir='ltr'>Ζ.</span> 
     </span>
     <span class='ocr_line' id='line_1_40' title="bbox 55 4168 1236 4234; baseline -0.005 -15"><span class='ocrx_word' id='word_1_357' title='bbox 55 4172 135 4219; x_wconf 71' lang='grc' dir='ltr'>ἀίω·</span> <span class='ocrx_word' id='word_1_358' title='bbox 145 4197 158 4212; x_wconf 87' lang='lat'><strong>·</strong></span> <span class='ocrx_word' id='word_1_359' title='bbox 166 4173 282 4233; x_wconf 64' lang='lat' dir='ltr'>postiae</span> <span class='ocrx_word' id='word_1_360' title='bbox 300 4175 375 4234; x_wconf 73' lang='lat' dir='ltr'>Sgali.</span> <span class='ocrx_word' id='word_1_361' title='bbox 390 4173 452 4220; x_wconf 71' lang='lat' dir='ltr'>Em.</span> <span class='ocrx_word' id='word_1_362' title='bbox 488 4171 517 4216; x_wconf 85' lang='lat' dir='ltr'>lu</span> <span class='ocrx_word' id='word_1_363' title='bbox 535 4174 582 4218; x_wconf 81' lang='lat' dir='ltr'>tina</span> <span class='ocrx_word' id='word_1_364' title='bbox 598 4171 719 4232; x_wconf 68' lang='lat' dir='ltr'>§secutus</span> <span class='ocrx_word' id='word_1_365' title='bbox 736 4185 788 4217; x_wconf 80' lang='lat' dir='ltr'>eum</span> <span class='ocrx_word' id='word_1_366' title='bbox 802 4169 984 4217; x_wconf 73' lang='lat' dir='ltr'>distinctionem</span> <span class='ocrx_word' id='word_1_367' title='bbox 992 4168 1119 4229; x_wconf 71' lang='lat' dir='ltr'>Madvigii.</span> <span class='ocrx_word' id='word_1_368' title='bbox 1134 4191 1166 4206; x_wconf 89' lang='lat'><em>-</em></span> <span class='ocrx_word' id='word_1_369' title='bbox 1179 4179 1236 4224; x_wconf 78' lang='lat' dir='ltr'>quae</span> 
     </span>
     <span class='ocr_line' id='line_1_41' title="bbox 56 4253 884 4321; baseline -0.004 -20"><span class='ocrx_word' id='word_1_370' title='bbox 56 4254 130 4321; x_wconf 78' lang='lat' dir='ltr'>tatu]</span> <span class='ocrx_word' id='word_1_371' title='bbox 148 4257 248 4316; x_wconf 62' lang='lat' dir='ltr'>scripta</span> <span class='ocrx_word' id='word_1_372' title='bbox 263 4263 325 4305; x_wconf 84' lang='lat' dir='ltr'>tunt.</span> <span class='ocrx_word' id='word_1_373' title='bbox 343 4258 369 4303; x_wconf 88' lang='lat' dir='ltr'>Z.</span> <span class='ocrx_word' id='word_1_374' title='bbox 387 4278 422 4293; x_wconf 88' lang='lat'><em>-</em></span> <span class='ocrx_word' id='word_1_375' title='bbox 438 4256 468 4303; x_wconf 77' lang='lat' dir='ltr'>alr</span> <span class='ocrx_word' id='word_1_376' title='bbox 484 4253 586 4317; x_wconf 64' lang='lat' dir='ltr'>Lysone]</span> <span class='ocrx_word' id='word_1_377' title='bbox 605 4255 669 4316; x_wconf 72' lang='lat' dir='ltr'>Reg.</span> <span class='ocrx_word' id='word_1_378' title='bbox 687 4270 701 4301; x_wconf 84' lang='lat' dir='ltr'>u</span> <span class='ocrx_word' id='word_1_379' title='bbox 719 4256 809 4313; x_wconf 76' lang='lat' dir='ltr'>Lysone</span> <span class='ocrx_word' id='word_1_380' title='bbox 826 4254 884 4299; x_wconf 84' lang='lat' dir='ltr'>Em.</span> 
     </span>
    </p>
   </div>
   <div class='ocr_carea' id='block_1_7' title="bbox 0 0 1430 4759">
    <p class='ocr_par' dir='ltr' id='par_1_7' title="bbox 0 0 1430 4759">
     <span class='ocr_line' id='line_1_42' title="bbox 0 0 1430 4759; baseline 0 2"><span class='ocrx_word' id='word_1_381' title='bbox 0 0 1430 4759; x_wconf 95' lang='lat' dir='ltr'> </span> 
     </span>
    </p>
   </div>
  </div>
 </body>
</html>
