2850 4759
159 319 327 392 ORATIO
349 320 436 391 PRO
457 319 578 389 LEGE
599 321 816 402 Msnlus,
847 343 880 389 c.
900 326 941 388 m
955 336 990 391 et
1003 328 1056 390 23.
1145 328 1205 393 us

36 483 299 573 imperatorem,
327 491 368 546 ut
389 477 486 546 niliil
505 479 613 548 aliud
631 481 705 550 nisi
725 480 769 548 de
784 478 887 549 boste
906 503 950 549 nc
967 482 1010 550 de
1026 481 1136 551 laude
1148 506 1205 551 co·

34 584 117 666 qitet.
153 581 294 650 Deinde
319 583 432 649 etiam
460 583 493 651 si
518 582 583 672 qui
613 595 697 651 sunt
717 582 860 675 pudore
888 605 933 651 ac
957 586 1205 671 temperantia

33 684 301 769 moderatiores,
323 696 445 749 tomen
463 704 525 751 eos
540 704 617 777 esse
636 681 747 766 tales,
763 696 919 775 propter
935 684 1206 754 multitudinem

34 787 233 878 cupidorum
254 783 444 852 bantinum
463 804 569 850 nemo
591 784 812 851 arbitratur.
856 784 1010 867 Difficile
1023 800 1077 854 est
1094 787 1203 874 dictu,
1224 793 1263 857 ts

34 887 202 978 Quirites,
233 899 371 977 quanto
400 888 439 952 in
465 885 548 952 odio
578 886 694 953 simus
727 884 830 974 apud
858 888 1011 953 exteras
1037 890 1218 956 nationes*

32 1002 168 1078 propter
189 1011 334 1064 eorum,
355 1008 446 1076 quos
469 986 519 1053 ad
538 1007 601 1053 eas
618 1009 689 1077 per
713 984 781 1055 lios
806 1008 924 1054 annos
943 1010 1025 1054 cum
1049 990 1205 1079 imperio

35 1092 201 1177 misimus,
223 1089 391 1157 libidines
410 1102 447 1156 et
463 1089 634 1155 iniurias.
675 1085 787 1179 Quod
801 1091 898 1155 enim
906 1091 1044 1164 sanum
1061 1093 1205 1180 putatis

37 1190 67 1254 in
82 1189 151 1258 illis
163 1190 277 1258 terris
296 1188 434 1256 nostris
446 1189 725 1270 mnqistratibus
737 1188 965 1276 reliqiosum,
987 1212 1100 1280 quam
1117 1194 1205 1260 ciui·

37 1303 131 1358 tatem
148 1303 337 1374 sanctam,
359 1310 473 1379 quam
489 1287 637 1355 domum
653 1289 748 1355 satis
767 1289 934 1359 clansam
955 1313 999 1359 ae
1022 1295 1205 1361 munitam

29 1394 156 1468 fnisse?
194 1391 308 1459 Urbes
336 1392 415 1457 iam
444 1388 637 1479 locupletes
673 1410 717 1455 ac
747 1392 916 1480 copiosae
946 1396 1203 1482 requiruntur,

35 1493 149 1578 quibus
166 1513 285 1560 causa
309 1491 390 1558 belli
409 1503 573 1580 propter.
586 1491 788 1581 diripiendi
810 1492 1048 1577 cupiditatem
1065 1495 1204 1571 infera·
1283 1516 1287 1523 ’

36 1604 95 1660 tur.
129 1593 301 1662 Libenter
320 1592 412 1660 lraee
427 1614 554 1659 eoram
568 1615 649 1659 cum
663 1591 712 1683 Q.
737 1589 867 1659 Catulo
889 1606 924 1661 et
943 1593 989 1685 Q
1003 1596 1204 1663 Hortensio
1223 1593 1264 1658 66

36 1697 170 1763 summis
195 1708 233 1763 ct
251 1694 471 1762 clarissimis
492 1695 600 1780 uiris,
631 1694 877 1783 disputarern3
905 1707 1082 1763 nonerunt
1106 1699 1204 1771 enim

36 1796 197 1863 sociorum
212 1795 382 1871 uolnera,
403 1793 526 1863 uident
536 1814 668 1869 ‚eorum
681 1797 930 1883 calamitates,
951 1799 1203 1885 querimonias

36 1896 181 1966 audiunt.
226 1894 303 1962 Pro
324 1897 434 1963 sociis
460 1917 524 1964 nos
546 1909 675 1963 contra
694 1895 815 1965 hostes
833 1899 1037 1967 exercitum
1057 1900 1205 1969 mittere

34 1999 171 2082 putatis,
193 2018 246 2065 nn
264 1994 425 2065 bostium
445 1997 682 2065 simulatione
698 2009 828 2066 contra
848 2001 966 2068 socios
982 2012 1093 2089 atque
1109 2000 1204 2067 omi·

39 2099 107 2163 cos?
125 2120 218 2186 quae
235 2098 368 2166 ciuitas
385 2098 491 2165 estin
506 2097 624 2180 Asia,
645 2119 741 2187 quae
755 2121 828 2167 non
844 2099 950 2167 modo
966 2100 1205 2189 imperatoris

38 2207 90 2261 aut
106 2197 234 2283 leqnti,
259 2197 326 2265 sed
343 2197 453 2267 unius
470 2197 608 2265 tribuni
629 2198 790 2268 militum
810 2201 953 2269 animos
978 2222 1023 2266 oo
1048 2201 1204 2291 spiritus

27 2318 148 2388 capere
169 2302 318 2389 possit?

100 2402 232 2471 xxm.
272 2399 418 2491 Quare,
450 2399 564 2471 ctiam
589 2398 758 2486 siquem
784 2398 943 2477 habetis,
971 2403 1036 2492 qui
1060 2401 1204 2474 collatis

38 2499 132 2582 siqnis
152 2504 340 2571 exercitus
369 2501 491 2584 reqios
517 2522 696 2588 superare
718 2521 827 2590 posse
853 2502 1032 2591 videntur,
1068 2517 1202 2592 tamen,

39 2602 98 2668 nisi
111 2606 178 2671 erit
199 2603 315 2689 idem,
337 2603 401 2687 qui
420 2623 458 2669 se
475 2623 500 2671 n
519 2602 687 2690 pecuniis
704 2603 905 2682 sociorum,
927 2607 992 2693 qui
1012 2607 1058 2674 ab
1076 2629 1205 2675 eorum

40 2705 228 2787 coniuqibus
254 2725 300 2770 oc
320 2704 462 2789 liberis,
490 2702 555 2792 qni
574 2703 620 2776 nb
641 2705 871 2777 ornamentis
886 2705 1068 2781 sanorum
1093 2719 1205 2796 atque

39 2805 256 2892 oppidorum,
293 2805 357 2893 qui
390 2805 435 2870 ab
465 2824 559 2870 auro
585 2824 762 2891 panaque
789 2806 895 2886 regia
920 2828 1053 2882 manus
1081 2808 1205 2880 ocrclos
1295 2823 1298 2831 '

40 2907 183 2973 animum
207 2903 375 2971 cohibere
392 2906 528 2995 possit,
549 2927 620 2971 non
648 2906 719 2971 erit
738 2903 907 2981 idoneus,
926 2909 989 2989 qui
1007 2907 1059 2972 ad
1072 2906 1206 2973 bellum

38 3000 233 3072 Asiaticum
253 3007 467 3089 reqiumque
486 3007 670 3071 mittatur.
719 3002 886 3093 Ecquam
905 3009 1051 3093 putatis
1078 3008 1204 3072 ciuita-
1223 3010 1264 3072 67

40 3110 98 3166 tem
112 3120 287 3194 pacatam
297 3109 434 3186 fuisse,
456 3128 551 3194 quae
572 3104 732 3196 locuples
755 3107 827 3172 snb
849 3127 1001 3194 ecquam
1014 3127 1091 3173 esse
1106 3108 1204 3172 loeu-

37 3200 170 3293 picum,
192 3231 288 3298 quae
309 3210 392 3277 istis
405 3219 547 3296 pacata
570 3228 646 3274 csse
669 3206 863 3279 uideatur?
893 3205 973 3272 Ora
998 3205 1203 3290 rrtnritima,

40 3300 201 3394 Quirites,
226 3309 292 3376 Cn.
311 3312 525 3400 Pompeium
546 3331 619 3374 uon
639 3306 757 3375 solum
771 3319 927 3397 propter
950 3307 1007 3372 rei
1027 3306 1206 3372 militaris

39 3402 197 3489 storiam,
217 3412 283 3478 sed
297 3413 409 3477 etiam
421 3423 574 3499 propter
590 3410 706 3475 animi
722 3409 985 3475 continentiam
1000 3407 1203 3496 requisivit.

43 3501 178 3575 Videbat
199 3514 297 3577 enim
309 3523 506 3601 praetores
523 3508 740 3599 locupletari
759 3511 955 3596 quotannis
965 3510 1123 3595 pecunia
1134 3530 1205 3592 pu·

42 3603 134 3686 blica,
148 3626 301 3701 praeter
318 3632 474 3702 pouces,
498 3632 615 3699 nequo
636 3631 696 3677 eos
716 3609 918 3698 quidquam
935 3607 1042 3675 aliud
1058 3608 1207 3696 assequi

42 3704 194 3781 classium
212 3715 375 3797 nomine,
405 3712 479 3779 nisi
501 3723 542 3777 ut
565 3710 792 3778 detrimentis
819 3708 1040 3800 accipiendis
1063 3709 1206 3775 maiore

45 3837 222 3861 Q—

97 3925 108 3987 3
125 3929 165 3976 66.
182 3930 291 3976 libidines
308 3934 331 3974 et
347 3929 457 3987 iniurius]
474 3928 504 3974 E.
523 3928 579 3975 Col.
598 3929 744 3975 iniuriosae
761 3926 802 3974 nt.
820 3928 879 3975 Em.

99 4007 110 4069 6
131 4013 173 4058 66.
189 4016 284 4058 summis
300 4017 324 4057 ct
341 4017 400 4060 cler.
418 4012 477 4056 viris
495 4009 576 4071 tum]
587 3997 621 4057 Β.
635 4013 697 4068 disp.
704 4042 713 4065 ‚
739 4024 759 4056 s.
783 4014 806 4055 et
828 4014 886 4056 tior.
904 4013 962 4056 ciris
978 4010 1036 4056 Em.
1057 4033 1093 4045 -
1114 4011 1154 4068 qsu'
1170 4006 1206 4070 se]

44 4086 107 4136 Pron.
122 4105 145 4138 te
162 4093 195 4155 []
213 4095 336 4141 Benecke.
353 4117 388 4132 ·-
407 4095 448 4150 qn
469 4093 499 4138 ob
523 4107 575 4141 orn.
594 4091 650 4151 son.
667 4091 735 4151 atque
753 4091 846 4154 oppid]
882 4093 939 4140 Hoc
957 4092 1057 4138 incisum
1073 4104 1123 4136 non
1140 4090 1207 4136 inve-

45 4169 97 4217 nitur
112 4176 154 4222 nisi
170 4177 195 4222 in
213 4178 276 4224 cod.
294 4175 445 4223 Coloniensi.
479 4175 556 4222 Abest
575 4175 650 4222 οιίιιιι
666 4175 700 4219 ab
717 4175 747 4219 E.

99 4254 109 4315 5
124 4260 164 4306 bi.
179 4265 301 4316 meteres
319 4260 459 4315 locupletari
464 4256 474 4318 ]
494 4259 523 4304 E.
538 4261 653 4315 poputum
669 4260 802 4303 Romanum
819 4270 865 4309 non
877 4256 1015 4314 locupletari
1025 4253 1084 4299 Em.
1093 4274 1127 4289 -
1138 4262 1208 4306 noque

47 4332 85 4398 nt]
99 4338 126 4386 Ε.
143 4354 213 4402 neque
228 4354 271 4387 nos
288 4341 347 4388 lim.
361 4364 392 4378 -
409 4342 489 4387 omnia
507 4338 565 4402 erro]
583 4339 614 4388 E.
631 4350 679 4386 esre
695 4341 775 4386 omnio
792 4339 850 4384 Bm.
