2850 4759
200 285 259 349 ιιι
487 236 492 247 ’
674 272 911 342 ciceronis

202 438 281 525 quid
304 438 440 506 tandem
463 435 545 504 milri
566 447 656 507 esset
678 435 856 517 optatius?
879 435 955 515 Ego
977 436 1065 501 enim
1089 433 1186 503 malis
1209 437 1379 503 sententiis

143 544 182 607 lb
203 545 290 610 vinci
313 565 381 608 non
403 561 562 626 possum,
586 539 680 606 bonis
703 539 847 604 forsitan
869 538 1018 619 possim,
1041 549 1076 603 et
1093 536 1252 604 libenter.
1296 539 1378 605 llaec

202 642 367 727 populum
392 644 580 709 Romanum
616 641 732 706 videre
760 639 1032 706 animadvertere
1067 639 1235 706 iudicare⁴
1252 640 1377 722 quidam

202 746 347 814 irroleste
368 745 497 810 ferunt.
540 744 723 809 Poteratne
745 742 835 818 lieri,
857 752 985 807 utnon
1006 740 1328 823 perindebomines
1344 741 1377 809 de

203 867 355 931 quoque,
378 857 416 911 ut
438 846 579 928 quisque
602 856 810 919 inereretur,
831 842 1048 910 iudicarent?
1068 844 1115 912 Ut
1133 844 1230 910 enirn
1253 845 1299 911 de
1316 846 1377 911 uni·

203 969 307 1017 verso
335 959 454 1014 senatu
483 944 630 1028 populns
655 947 825 1012 Romanus
848 945 1025 1011 verissime
1054 943 1182 1010 iudicat
1211 945 1318 1013 nuliis
1340 947 1377 1012 rei

204 1049 360 1132 publicae
384 1048 592 1132 temporibus
615 1046 704 1114 bunc
720 1045 873 1114 ordinem
888 1046 1193 1129 firmiorem'atqne
1206 1047 1378 1115 fortiorem

203 1153 330 1219 fuisset·
348 1152 398 1218 sic
419 1150 462 1217 de
484 1172 551 1217 ιιιιο
567 1156 701 1233 qnoque
722 1147 892 1225 nostrin,
914 1159 948 1214 et
968 1148 1129 1224 maxime,
1153 1148 1212 1229 qui
1233 1146 1303 1214 hoc
1316 1147 1376 1215 loco

204 1253 388 1323 sententias
410 1251 573 1329 dicimus,
605 1251 823 1319 sciscitantur
844 1271 980 1331 ornnes,
1011 1261 1114 1315 avent
1134 1249 1279 1326 andire,
1314 1251 1376 1333 quid

204 1354 345 1436 quisque
366 1355 528 1429 senserim
560 1354 607 1420 ita
628 1351 669 1420 de
691 1375 760 1423 nno
789 1372 943 1435 quoque,
975 1363 1206 1434 utquomque
1229 1353 1377 1417 meritum

143 1461 183 1522 td
205 1458 430 1535 arbitrantur,
466 1455 672 1523 existimant.
738 1454 909 1520 Memoria
937 1463 1072 1528 tenent,
1106 1473 1164 1518 me
1192 1452 1377 1518 antediem

204 1553 1378 1638 Xltt.Kalendaslanuariasprincipemreuocandaelibertatisfuisset

206 1680 260 1725 mc
281 1678 326 1724 ex
345 1656 509 1727 Kalendis
538 1656 703 1727 laistrariis
725 1658 767 1729 ad
789 1656 1015 1724 bauc'horam
1037 1654 1237 1735 invigilasse
1261 1656 1309 1720 rei
1327 1676 1378 1736 pu·

205 1757 331 1837 blicae3
352 1757 628 1825 meamdomum
651 1779 813 1843 ineasque
835 1778 934 1825 aures
956 1757 1027 1824 dies
1049 1769 1083 1823 et
1098 1769 1222 1824 noctes
1238 1758 1377 1824 omniun

205 1859 394 1940 praeceptis
416 1858 620 1941 monitisque
645 1863 817 1943 patuiss03
851 1861 933 1926 ineis
960 1858 1100 1940 litteris,
1136 1859 1226 1926 meis
1255 1858 1376 1941 nuntiis,

204 1960 290 2027 ineis
310 1958 604 2031 cohortationibus
626 1982 765 2042 omnes,
802 1963 859 2045 qui
879 1962 1002 2044 ubique
1029 1972 1162 2037 esseut,
1196 1961 1242 2027 ad
1266 1961 1378 2043 patriae

204 2063 411 2145 praesidinm
446 2064 633 2141 exeitat0s;
665 2068 755 2155 ,meis
783 2063 958 2132 sententiis
986 2084 1005 2128 a
1031 2061 1198 2128 Kalendis
1228 2056 1377 2130 lacunariis

205 2187 375 2244 rnrnqnam
399 2164 529 2245 legatos
550 2165 593 2231 ad
614 2167 822 2242 Antonium3
849 2174 985 2244 sernper
1005 2161 1100 2230 illurn
1123 2162 1282 2249 hostem,
1304 2186 1378 2231 senr-

156 2304 160 2311 ·
204 2286 265 2346 per
287 2267 353 2333 boe
374 2265 518 2346 bertum
550 2277 588 2331 nt
609 2286 692 2351 ego,
726 2268 782 2348 qui
803 2265 895 2331 omui
918 2277 1072 2346 tempore
1093 2285 1197 2330 verae
1219 2265 1312 2346 pacis
1330 2284 1379 2328 au·

206 2380 282 2431 ctor
305 2368 466 2446 fuissem,
498 2367 577 2433 huic
605 2388 724 2434 essem,
744 2367 872 2433 nomini
893 2368 1192 2448 pestiferae-pacis
1214 2369 1380 2441 inimicum

145 2467 522 2552 triemitonium,
546 2489 623 2534 cunr
646 2467 700 2535 alii
723 2481 932 2554 praetorem,
955 2470 1128 2536 tribunum
1150 2467 1379 2545 Volusienum,

83 2596 100 2623 ι
206 2590 270 2646 ego
302 2588 438 2648 semper
466 2567 615 2637 hostem.
672 2570 742 2638 llas
770 2572 802 2638 in
832 2572 1015 2639 sententias
1048 2592 1141 2638 ineas
1168 2573 1199 2638 si
1233 2569 1379 2638 consules

207 2668 451 2735 discessionem
463 2670 579 2736 facere
591 2669 797 2749 voluissent,
813 2673 969 2739 omnibus
981 2674 1054 2740 istis
1067 2672 1260 2751 latronibus
1272 2685 1379 2738 aucto·

204 2770 307 2848 ritate
327 2771 398 2853 ipsa
418 2784 556 2841 senatus
579 2774 644 2839 iam
666 2771 799 2856 pridem
816 2773 863 2867 ‘ale
884 2775 1038 2842 manibus
1061 2795 1156 2841 arma
1172 2775 1379 2843 cecidissent.

161 3058 163 3062 Ι
206 2996 349 3054 ageretur.“
385 2992 510 3041 Audacior
534 2993 617 3055 ntique
640 2995 780 3053 sententia,
808 3010 857 3056 qua
879 2994 999 3055 siguificat
1022 3010 1048 3042 se
1072 2994 1146 3045 eriam
1169 2995 1322 3057 principatui
1342 2995 1379 3042 etsi

206 3093 328 3139 nunqnam
353 3093 368 3123 s
386 3093 412 3125 se
435 3068 549 3136 expetito
572 3092 658 3136 pamm
682 3079 750 3135 fore,
776 3060 880 3124 obires
902 3092 934 3124 eo
958 3080 1103 3136 derlucstur,
1130 3085 1157 3126 ut
1180 3081 1212 3124 de
1235 3094 1270 3125 eo
1290 3079 1379 3125 ιιιιιιιίιιι

206 3163 398 3209 ιιιιιιιιιιΙιιιιιΙιιιιι
416 3160 459 3206 sit:
486 3159 574 3207 etenim
591 3174 617 3210 so
634 3161 704 3220 malis
721 3161 844 3210 sententiis
864 3162 926 3227 vinei
943 3176 991 3207 nnn
1010 3177 1095 3223 posse,
1119 3165 1248 3223 adeoque,
1272 3165 1292 3211 si
1309 3165 1379 3210 hoio

205 3247 272 3291 modi
295 3247 426 3314 dumtaxat
449 3243 619 3307 proferantur,
648 3243 694 3294 ribi
718 3258 816 3309 qnoque
834 3257 926 3289 sumina
944 3258 994 3303 ope
1012 3248 1206 3292 contendendum
1224 3264 1290 3294 esse
1320 3245 1379 3293 bonis
1416 3266 1417 3305 3

206 3329 253 3373 libe
246 3308 308 3376 nter
325 3343 350 3377 sc
369 3329 470 3382 cedere,
499 3340 548 3387 qun
571 3327 739 3388 praesertim
732 3326 851 3372 sententio
870 3326 966 3399 mitigat
983 3329 1188 3386 praefractiorem
1207 3331 1291 3377 iilam.
1319 3330 1379 3375 Ano
1416 3342 1417 3351 ¹

205 3422 257 3454 rum
280 3410 495 3471 interpretationes
517 3408 593 3455 minus
616 3409 671 3456 hnic
696 3411 755 3456 loeo
779 3415 855 3474 aptae
879 3386 1032 3461 videnturs.
1052 3425 1073 3457 e.
1092 3411 1213 3458 blanutiir
1243 3412 1417 3491 „optatius

205 3505 278 3550 quam
296 3499 322 3538 ut
340 3509 377 3540 me
394 3494 499 3541 vincas!
501 3494 573 3538 ‘.eet

275 3596 345 3656 ΗΟ.
363 3602 421 3647 ιι.ιῑ.
434 3601 512 3645 XIII.
525 3600 580 3644 Kal.
595 3597 660 3660 Ion]
673 3601 714 3655 20.
727 3600 817 3646 Deobr.
830 3615 853 3645 ιι.
867 3598 925 3646 710.
957 3601 996 3649 Sic
1009 3601 1378 3663 constanterinEpp.srlFan.
1416 3616 1417 3619 ’

211 3680 254 3730 10,
274 3680 315 3724 28.
343 3681 388 3735 ll,
406 3684 430 3726 6.
450 3682 495 3739 12,
513 3684 546 3727 22
564 3684 589 3733 et
606 3683 647 3728 25.
666 3683 753 3737 ,Codd
772 3684 845 3731 etiarn
863 3683 957 3733 meib..
971 3686 987 3731 l.
1004 3685 1099 3732 XIIII.
1133 3685 1194 3744 Dies
1211 3694 1265 3741 est,
1282 3701 1343 3748 quo,
1357 3692 1379 3730 ut
1416 3634 1417 3719 l

206 3762 265 3806 dicit
282 3763 313 3807 ad
332 3760 402 3808 Fam.
423 3763 468 3818 12,
486 3764 531 3820 25,
550 3766 589 3820 2.,
615 3765 770 3822 fundamenta
788 3768 842 3810 iecit
864 3767 900 3810 rei
918 3768 1027 3824 publicae
1044 3769 1141 3814 tertiam
1157 3769 1327 3830 Philippiesn
1342 3771 1379 3815 bs·

206 3845 320 3890 bens-
292 3858 371 3892 -ex
388 3845 443 3893 Kar.
462 3846 592 3911 Iunuuriis]
610 3862 659 3908 qna
676 3847 785 3931 quiritatu
803 3848 896 3900 habuit.

273 3949 343 4009 iffi·
362 3951 423 4005 idem
450 3952 577 3999 Ventidium
593 3966 651 4003 eum
675 3958 719 4000 alii
739 3959 894 4012 praetorem.
912 3958 1027 4002 tribunum
1049 3959 1210 4015 Volusienum,
1237 3976 1283 4019 ego
1298 3972 1417 4017 seraper
1416 3966 1417 4021 q

103 4072 105 4095 Ι
204 4031 302 4092 dautem]
322 4033 364 4083 Sic
382 4035 494 4083 constitui
513 4018 594 4081 locum
612 4037 685 4085 foede
702 4044 844 4097 corruptum
862 4055 876 4085 e
892 4040 974 4088 Codd.
994 4039 1048 4086 AB.
1082 4040 1143 4088 Seii.
1160 4041 1207 4090 Aa
1241 4046 1308 4090 Idem
1328 4044 1379 4088 Ves-

205 4117 287 4160 iulium
306 4133 355 4162 ιιιιιι
373 4120 458 4174 arttp.
476 4134 497 4163 r.
516 4123 532 4161 t.
551 4132 572 4162 r
598 4121 689 4172 voluso,
714 4135 768 4165 rium
791 4135 834 4178 ego
857 4134 947 4176 semper
969 4122 1065 4166 nostem.
1101 4120 1142 4168 Ba
1167 4123 1235 4167 Idem
1258 4125 1378 4169 reatuin

205 4212 255 4242 eum
273 4204 327 4245 otiis
345 4203 404 4262 (sic)
422 4203 537 4245 tribianum
554 4200 628 4253 plebis
649 4202 792 4246 Volusienum
812 4219 855 4260 ego
872 4218 962 4259 semper
984 4206 1078 4250 hostem.
1114 4206 1143 4249 In
1161 4206 1226 4251 (lod.
1244 4207 1290 4264 A.,
1319 4205 1377 4252 uti!

206 4281 260 4325 alba
279 4297 413 4342 persaepe,
433 4284 463 4326 Ρ.
477 4283 506 4324 R.
520 4285 555 4324 est
572 4281 708 4337 praetoris,
730 4283 756 4326 T.
770 4287 799 4329 u.
811 4287 899 4332 tribuni
917 4281 986 4335 nota.
1025 4289 1159 4349 Volusienum
1172 4294 1256 4335 antem
1268 4289 1328 4351 istc,
1342 4285 1375 4346 qli
