2850 4759
260 299 428 372 enarro
450 251 880 381 numennumen,
907 322 940 371 c.
960 303 991 371 s.
1146 304 1208 372 nr
1259 336 1261 340 2

117 461 156 532 V.
193 462 261 548 Ac,
289 483 335 530 ne
354 461 493 545 longum
513 463 575 541 sit,
606 462 776 556 Quirites,
810 460 950 532 tabellas
970 462 1117 547 proferri
1137 465 1209 535 ius·

52 567 161 645 simus,
190 587 282 654 ‚quae
307 588 337 633 a·
353 589 488 651 quoque
513 567 710 636 dicebantur
731 567 843 636 datae.
882 567 1035 636 Primum
1057 570 1208 639 ostendis

52 691 117 737 mus
140 669 289 751 Cethego
309 672 465 752 siguum;
486 671 656 751 cognorit.
699 672 771 740 Nos
787 670 892 739 linum
906 671 1104 753 incidimusq
1124 672 1207 757 tegi·

52 796 127 843 mus.
177 772 262 842 Erat
291 767 455 858 scripturn
484 775 590 858 ipsius
622 796 725 842 manu
754 773 978 857 Allobrogum
1009 779 1140 846 senatui
1171 791 1207 848 et
1300 781 1302 789 ’

50 875 180 959 populo,
215 898 307 965 sese,
343 899 429 962 quae
456 900 575 946 eorum
603 876 722 959 legatis
744 879 995 959 confirmasset,
1029 881 1204 951 facturum

53 1001 133 1049 esse:
165 1001 280 1059 orare,
309 994 348 1049 ut
373 983 453 1050 item
482 983 528 1051 illi
556 982 726 1061 facerent,
759 984 934 1067 quaesibi
963 1004 1081 1053 eorum
1103 985 1209 1068 legati

51 1085 254 1168 recepissent.
304 1086 395 1154 Turn
418 1084 604 1167 Cethegus,
633 1088 693 1171 qui
713 1085 826 1170 paullo
847 1098 926 1154 ante
945 1086 1071 1172 aliquid
1092 1103 1205 1160 tanen

52 1188 85 1258 de
108 1190 223 1271 gladiis
253 1212 293 1258 ao
319 1192 415 1269 sicis,
448 1212 534 1275 quae
560 1193 649 1275 apud
681 1194 792 1274 ipsum
826 1202 924 1260 erant
955 1191 1205 1276 deprebensae,

52 1294 267 1376 respondisset
287 1294 495 1378 dixissetque
516 1316 554 1363 se
574 1316 710 1379 semper
730 1296 899 1363 bonorum
918 1294 1205 1377 ferramentorum
1298 1304 1301 1310 '

52 1397 225 1467 studiosum
248 1398 372 1478 luisse,
393 1400 544 1466 recitatis
564 1397 684 1469 litteris
705 1397 895 1468 debilitatus
915 1412 1016 1484 atque
1037 1401 1205 1479 abiectus,
1257 1423 1264 1473 ζ

52 1503 244 1570 conscientia
273 1504 471 1582 convietus,
502 1514 642 1585 repente
672 1503 846 1571 noriticuit.
900 1502 1122 1574 Introductus
1152 1518 1206 1575 est

54 1602 205 1685 Statilius3
240 1605 400 1687 cognovit
426 1618 462 1673 et
485 1607 620 1688 signum
648 1617 682 1673 et
708 1627 846 1674 manum
875 1627 986 1675 suam.-
1031 1607 1206 1676 Recitatis

54 1720 120 1773 sunt
132 1707 272 1776 tabellae
285 1712 318 1775 in
333 1709 474 1777 eandem
489 1709 563 1775 fere
575 1711 788 1778 sententiam:
814 1711 994 1784 coriscsaus
1009 1722 1074 1780 est.
1114 1711 1205 1780 Tum

55 1812 168 1879 ostendi
190 1811 330 1880 tabellas
350 1811 492 1881 Lentulo
515 1824 549 1880 et
569 1813 735 1895 quaesivi,
773 1826 1038 1901 cognosceretne
1058 1814 1224 1896 signum.

54 1918 173 1983 Annuit.
201 1951 245 1964 -
276 1915 364 1997 „Est
382 1936 482 2003 vero,
508 1918 663 2000 iuquam.
691 1929 814 1986 notum
835 1919 987 2000 signum,
1017 1920 1130 2001 imago
1151 1918 1205 1985 avi

55 2020 305 2100 tui,·clarissimi
326 2021 406 2097 viri,
427 2021 483 2104 qui
503 2023 632 2089 amavit
651 2009 912 2105 unice'patrian
935 2033 969 2089 et
988 2021 1079 2089 cives
1099 2042 1202 2088 suos:

55 2143 124 2203 quae
142 2123 277 2207 quidem
300 2137 332 2191 te
352 2145 372 2192 a
393 2136 486 2192 tanto
507 2123 635 2192 scelere
656 2126 757 2191 etiam
773 2137 866 2191 muta
879 2144 1041 2191 revocare
1055 2122 1203 2193 debuit.“

54 2223 207 2307 leguntur
227 2227 347 2296 eadem
361 2225 495 2295 ratione
506 2226 548 2294 ad
563 2239 718 2295 senatum
733 2225 957 2308 Allobrogum
973 2225 1204 2311 populumque
1225 2224 1275 2292 ll,

54 2324 178 2400 litterae.
219 2330 356 2416 Siquid
378 2330 420 2398 de
440 2329 493 2401 his
509 2332 613 2420 rebus
635 2330 747 2397 dicere
768 2329 888 2409 vellet,
909 2332 975 2398 feci
988 2342 1203 2414 potestatem.

55 2433 149 2517 Atque
168 2433 223 2504 ille
245 2438 357 2520 primo
379 2434 513 2518 quidem
529 2437 682 2514 negarim
702 2445 782 2517 post
795 2446 908 2502 autem
923 2433 1109 2518 aliquanto,
1130 2446 1203 2503 toto

54 2533 110 2603 iam
125 2539 246 2607 indicio
265 2540 422 2621 exposito
444 2548 544 2620 atque
556 2536 668 2614 edito,
683 2539 851 2618 surrentin
871 2538 1036 2622 quaesivit
1049 2559 1068 2605 a
1082 2535 1204 2612 Gallis,
1258 2597 1264 2608 ..

56 2640 119 2719 quid
138 2644 195 2709 sibi
217 2656 309 2712 esset
330 2664 403 2710 cum
423 2642 483 2721 iis3
504 2642 722 2724 quamobrem
744 2641 882 2709 domum
904 2663 1001 2709 suam
1017 2642 1206 2720 venisseun
1311 2713 1317 2732 Ι

55 2741 228 2830 itemquea
256 2743 446 2813 Volturcio.
495 2743 563 2836 Qui
591 2764 669 2811 cum
696 2743 744 2811 illi
770 2746 916 2813 breviter
943 2756 1205 2829 constanterque

56 2845 310 2929 respondissent,
350 2870 411 2931 per
439 2869 539 2932 quern
572 2846 614 2914 ad
650 2869 727 2915 eum
764 2829 1235 2933 quotiensque'venissent‚-

57 2953 313 3036 quaesissentque
332 2953 373 3019 ab
395 2973 460 3029 eo.
483 2947 607 3017 nihilne
628 2971 744 3018 secum
767 2964 857 3019 esset
877 2951 919 3018 de
939 2952 1017 3018 fatis
1038 2948 1205 3032 Sibyllinis
1261 2961 1263 2965 “

57 3047 186 3131 locutus,
209 3068 280 3123 tum
302 3054 356 3121 ille
377 3056 488 3122 subito
510 3053 637 3121 scelere
658 3054 818 3139 demens,
840 3066 965 3138 quanta
979 3052 1205 3122 conscientiae

57 3154 97 3222 ris
116 3173 217 3239 esset,
249 3158 407 3228 ostendit.
456 3157 562 3236 Nam,
594 3177 669 3223 cum
694 3154 728 3224 id
748 3170 867 3241 posset
887 3158 1037 3233 infitiari,
1067 3166 1205 3239 repente

57 3275 171 3336 praeter
202 3264 392 3347 opinionem
426 3263 578 3332 onmium
610 3261 785 3328 confessus
817 3273 881 3331 est.
937 3261 988 3328 lta
1026 3282 1104 3327 eum
1135 3283 1205 3352 non

57 3363 143 3431 modo
172 3368 349 3448 ingenium
374 3363 457 3432 illud
488 3378 522 3431 et
552 3364 684 3442 dicendi
714 3366 939 3443 exercitatio,
975 3387 1040 3449 qua
1070 3385 1206 3446 semper

57 3464 162 3546 valuit,
182 3471 241 3537 sed
263 3472 364 3537 etiam
385 3482 524 3551 propter
545 3469 611 3534 rim
634 3457 773 3534 sceleris
789 3469 957 3535 manifesti
973 3481 1072 3551 atque
1086 3468 1206 3551 depre-

59 3562 137 3637 hensi
150 3574 365 3655 impudentia,
381 3595 444 3654 qua
456 3574 634 3654 superabat
648 3594 778 3646 omnes,
794 3562 1057 3654 improbitasque
1069 3571 1204 3639 defecit.

59 3664 232 3744 Volturcius
253 3689 334 3743 v'ero
362 3677 473 3744 subito
493 3675 623 3742 litteras
652 3676 796 3756 proferri
825 3689 924 3758 atque
946 3677 1067 3758 aperiri
1088 3678 1204 3755 iussit,
1227 3674 1278 3739 tt

60 3775 265 3799 ἱῆ--ιι-ι-

113 3826 123 3887 i
142 3832 182 3876 ll.'
194 3836 317 3892 aliquando
334 3834 363 3879 T.
381 3834 474 3880 Manui.
492 3831 552 3891 (non
572 3832 614 3891 R.)
627 3856 659 3867 -
672 3847 722 3878 cum
739 3831 774 3877 Ais
786 3832 838 3880 TR.
850 3859 884 3870 -—
895 3836 998 3891 quotiens
1011 3836 1121 3879 miscent
1131 3832 1160 3881 T.
1174 3859 1204 3869 -

60 3907 154 3967 desuetis
175 3917 224 3963 lll’.
246 3920 272 3963 de
290 3918 364 3977 sartis
386 3918 417 3980 Τ.
434 3944 468 3955 -
484 3920 519 3962 uis
540 3922 597 3962 emet
614 3920 763 3969 conscientiae
780 3918 808 3964 P.
825 3943 859 3963 -.-
873 3922 953 3975 posset
970 3920 1004 3964 oei
1021 3918 1123 3976 irfier'arr'
1139 3918 1205 3980 t'rrstrq

60 3997 147 4053 murique
162 4007 249 4058 repente
267 4003 295 4049 T.
310 4029 346 4040 -
363 4006 396 4047 ito
414 4004 473 4048 enim
489 4015 536 4046 non
553 4002 621 4046 modo
638 4001 667 4046 T.
685 4006 718 4046 ita
736 4004 861 4047 enimcum
879 4016 924 4046 non
941 4004 1010 4047 modo
1028 4004 1059 4049 R.
1131 3995 1134 3996 ⁷
1200 4049 1203 4058 ,

114 4080 126 4141 b
143 4084 178 4130 le.
195 4089 282 4132 litteras
296 4084 418 4147 proferri]
436 4085 489 4131 TR.
503 4085 571 4143 prof.
589 4088 634 4134 titt.
652 4086 709 4131 Eun.
719 4111 753 4123 -
764 4088 831 4131 iussit
846 4086 922 4132 TRP.
938 4087 1039 4132 Ern-
1050 4086 1111 4132 subet
1122 4086 1204 4146 Stepb.

62 4155 152 4225 Madvig,
168 4195 201 4207 -
217 4174 240 4216 et
258 4174 349 4231 signum
371 4176 394 4216 et
414 4185 506 4216 murrum
528 4184 592 4218 aman
613 4168 736 4230 cognouit]
760 4170 834 4217 TRP.
851 4177 874 4217 et
888 4174 980 4229 signum
996 4185 1060 4216 mom
1076 4176 1099 4215 et
1114 4184 1205 4231 manum

64 4247 265 4278 N

117 4303 180 4365 ili.
198 4310 269 4374 Apud
286 4312 417 4360 Salustium
434 4325 456 4358 c.
473 4311 515 4358 44.
533 4310 653 4371 epistolas
669 4311 717 4359 hoc
735 4318 770 4358 eet
787 4312 939 4370 exemplnma
972 4313 1017 4366 Qui
1032 4314 1092 4364 mm,
1117 4325 1147 4354 en
1163 4325 1206 4365 eo,

64 4394 116 4437 luem
134 4393 203 4448 odie
223 4398 288 4461 misi,
306 4410 445 4478 cognosces.
479 4397 528 4441 Fas
545 4398 643 4454 cogites,
666 4397 690 4439 iu
714 4408 759 4453 qua
782 4396 911 4437 calamitate
926 4394 974 4446 sis,
1000 4397 1023 4437 el
1037 4392 1167 4436 neumate
1183 4396 1206 4482 te
