2850 4759
1173 337 1211 387 11

42 520 197 592 nomina·
211 515 352 590 variavit
380 517 516 589 Cincin.
543 561 590 581 ·-
615 520 639 620 §
667 519 728 587 11.
751 517 975 589 navicularii&
1001 521 1136 591 nostris.
1166 559 1209 578 -

34 653 45 702 ⁷1
58 637 213 712 *institas
230 638 352 709 vinnm
365 636 458 719 Ro.,·
481 655 522 707 ut
538 661 602 732 ego
623 661 768 733 quoquc
787 637 985 722 volueram,
1009 638 1069 709 scd
1084 643 1211 737 operio

59 781 126 829 non
149 761 429 860 obtemperatum.
452 804 499 820 -
517 754 742 828 imminutam
766 760 895 829 civium
920 757 992 829 Ro.
1008 771 1215 855 -ereptom

61 879 166 947 vitam.
195 919 238 934 -
268 879 294 977 4
320 879 377 965 14.
403 887 635 972 exportentur.
664 917 708 930 ·-
741 876 764 973 §
792 873 847 946 15.
871 901 1007 973 pecora.
1032 876 1129 972 -§
1157 878 1213 946 16.

33 1029 44 1064 μ
63 1021 121 1090 qno
131 996 258 1066 tandem
275 997 410 1071 animo.
430 1037 478 1052 -—
494 996 532 1065 in
548 994 646 1066 sttm‘s
661 1019 705 1065 ex
716 996 907 1066 Hotomani
923 994 1015 1066 coni.
1028 1038 1076 1051 -
1089 996 1215 1065 ciceiam

33 1116 234 1186 sconitnttne
253 1142 347 1186 cnm.
368 1158 417 1172 -
438 1113 532 1211 §21.
557 1113 582 1166 ’3
604 1114 723 1185 ctndio
746 1126 849 1211 atquc
873 1116 955 1186 odio
980 1116 1215 1212 inflammata.

35 1233 170 1305 ,Coton
191 1235 340 1334 Hittorp.
366 1282 414 1301 .-
438 1247 553 1307 anteo.
573 1278 619 1295 -
641 1234 728 1305 hoec
750 1261 828 1305 esse.
847 1236 940 1334 -4
967 1234 1025 1306 22.
1050 1234 1217 1326 colligunt

34 1419 35 1424 ,
65 1350 310 1445 4144445.-
333 1358 372 1426 in
393 1380 522 1452 perseq.
541 1397 590 1412 —
609 1356 810 1426 retardavit.
834 1402 881 1419 .-
901 1357 924 1455 4
945 1354 1001 1425 25.
1027 1379 1116 1450 qnae
1140 1356 1217 1424 oni·

33 1513 41 1528 ι
67 1475 191 1543 mos.-
213 1478 237 1579 4
261 1471 322 1566 24.
348 1500 395 1547 ex
418 1499 499 1546 eins.
519 1521 568 1536 -
594 1487 632 1544 nt
658 1475 723 1545 tis.
745 1521 791 1539 ..-
817 1477 840 1575 4
866 1472 923 1543 25.
950 1499 1050 1544 aures
1076 1471 1222 1542 Luculli

33 1631 38 1668 7
67 1592 259 1687 inmotam.
287 1635 333 1654 -
356 1599 379 1695 4
396 1596 454 1665 28.
474 1619 521 1665 ex
534 1595 740 1665 civitatibus.
756 1640 807 1655 -
824 1596 848 1697 4
866 1595 923 1663 50.
947 1595 1009 1662 iter
1028 1593 1066 1660 in
1083 1592 1219 1686 Hispa-

33 1753 35 1782 :
68 1710 154 1782 mom.
173 1758 205 1771 -
232 1718 255 1816 4
273 1718 333 1786 51.
354 1713 687 1807 *insingnlisorts
707 1740 836 1784 omnes.
860 1761 907 1775 --
925 1712 949 1808 §
975 1713 1034 1783 55.
1062 1738 1104 1780 nc
1119 1711 1219 1806 spiri·
1260 1709 1264 1717 ’

33 1903 35 1908 .
68 1843 135 1901 tum.
155 1837 235 1936 -,-4
260 1837 320 1907 57.
395 1835 468 1905 ullo
493 1839 530 1904 in
556 1857 878 1904 numero-nemo
902 1843 1024 1927 potest.
1046 1833 1137 1931 -§
1160 1831 1217 1897 58.

68 1947 87 2000 ²3⁴
97 1954 230 2048 fecerint.
254 2002 305 2015 -
331 1954 355 2051 §
381 1953 438 2025 39.
463 1952 488 2004 'i‘
512 1953 675 2024 inaudito
697 1951 884 2049 qturedam.
935 1955 1062 2020 Errorc
1080 1970 1217 2046 typogr.

43 2112 46 2116 ν
70 2070 175 2142 excidit
188 2075 358 2171 qtmedam
374 2073 413 2143 in
431 2073 498 2143 hoc
510 2073 578 2144 Ed.
596 2120 643 2137 ·.-
658 2076 681 2174 §
692 2074 751 2161 41.
773 2074 810 2140 in
820 2070 886 2142 tis.
900 2116 949 2128 -
969 2070 1078 2140 lucem
1099 2066 1221 2168 nffirre

33 2231 37 2259 f
70 2193 165 2284 coepit.
183 2240 227 2254 -
244 2200 266 2297 4
283 2195 344 2284 42.
369 2194 550 2286 cognostis.
573 2241 618 2255 -
641 2193 742 2291 444.
767 2204 937 2287 qnantum
953 2190 1056 2262 huius
1074 2193 1222 2266 anctori-

33 2361 37 2391 ᾗ
73 2319 129 2377 tas,
148 2356 187 2371 -
203 2314 222 2408 4
237 2313 296 2404 45.
318 2313 342 2363 *³
363 2314 433 2384 nisi
448 2314 501 2383 nd
521 2314 636 2407 ipsum
661 2312 844 2381 discrimen
864 2311 935 2377 cios
958 2313 1128 2406 temporis.
1152 2312 1220 2382 cfr.

73 2439 167 2498 tamon
181 2435 276 2506 catil.
304 2437 340 2514 1,
365 2439 405 2522 4,
433 2434 489 2502 10.
510 2432 552 2502 id
572 2430 837 2526 tenrporis.-§
858 2431 917 2518 48.
940 2429 1221 2525 praedicatum,

34 2607 35 2612 ,
76 2544 269 2642 Quoties-
294 2552 318 2649 4
338 2547 395 2622 51.
418 2553 632 2644 cognoscitis.
645 2548 732 2647 -4
753 2545 810 2619 52.
829 2575 907 2619 enm
928 2549 1042 2640 legem.
1058 2595 1107 2608 -
1122 2549 1145 2645 4
1163 2546 1220 2636 54.

33 2713 53 2744 ᾗ.
72 2691 201 2762 unquam
215 2674 542 2752 conclamem,
569 2684 654 2740 tarn.
666 2718 714 2730 -
731 2667 823 2770 457.
840 2671 952 2738 nerins
968 2681 1026 2738 est.
1037 2669 1225 2761 ..gloriae

73 2786 136 2855 niis.
152 2832 193 2851 ·-
212 2792 306 2887 458.
330 2793 550 2886 consonam,
588 2788 748 2887 Quirites.
768 2788 856 2884 —§
878 2785 935 2859 59.
961 2815 998 2857 ιη
1016 2816 1054 2857 eo
1070 2790 1157 2884 ipso.
1175 2834 1225 2848 -

74 2906 151 3001 461.
169 2911 253 2982 ineo
267 2912 685 3009 provincio-omniun
700 2912 815 2979 ctiam.
852 2913 892 2975 In
911 2933 987 2974 mea
1000 2906 1224 2974 adnotatione
1271 3005 1275 3012 .

75 3025 198 3122 corrige:
233 3033 333 3103 omni
364 3032 483 3127 etnim]
511 3028 567 3099 sic
593 3028 725 3125 sci-ipsi.
753 3029 910 3097 omnium
933 3021 1037 3092 ctiam
1055 3027 1095 3090 E.
1122 3024 1227 3091 etiarn

75 3150 153 3217 omni
166 3154 243 3223 Ern.
268 3175 318 3213 -·-
340 3151 362 3247 4
381 3152 439 3222 67.
463 3162 495 3219 et
519 3147 642 3242 qnibns
665 3144 797 3214 condic.
815 3188 864 3198 -
879 3143 902 3239 4
919 3143 976 3211 70.
995 3139 1151 3210 honores.

152 3274 230 3344 Pro
262 3247 308 3363 Q.
342 3268 528 3365 Ligario
568 3269 591 3367 4
622 3268 652 3334 1.
680 3275 748 3346 est,
784 3266 917 3358 opinor.
945 3307 994 3320 -
1023 3263 1229 3334 necessarios

76 3384 104 3454 C.
123 3384 244 3462 Pansa.
268 3439 318 3453 ..-
338 3394 362 3491 4
390 3392 421 3458 5.
449 3416 527 3458 cnm
553 3386 596 3486 Q.
622 3383 800 3476 Ligarius,
829 3426 871 3437 -·
893 3394 925 3452 ct
948 3383 1007 3453 nd.
1024 3428 1071 3441 -
1094 3381 1230 3478 quoda

71 3507 189 3595 privato
205 3512 363 3583 clamore.
401 3507 437 3580 Si
446 3509 587 3604 privato
603 3529 771 3575 consensu
784 3502 870 3572 dixit
883 3502 920 3571 in
933 3503 1103 3583 Sestianae
1119 3503 1142 3600 4
1149 3501 1231 3608 σ27.,

72 3645 134 3692 non
153 3627 230 3701 inde
255 3630 431 3727 sequitur,
465 3647 506 3698 ut
532 3625 622 3695 miro
645 3649 790 3721 prorsus
820 3623 930 3693 modo
961 3621 1065 3691 etiam
1090 3615 1231 3717 prtitoto

73 3740 221 3834 clamore,
244 3754 384 3847 prrnoto
404 3749 558 3830 niolatn,
584 3747 655 3815 riso
677 3770 717 3813 nc
737 3743 862 3813 similia
880 3742 995 3812 dicere
1016 3742 1054 3809 in
1077 3740 1232 3810 animum

74 3858 240 3940 induxerit.
289 3877 469 3940 Praeterea
491 3869 589 3938 Atius
609 3886 695 3935 tunc
715 3889 833 3933 revera
852 3881 923 3931 crat
939 3860 1050 3931 homo
1067 3858 1231 3954 privatus,

77 4003 265 4081 quamquam
289 3989 504 4060 eontrarium
526 3986 630 4056 tradit
642 3966 805 4053 'Klotzius
819 4008 854 4079 p.
874 3983 1011 4050 LXXV.
1062 3982 1145 4047 Erat
1157 3975 1232 4051 scil.

33 4101 35 4106 ’
76 4106 264 4194 praetorius,
290 4108 576 4208 provinciamque
602 4104 751 4175 Asi-icam
773 4127 815 4171 ex
836 4119 998 4197 praetura
1018 4096 1233 4176 obtinuerat,

75 4218 125 4285 sed
146 4249 186 4297 eo
206 4246 381 4330 tempore,
404 4227 447 4299 de
471 4251 543 4323 quo
562 4223 721 4320 loquitur
737 4223 879 4299 Cicero,
905 4219 1140 4312 magistratum
1160 4234 1235 4277 non
