2850 4759
208 288 247 374 sa
679 282 917 352 ctcanonts

209 449 278 521 iarn
313 446 346 513 in
380 441 594 511 demoliendo
629 443 726 524 signo
758 440 918 525 permulti
951 440 1106 508 homines
1143 439 1382 507 moliebantur:

210 548 293 623 illud
314 549 442 614 interea
464 544 556 613 nulla
578 544 713 612 lababat
734 567 779 611 ex
799 555 916 627 parte3
954 563 1033 608 rum
1056 540 1111 609 alii
1133 544 1289 608 vectibus
1311 543 1382 609 sub-

209 651 305 723 iectis
328 660 534 717 conarentur
555 666 793 720 commovere,
814 644 870 711 alii
892 644 1078 725 deligatum
1101 646 1257 712 omnibns
1282 666 1383 711 mera·

210 752 280 824 bris
309 771 428 832 rapere
455 749 497 814 ad
525 768 562 816 se
584 747 732 822 funibus.
756 749 823 814 vAe
846 759 994 829 repente·
1007 746 1220 824 Agrigentini
1242 766 1384 812 concur·

210 864 305 926 runt:
337 853 375 916 lit
403 871 523 930 magna
551 846 730 930 lapidatio:
763 847 845 916 daut
873 869 948 916 sese
978 849 1012 914 in
1033 847 1150 927 fugam
1173 849 1271 914 istius
1294 868 1383 929 prae·

154 1031 161 1038 .
211 952 294 1018 olari
316 952 532 1034 imperatoris
553 951 714 1016 nocturni
736 949 879 1017 milites:
903 951 971 1016 duo
995 961 1107 1014 tamen
1127 946 1236 1028 sigilla
1249 969 1383 1029 perpar-

210 1054 290 1146 nula
311 1052 451 1138 tollunt,
472 1073 515 1120 ne
537 1054 673 1119 ornnino
696 1053 813 1119 inanes
834 1051 877 1118 ad
898 1053 1001 1120 istum
1022 1050 1230 1132 praedonem
1252 1049 1384 1128 religio·

210 1176 294 1234 trtrm
317 1165 544 1244 revertantur.
586 1154 768 1235 Nunquam
792 1164 860 1218 tarn
883 1153 970 1220 male
991 1163 1045 1220 est
1065 1151 1216 1227 Siculis..
1230 1152 1314 1234 quin
1334 1151 1383 1218 ali·

212 1254 292 1350 quid
322 1255 431 1321 facete
459 1268 493 1321 et
520 1253 702 1321 commode
725 1253 857 1322 dicant:
890 1253 1037 1321 velutin
1060 1253 1122 1320 hae
1143 1275 1179 1320 re
1201 1254 1339 1320 aiebant
1356 1253 1382 1317 in

211 1356 344 1452 labores
376 1355 531 1423 Herculis
566 1380 633 1422 non
667 1356 779 1424 minus
811 1355 902 1424 lruno
929 1357 1214 1425 immanissimum
1246 1355 1381 1421 Verrem

280 1482 312 1526 m
336 1459 429 1525 illum
453 1482 571 1540 aprum
594 1458 856 1539 Erymanthium
879 1459 1000 1526 referri
1021 1469 1192 1539 oportere.

291 1561 411 1630 XLlV.
452 1558 550 1625 Hanc
571 1561 732 1625 virtutem
756 1560 1056 1639 Agrigentinorum
1079 1559 1199 1632 imitati
1222 1572 1309 1626 sunt
1327 1561 1383 1625 As·

212 1663 318 1730 soriui
339 1669 480 1746 postea.
504 1661 567 1725 viri
589 1660 697 1727 fortes
721 1673 754 1725 et
774 1660 908 1739 fideles,
934 1661 996 1728 sed
1018 1681 1230 1742 nequaquam
1253 1681 1301 1727 ex
1323 1673 1382 1728 tam

214 1761 326 1843 ampla
355 1782 464 1844 neque
497 1774 565 1827 tam
595 1782 641 1827 ox
670 1759 775 1827 nobili
805 1763 955 1828 civitate.
999 1761 1149 1841 Chrysas
1182 1774 1235 1828 est
1265 1763 1382 1835 artinis,

214 1864 269 1944 qui
292 1883 351 1943 per
372 1862 621 1928 Assorinorum
644 1884 745 1947 agros
767 1863 851 1928 fluit.
893 1864 925 1930 ls
948 1862 1037 1945 apud
1057 1862 1133 1929 illos
1152 1862 1296 1930 habetur
1310 1863 1383 1930 dens

214 1978 247 2042 et
268 1963 433 2044 religione
452 1965 602 2029 maxima
622 1963 762 2029 colitur.
804 1964 931 2031 Fanum
947 1966 1020 2033 eins
1036 1965 1135 2030 estin
1151 1985 1235 2044 agro
1250 1976 1384 2047 propter

213 2067 322 2145 ipsam
347 2067 451 2142 uiam,
475 2086 540 2147 qua
562 2067 695 2131 Assoro
720 2067 787 2130 itur
808 2066 951 2132 Ernrarn.
989 2069 1030 2132 ln
1049 2087 1091 2131 eo
1114 2065 1267 2147 Chrysae
1287 2068 1385 2132 simu·

214 2165 344 2245 lacrum
373 2179 444 2244 est,
475 2166 651 2247 praeclare
676 2167 806 2232 facturn
835 2189 853 2233 e
882 2187 1064 2234 marmore.
1109 2166 1147 2232 ld
1167 2167 1232 2233 iste
1251 2186 1386 2248 poscere

213 2271 401 2337 Assorinos
420 2280 564 2349 propter
586 2266 792 2348 singularem
811 2270 885 2335 eius
907 2267 976 2333 fani
991 2265 1189 2345 religionem
1205 2290 1272 2333 non
1289 2286 1385 2332 ausus

215 2382 283 2436 est:
319 2368 521 2451 Tlepolemo
544 2369 657 2435 dalet
678 2368 818 2435 Hieroni
841 2370 1027 2449 negotium.
1068 2367 1122 2434 llli
1147 2379 1269 2445 noolu,
1302 2368 1385 2433 tacu

215 2493 317 2562 marni
347 2486 561 2551 arrhamque,
599 2471 756 2535 veniunt:
792 2469 886 2535 fores
914 2468 1007 2537 aedis
1033 2470 1233 2559 effringunt:
1268 2467 1384 2535 aeditui

216 2570 445 2651 custodesque
468 2583 601 2636 mature
621 2573 787 2637 sentiunt:
820 2571 974 2650 signum,
997 2569 1089 2652 quod
1110 2582 1183 2635 erat
1203 2582 1323 2637 notum
1343 2569 1384 2633 ri-

162 2711 168 2758 3
220 2671 367 2752 ciuitati,
396 2671 517 2735 bneiua
537 2667 653 2735 datur:
685 2670 841 2738 homiues
864 2692 909 2737 ex
929 2673 1022 2750 agris
1044 2685 1271 2739 concurruntr
1306 2671 1384 2738 eiiri·

216 2783 271 2833 tur
292 2771 498 2852 fugaturque
519 2770 757 2853 Tlepolemus-t
787 2793 895 2854 neque
917 2774 1096 2854 quicquam
1119 2793 1163 2838 ex
1184 2774 1263 2841 fano
1278 2773 1385 2870 phry-

215 2890 272 2954 sae
296 2885 430 2953 praeter
452 2891 555 2939 urnnu
578 2872 820 2954 perparvulum
842 2875 976 2953 signum
999 2895 1044 2940 en
1064 2896 1142 2946 aere
1164 2875 1383 2946 desideratum

216 2984 278 3040 esi.
1309 2986 1313 2992 “

107 3130 110 3135 .
155 3078 228 3161 97,
295 3075 417 3142 Matris
448 3096 592 3155 maguae
624 3075 741 3141 fantum
770 3075 858 3156 apud
886 3075 1063 3157 Enguinos
1086 3089 1147 3145 est.
1188 3081 1282 3155 (lain
1305 3078 1383 3144 enim

216 3197 283 3239 non
307 3175 409 3240 modo
433 3178 581 3243 breviter
603 3176 682 3243 mihi
706 3177 748 3242 de
769 3178 1194 3261 unoquoquedicendum,
1215 3181 1383 3249 sedetiam

287 3432 298 3494 ξ
320 3434 361 3477 96.
373 3431 444 3490 facta
462 3429 540 3497 mann]
560 3432 661 3492 „farm
677 3446 769 3480 manum
786 3433 847 3479 nihil
864 3434 931 3481 aliud
948 3443 984 3482 eat
1000 3451 1075 3498 quam
1092 3437 1225 3499 colligere,
1249 3452 1386 3501 comparare

218 3512 342 3558 hominum
354 3512 562 3592 multitudinem.“
580 3513 605 3557 Z.
620 3513 666 3573 (ric
672 3512 771 3570 facere,
790 3518 925 3573 conficere,
941 3520 1088 3580 exercitum.)
1103 3548 1133 3563 -·
1146 3522 1248 3587 aerini]
1267 3526 1305 3571 Sic
1317 3522 1386 3569 eota.

218 3593 280 3638 noti.
317 3594 410 3640 Gellius
431 3597 475 3651 ta,
496 3597 534 3641 10.
559 3597 582 3641 in
607 3597 749 3643 fidelissimis
773 3598 956 3658 exemplaribus
974 3616 989 3646 a
1006 3616 1033 3647 se
1054 3604 1178 3652 inventurn
1201 3604 1261 3650 dicit
1278 3601 1385 3650 acridani·
1409 3623 1410 3630 κ

219 3678 301 3742 Varro
319 3680 349 3723 de
367 3678 397 3722 R.
410 3679 440 3724 R.
462 3680 489 3736 1,
506 3680 531 3724 2.
556 3685 654 3736 rogatur
670 3682 699 3725 ab
716 3683 841 3738 aeditimo,
868 3689 893 3729 nl
909 3685 986 3729 dicere
1003 3685 1126 3730 didicimus
1142 3688 1280 3743 apartibus
1296 3686 1386 3731 nostris,

218 3763 244 3804 ut
261 3762 404 3832 corrigimur
421 3777 436 3805 a
453 3762 581 3807 recentibus
599 3764 706 3818 urbanis,
728 3764 757 3808 ab
774 3767 874 3813 aedituo.
893 3768 919 3811 Z.
954 3767 1039 3814 Facile
1056 3774 1136 3815 tamen
1154 3771 1279 3828 adducor,
1305 3775 1331 3815 ut
1346 3768 1387 3813 hor

219 3856 320 3902 quoque
333 3843 407 3888 Gollil
426 3844 576 3902 temporibus
594 3848 736 3893 remanserit
754 3848 777 3894 in
796 3851 833 3896 his
850 3852 931 3898 Orati.
950 3853 1102 3913 antiquitatis
1123 3847 1259 3913 vestigium.

227 3986 230 3991 .
288 3947 299 4008 l
324 3950 365 3994 97.
393 3951 479 3994 Matris
503 3947 574 3996 (leiim
598 3966 696 4012 magnae
717 3954 824 4017 Idaeae]
847 3950 954 4023 σφάλμα
982 3953 1140 4023 μνημονικόν
1165 3961 1307 4014 Ciceronis3
1340 3969 1387 4003 nant
1408 3993 1409 3996 ,

219 4026 314 4084 „luisse
337 4025 407 4076 θεῶν
426 4032 541 4096 μητέρων
558 4032 670 4080 discimus
687 4050 703 4079 a
725 4038 839 4085 Diodoro
858 4041 905 4086 Sic.
922 4041 952 4094 4,
970 4043 1011 4086 79.
1038 4048 1062 4086 et
1080 4056 1113 4087 ex
1132 4042 1275 4088 narratione
1292 4042 1387 4087 Posido·
1407 4081 1408 4106 3

218 4110 253 4154 nil
271 4113 336 4169 opud
355 4112 512 4158 Plutarchum
530 4115 554 4160 iu
572 4116 694 4163 Marcello
712 4133 734 4164 c.
753 4120 794 4164 20.
841 4121 939 4184 Religio
965 4138 979 4168 e
1002 4125 1076 4170 Creta
1093 4125 1172 4171 insula
1190 4126 1309 4185 originem
1325 4120 1387 4169 duxit
1406 4113 1408 4174 l

220 4198 245 4271 et
271 4192 430 4239 tradebantur
456 4196 515 4240 illae
541 4198 614 4244 fuisse
640 4200 708 4246 lovis
735 4202 848 4248 nutrices.
883 4205 923 4250 De
945 4207 1045 4253 vetustis
1068 4208 1141 4254 armis
1163 4208 1307 4266 militaribus
1323 4207 1346 4251 iu
1362 4177 1408 4268 ⁰⁰h

219 4272 279 4319 fano
296 4276 398 4321 sacratis
416 4278 507 4322 mentio
526 4279 553 4323 ht
571 4282 637 4336 apud
654 4282 829 4340 Plutarchum,
846 4302 924 4348 eaque
943 4303 1016 4334 causa
1035 4290 1130 4337 videtur
1148 4291 1235 4349 fuisse,
1260 4305 1302 4338 cur
1314 4285 1387 4348 ¹Scit)io
1406 4271 1407 4276 ¹
