2850 4759
231 267 293 341 Md
694 274 926 344 CICERONIS

232 451 331 507 orant
351 440 411 506 tni.
454 438 636 524 Equidem,
658 461 736 507 curn
760 441 825 508 tuis
847 438 1003 508 omnibus
1023 437 1166 519 negotiis
1187 438 1378 520 interessem,

232 544 395 610 memoria
422 556 538 619 teneo,
574 539 690 627 qualis
710 556 781 611 tum
809 544 851 610 Τ.
882 543 1033 623 Ligarius
1061 554 1221 626 quaestor
1248 542 1376 608 urbanus

231 648 335 715 suerit
356 669 434 729 erga
457 661 488 716 te
510 660 543 714 et
564 632 761 729 dignitatern
785 661 887 716 trram.
926 646 991 714 Sed
1020 668 1140 729 parurn
1169 655 1222 712 est
1248 665 1301 709 me
1326 641 1376 708 bon

168 736 171 747 ¹
232 751 438 829 meminisse:
468 773 568 833 spero
591 754 691 818 etiarn
715 765 764 830 te,
796 753 852 836 qui
874 749 1025 819 oblivisci
1047 747 1128 817 nihil
1150 747 1241 818 soles
1263 747 1323 814 nisi
1339 746 1377 812 in·

233 856 353 932 inritis,
385 856 542 937 quoniam
571 855 637 922 boc
664 868 717 922 est
737 857 856 931 animi,
888 855 1044 938 quoniam
1067 853 1168 923 etiam
1190 852 1313 932 ingenii
1332 851 1377 928 tui,

236 973 267 1026 te
289 957 410 1041 aliquid
433 958 473 1025 de
496 957 592 1026 buius
615 957 671 1026 illo
693 959 886 1044 quaestorio
909 957 1034 1033 officio,
1057 956 1157 1022 etiam
1180 956 1221 1023 de
1236 954 1306 1022 aliis
1320 954 1377 1035 qui-

175 1065 214 1130 36
233 1061 376 1132 busdam
408 1063 641 1145 quaestoribus
671 1063 942 1129 reminiscentem
973 1060 1159 1127 recordari.
1200 1058 1263 1125 Hic
1291 1059 1377 1136 igitur

234 1167 277 1234 Τ.
293 1164 463 1247 Ligarius,
485 1167 539 1249 qni
562 1178 632 1233 turn
654 1163 734 1231 nihil
758 1167 826 1245 egit
847 1163 936 1230 alind
958 1168 1079 1246 (neque
1100 1164 1188 1229 eninr
1210 1160 1294 1228 baec
1312 1160 1379 1227 diri·

234 1270 367 1345 nabat),
389 1270 451 1335 nisi
481 1281 518 1335 ut
540 1281 575 1335 tu
597 1290 672 1335 eum
696 1269 743 1334 tui
764 1268 952 1335 studiosum
976 1261 1010 1334 et
1031 1270 1156 1335 bonurn
1179 1266 1289 1332 virum
1308 1263 1378 1331 iudi·

234 1394 347 1450 cares,
368 1392 458 1440 nunc
479 1393 497 1437 a
520 1382 551 1438 te
572 1370 715 1455 supplex
736 1371 848 1438 fratris
870 1369 1014 1440 salutern
1029 1370 1124 1452 petit.
1168 1368 1280 1460 Quam
1294 1367 1375 1434 buius

235 1474 427 1543 admonitus
460 1477 565 1543 officio
596 1477 862 1559 cumulusque
892 1473 943 1541 his
978 1472 1133 1552 dederis,
1175 1485 1242 1540 tres
1274 1474 1377 1541 fratres

233 1580 383 1661 optimos
412 1592 445 1644 et
470 1580 705 1659 integerrimos
735 1602 801 1644 non
831 1576 942 1646 solum
963 1577 1025 1643 sibi
1045 1577 1125 1660 ipsis
1147 1597 1256 1659 neque
1275 1577 1322 1642 bis
1340 1585 1378 1641 tot

235 1702 276 1749 ac
302 1681 422 1749 talibus
450 1684 530 1749 vtris
556 1704 663 1766 neque
690 1683 786 1748 nobis
809 1683 1024 1757 necessariis,
1063 1681 1123 1747 sed
1144 1681 1245 1747 etiam
1268 1680 1314 1747 rei
1331 1701 1378 1760 pu·

178 1791 215 1855 st
236 1786 342 1853 blicae
362 1785 618 1854 condonaret-is.
659 1785 855 1866 Faoigitur,
877 1782 967 1867 quod
981 1784 1021 1850 tle
1037 1782 1173 1851 honrine
1188 1784 1377 1851 nobilissimo
1400 1784 1401 1871 ᾖ

237 1901 271 1955 et
297 1886 483 1955 clarissimo
510 1888 618 1955 fecisti
645 1911 752 1972 nuper
781 1890 813 1954 in
841 1889 952 1975 curia,
983 1910 1073 1954 numo
1093 1887 1182 1955 idem
1204 1890 1238 1955 in
1259 1888 1331 1954 foro
1349 1884 1378 1950 de

173 2003 184 2065 's
238 1993 372 2074 optimis
402 2006 436 2059 et
464 1992 543 2058 hnic
580 1995 671 2060 omni
707 1993 915 2076 frequentiae
950 1993 1194 2074 probatissimis
1225 1992 1401 2058 fratribust

141 2142 146 2147 -
236 2097 283 2166 Ut
303 2097 499 2164 concessisti
520 2094 614 2162 illum
636 2099 784 2173 senatui,
812 2098 862 2164 sio
883 2094 925 2162 da
944 2093 1034 2162 hunc
1054 2094 1197 2179 populo,
1221 2095 1314 2161 euius
1331 2116 1378 2158 vo-

164 2272 169 2279 .
220 2188 401 2268 'luntatem
430 2199 638 2266 carissimam
667 2221 801 2283 semper
827 2198 986 2265 habuisti:
1024 2210 1072 2274 et,
1104 2199 1132 2265 si
1159 2197 1214 2264 ille
1241 2196 1310 2265 dies
1335 2196 1378 2263 tibi

238 2302 518 2390 gloriosissimus,
550 2301 674 2386 populo
697 2305 850 2369 Romano
873 2303 1083 2385 gratissimus
1105 2301 1201 2380 fuits-
1222 2299 1309 2379 noli‚
1335 2301 1379 2366 ob·

238 2414 356 2493 secio,
379 2406 547 2484 dubitare,
571 2407 609 2473 C.
627 2407 769 2485 Caesar,
791 2403 934 2472 similem
950 2402 998 2470 illi
1011 2403 1137 2484 gloriae
1151 2404 1286 2472 laudem
1301 2424 1380 2488 quam

239 2512 434 2593 saepissime
456 2530 626 2593 quaerere.
672 2505 763 2575 Nihil
785 2520 836 2574 est
856 2519 924 2577 tam
947 2507 1109 2590 populare
1130 2530 1231 2590 quam
1253 2508 1380 2581 bonitas

240 2613 333 2681 nulla
353 2613 394 2680 de
414 2614 594 2679 virtutibus
617 2612 681 2678 tuis
702 2609 856 2696 plurimis
877 2632 940 2676 nee
954 2608 1183 2678 admirabilior
1197 2632 1260 2678 neo
1274 2600 1400 2692 gratior}

242 2717 471 2784 misericordia
499 2727 568 2796 est3
603 2714 757 2782 homines
784 2715 872 2780 enirn
899 2714 942 2782 ad
969 2714 1049 2782 deos
1078 2711 1169 2781 nulla
1195 2735 1234 2781 re
1265 2712 1400 2811 propius

242 2926 310 2969 etlam
328 2923 375 2971 elb.
393 2949 424 2962 -
443 2925 569 2982 quaestoria
585 2921 626 2982 pff.
645 2923 668 2970 b.
686 2949 719 2961 -
736 2917 824 2985 officio]
842 2938 867 2983 g.
889 2922 967 2983 effeto
990 2913 1106 2981 superior.
1124 2923 1262 2981 cogitantem
1279 2921 1306 2967 el.
1321 2918 1379 2978 efficio

241 3011 378 3068 cogitantem
396 3008 435 3055 bv.

307 3117 319 3180 l
336 3118 378 3164 36.
400 3119 444 3162 lane
465 3118 511 3162 din.
534 3117 557 3162 b.
581 3118 624 3162 bne
645 3114 701 3179 (sic)
724 3116 847 3160 damnabat
867 3129 984 3175 ruperrcr.
1004 3116 1122 3170 dirimebat
1138 3117 1154 3162 l.
1173 3141 1206 3156 -
1224 3121 1249 3161 nt
1264 3119 1287 3160 nr
1301 3127 1342 3159 aar
1354 3109 1378 3154 δί

241 3203 376 3262 studiorum]
400 3200 488 3248 Colon.
510 3188 565 3260 laed
582 3199 645 3259 tuis.)
670 3206 735 3247 utta
752 3214 800 3244 enm
817 3201 942 3245 stadiorum
959 3203 993 3246 tui
1010 3215 1033 3248 v.
1051 3205 1115 3245 utta
1132 3215 1182 3245 euru
1198 3203 1317 3246 armenem
1331 3194 1378 3255 rell
1399 3234 1400 3249 r

242 3292 268 3333 nt
285 3290 318 3333 tul
334 3288 458 3333 stadiorum
476 3285 587 3332 Wunder.
606 3286 713 3348 Madvig.
732 3291 756 3330 nt
772 3299 821 3329 enm
839 3286 873 3328 tat
894 3287 1018 3330 studiorum
1036 3284 1137 3331 Soldau.
1156 3311 1188 3324 -
1205 3286 1318 3342 sibiipsis
1335 3281 1378 3325 cm
1399 3320 1400 3351 ἢ

242 3387 307 3432 aurp.
341 3371 407 3433 (Mei
430 3376 544 3432 quattuor
567 3385 587 3415 a.
611 3371 695 3427 ipsos.)
714 3398 745 3407 -
763 3371 799 3413 lrr's
821 3368 930 3413 totalibus
952 3369 969 3414 1.
994 3395 1025 3406 -
1048 3367 1193 3431 necessariis]
1220 3369 1304 3416 Color.
1323 3367 1378 3412 b·-
1399 3354 1400 3439 J

242 3456 374 3503 accurarier
391 3456 436 3500 tuis
453 3456 499 3516 egl.
516 3469 564 3503 nee.
583 3458 630 3500 auis
647 3471 670 3504 r.
683 3481 716 3492 -
727 3453 865 3500 condonabis
877 3453 910 3513 gt.
923 3456 982 3514 (non
995 3452 1045 3513 eb.)
1065 3455 1205 3499 contionaria
1218 3455 1304 3514 Margo
1314 3446 1376 3496 tant·
1399 3444 1400 3461 ³

296 3532 322 3597 l
339 3536 380 3581 st.
398 3536 537 3594 clarissimo]
554 3551 578 3596 g.
613 3537 674 3582 Item
692 3553 728 3592 e.‚
756 3540 799 3584 sed
822 3538 845 3583 iu
869 3552 945 3598 marg.
962 3538 995 3583 M.
1013 3538 1128 3583 Marcello
1145 3541 1261 3584 restituto.
1293 3532 1375 3581 1nnt.
1399 3554 1400 3565 ι

243 3621 285 3666 aed
301 3619 325 3665 in
343 3635 418 3680 marg.
436 3622 487 3665 viro
505 3621 538 3666 M.
556 3619 667 3666 Marcello
686 3622 758 3681 (hine
774 3623 870 3670 namn:
889 3624 1017 3667 clarissimo
1030 3621 1094 3682 niro)
1106 3645 1140 3657 -
1152 3624 1282 3667 clarissimo
1292 3617 1375 3665 Mn*

244 3706 302 3750 eollo
319 3719 385 3752 v.-
398 3706 550 3749 clarissimum
567 3706 747 3765 g.-dubitnre
763 3722 820 3765 ergo
840 3708 924 3768 Caeam
939 3707 956 3753 l.
990 3706 1035 3769 (Ut
1052 3706 1190 3767 aliquoties.
1229 3703 1374 3760 Gadi-pm·

236 3827 329 3860 ,nomen
347 3814 482 3874 explicavit
500 3787 531 3898 ἑ,
549 3812 573 3858 id
591 3820 627 3859 est
644 3813 711 3873 ergo)
724 3838 757 3855 -
768 3818 866 3874 glorior.
881 3822 903 3861 et
915 3817 949 3861 rei
962 3815 1067 3873 publicae
1082 3815 1105 3860 b.
1117 3841 1151 3853 -
1168 3811 1227 3875 tam]
1239 3815 1272 3876 gl.
1292 3812 1373 3859 Irene,
1398 3794 1399 3797 Ἴ

242 3908 285 3954 aed
302 3921 419 3967 superser.
436 3911 503 3954 enim.
520 3909 579 3952 enim
597 3912 643 3953 tam
662 3908 701 3956 bv.
718 3934 752 3947 -
768 3914 802 3954 est
817 3909 976 3955 misericordia
993 3908 1017 3955 b.

242 4079 329 4127 bunum
353 4080 425 4128 fabre
447 4080 492 4127 Cn.
516 4080 633 4128 Cornelio
659 4081 775 4139 Lentulo,
802 4083 832 4128 L.
857 4082 952 4129 Marcio
977 4082 1095 4143 Philippo
1117 4098 1179 4133 eoas.
1202 4100 1226 4133 ι.
1247 4099 1269 4131 ιι.
1287 4095 1306 4129 c
1321 4075 1371 4125 filli

242 4179 296 4211 cunr
319 4165 410 4211 Caesar
427 4165 451 4211 in
472 4165 558 4211 Galliis
579 4166 667 4213 bellum
684 4166 793 4225 gerebat.
828 4167 983 4214 Suernnerz.

310 4273 322 4336 l
346 4274 388 4322 st.
417 4277 451 4320 M.
464 4273 588 4335 Marcello]
607 4276 648 4335 qni
665 4277 748 4322 consul
768 4291 792 4321 a.
810 4291 833 4322 u.
848 4291 869 4322 c.
884 4278 933 4324 705
948 4276 1055 4337 inprimis
1072 4276 1097 4323 id
1113 4283 1276 4343 prpgnaveran
1289 4269 1371 4321 nect*

243 4356 302 4404 raris
325 4355 429 4403 absentie
449 4357 513 4404 ratio
535 4358 663 4406 baberetur
686 4359 710 4405 in
731 4359 835 4406 comitiis
855 4362 1027 4409 consularibus.
1062 4360 1101 4407 Ad
1124 4362 1193 4408 Fam.
1212 4362 1242 4420 4,
1257 4361 1280 4407 4.
1310 4356 1370 4401 CM
