2850 4759
141 276 367 351 nccusnr.
387 276 436 347 ru
456 278 497 349 c.
511 277 711 350 ,verusne
731 280 814 349 me.
835 281 894 370 ιν,
916 302 948 350 c.
969 285 1039 351 rer
1053 285 1084 349 a.
1193 283 1215 349 s

15 437 16 440 ’
48 443 139 516 quam
158 434 264 502 etiem
285 434 329 501 ab
345 434 509 504 institutis
529 437 601 505 suis
623 437 854 518 magnitudine
874 440 1051 521 pecuniae.
1093 436 1215 506 Videa-

46 556 134 622 mus,
155 547 284 619 quanta
303 536 369 605 ista
390 539 534 617 pecunia
555 538 676 615 fuerit,
703 553 790 620 quse
810 540 962 619 potuerit
981 539 1122 617 Heium,
1152 538 1215 604 ho-

46 639 163 704 miuem
185 638 337 703 maxime
356 635 580 720 locupletem,
602 639 741 705 minime
754 660 915 717 ararum,
939 640 980 707 ab
996 639 1214 717 humanitate,

47 762 65 805 a
83 740 221 820 pietate,
243 760 262 804 a
283 737 449 818 religione
469 739 661 807 deducere.»
691 738 743 806 lta
765 740 910 822 iussisti,
938 741 1075 821 opinor,
1101 740 1213 821 ipsum

50 838 83 903 iu
98 838 220 905 tabulas
235 840 382 905 referre:
402 837 513 907 lraec
530 832 824 921 vorrzrr'iu'siqna
838 837 1094 924 Praxiteli,
1116 838 1213 919 My·

51 941 185 1028 runis,
204 938 442 1025 Polycliti,
466 938 530 1007 HS
549 969 589 1012 rr
608 939 794 1008 milibus
822 953 863 1007 et
889 970 913 1007 o
943 938 1082 1007 Verri
1112 961 1214 1009 oen·

49 1039 146 1106 dita.
167 1045 193 1116 †
218 1040 289 1109 sed.
310 1040 463 1110 Rettulit.
501 1042 619 1110 Recita
640 1039 839 1108 ex'tabulis.

116 1140 214 1208 luvet
234 1160 290 1206 me
309 1139 397 1207 haee
414 1140 589 1222 praeclara
610 1143 748 1207 nomina
769 1140 957 1218 artificum,
987 1162 1073 1222 quae
1092 1141 1149 1209 isti
1170 1140 1213 1207 ad

48 1239 169 1308 eaelum
196 1241 329 1317 ferunt,
360 1241 475 1311 Verris
503 1243 739 1309 aestimatione
760 1241 811 1310 sie
830 1238 1035 1310 concidisse.
1077 1240 1214 1321 Cupidi-

24 1381 27 1386 ι
47 1361 119 1408 nem
136 1340 301 1436 Psaniteli
315 1341 370 1409 tts
383 1342 478 1410 muel
499 1343 660 1410 Profecto
674 1340 752 1408 hine
766 1351 884 1408 natum
900 1352 952 1409 est
963 1338 1071 1407 Molo
1083 1361 1212 1418 emere,

49 1461 148 1531 quom
167 1464 313 1524 rogare.

119 1543 191 1609 Vll.
235 1543 335 1609 Dicet
355 1542 491 1631 aliquis,
523 1543 645 1633 Quid?
673 1554 708 1610 tu
729 1543 795 1610 ista
815 1561 1004 1624 permagno
1025 1538 1213 1608 aestimas?
1234 1538 1271 1599 13

48 1641 116 1722 Ego
134 1664 217 1709 vero
247 1643 290 1710 ad
313 1646 612 1711 meamrationem
635 1633 804 1726 usumque
826 1663 940 1708 meum
963 1664 1031 1708 non
1053 1643 1213 1708 aestimo:

48 1757 274 1812 verumtamen
302 1767 323 1812 a
349 1746 445 1813 vobis
473 1746 520 1811 ite
546 1746 693 1813 arbitror
713 1744 861 1826 spectari
883 1754 1061 1825 oportere,
1097 1740 1214 1822 quanti

48 1842 126 1911 haee
143 1867 261 1912 eorum
283 1844 426 1929 indicio,
464 1846 519 1928 qui
540 1846 685 1913 studiosi
706 1843 929 1911 sunthorum
953 1865 1083 1918 rerunt,
1114 1842 1215 1910 aesti-

48 1953 191 2025 mentur,
221 1948 339 2026 quanti
365 1948 482 2012 venire
502 1945 653 2024 soleant3
686 1947 799 2027 quanti
821 1943 905 2010 haee
926 1945 1017 2026 ipsa,
1051 1940 1213 2023 sipulum

47 2042 206 2129 libereque
221 2047 394 2123 venirent,
409 2049 528 2113 venire
539 2060 699 2129 possent,
715 2046 859 2127 deniqne
874 2047 945 2126 ipse
958 2045 1081 2109 Verres
1096 2042 1214 2124 quenti

49 2147 205 2214 aestimet.
247 2146 450 2229 Nunquam,
484 2149 513 2217 si
533 2170 571 2213 x.
593 2168 676 2214 ecce
698 2146 901 2227 Cupidinem
923 2144 1018 2209 illum
1040 2152 1212 2224 putasset,

50 2249 282 2326 commisisset,
318 2260 356 2314 ut
382 2257 523 2329 propter
550 2267 627 2311 enm
647 2247 681 2312 in
701 2267 890 2313 sermonem
912 2244 1088 2311 hominum
1112 2255 1213 2323 atque

49 2347 219 2415 intentam
242 2350 529 2430 vituperationem
550 2348 694 2420 veniret.
747 2347 834 2434 Quis
856 2356 1008 2410 vestrum
1029 2344 1132 2422 igitur
1152 2362 1213 2405 ne·
1235 2340 1276 2399 14

49 2440 122 2525 scit,
150 2452 262 2531 quanti
285 2449 370 2516 haec
390 2446 641 2516 aestimentur?
677 2445 716 2512 In
738 2446 896 2511 auctione
916 2445 1051 2521 signum
1073 2460 1213 2507 aeneum

49 2571 108 2615 tron
135 2553 318 2618 maximum
345 2550 399 2616 HS
420 2571 465 2615 xe
495 2546 629 2614 milibus
658 2547 775 2611 venire
796 2567 863 2611 non
884 2542 1059 2609 vidimust
1102 2539 1213 2631 Quid,

49 2651 74 2715 si
94 2650 188 2718 velim
209 2651 387 2718 nominare
407 2650 579 2723 homines,
603 2647 660 2729 qui
680 2657 827 2714 autnon
849 2645 1008 2722 minoris,
1032 2653 1090 2709 aut
1110 2643 1214 2708 etiam

49 2749 144 2830 plruis
173 2751 338 2820 emerent?
376 2771 490 2817 tronne
518 2748 688 2831 possum?
725 2747 862 2814 Etenim
884 2748 940 2828 qui
962 2745 1086 2812 modus
1107 2743 1214 2809 estin

49 2850 94 2921 his
117 2856 215 2921 rebus
243 2851 456 2934 cupiditatis,
490 2849 582 2916 idem
614 2859 667 2916 est
700 2849 964 2924 aestimationis3
1005 2844 1136 2910 difficile
1162 2855 1215 2908 est

51 2951 155 3034 [enim]
185 2956 288 3020 finem
317 2954 432 3020 facere
459 2952 588 3034 pretio,
626 2952 654 3017 si
683 2950 809 3014 libidini
838 2947 909 3013 non
929 2948 1064 3011 feceris.
1107 2943 1213 3008 Video

49 3050 141 3130 igitur
159 3054 284 3121 Heium
304 3076 413 3135 neque
434 3052 626 3135 voluntate,
648 3071 758 3131 neque
779 3047 972 3113 difficultate
995 3043 1104 3125 aliqua
1127 3054 1214 3107 tem-

49 3155 148 3233 poris,
179 3176 244 3221 nee
272 3154 505 3233 magnitudine
532 3151 696 3233 pecuniae
724 3147 909 3213 adductum
939 3166 1030 3221 esse,
1066 3154 1104 3206 ut
1129 3139 1214 3206 haee

50 3253 135 3331 sigua
154 3254 336 3332 venderet3
370 3266 470 3335 teque
497 3254 561 3319 istu
582 3246 801 3316 simulatione
822 3244 1004 3327 emptionis
1025 3244 1076 3316 vi‘,
1098 3252 1213 3319 metu,

47 3351 198 3434 imperio,
229 3354 396 3430 fascibus,
429 3354 470 3418 ab
499 3350 637 3416 homine
667 3370 724 3424 eo,
759 3369 859 3428 quem
886 3366 954 3409 una
983 3367 1062 3412 cum
1091 3342 1213 3407 ceteris

48 3454 139 3521 sociis
159 3479 231 3522 non
251 3451 364 3520 solum
385 3453 547 3533 potestati
569 3462 663 3527 tuae,
685 3448 747 3516 sed
769 3448 870 3512 etiam
893 3446 969 3509 fidei
984 3441 1131 3525 populus
1145 3442 1214 3506 Ro·

47 3572 156 3623 manus
178 3555 414 3633 commiserat,
446 3551 611 3634 eripuisse
632 3560 735 3632 atque
755 3544 949 3613 abstulisse.

49 3706 233 3730 ι””’”···---υ--

106 3813 118 3877 l
136 3819 175 3865 13,
192 3832 219 3865 1.
239 3818 315 3881 cocu]
334 3817 439 3866 denariis
457 3791 646 3879 quadringentid.

108 3921 120 3983 ᾗ
139 3924 177 3969 14.
194 3923 265 3985 enim]
284 3925 353 3970 ebert
369 3935 386 3969 e
403 3924 560 3981 eodalteg„
583 3934 632 3965 uon
650 3933 664 3963 e
684 3916 752 3963 Leid.
768 3941 804 3954 -
820 3919 841 3961 si
859 3918 953 3961 libidini
969 3928 1014 3959 non
1026 3910 1125 3971 feceris]
1145 3913 1213 3959 Leid.

52 4005 140 4063 egregie
164 4010 262 4053 lirmnns
278 4007 398 4066 Madvigii
416 4003 498 4061 coni,
524 4002 548 4048 iu
573 4002 675 4047 Dissert.
699 4003 730 4044 de
748 3999 855 4044 Verrinis
873 4000 902 4044 P.
920 3999 955 4044 11.
974 4014 999 4058 p.
1021 3999 1060 4041 16.
1078 4017 1112 4031 -—
1128 3998 1150 4039 si
1167 4008 1215 4039 non

52 4085 85 4129 lll·
96 4087 143 4143 fec.
161 4104 175 4135 e
191 4089 273 4136 Guelf.
295 4091 317 4135 1.
336 4090 362 4133 Z.
381 4088 439 4148 (uiri
456 4082 497 4132 ub.
509 4086 559 4144 fir.
578 4077 685 4141 Sdngull.
704 4082 762 4126 Ern.
779 4083 801 4125 ri
818 4082 912 4125 libidini
922 4080 1014 4138 seceris
1029 4075 1103 4135 Reg.)
1120 4094 1159 4116 -.·
1172 4090 1214 4120 truc

50 4166 132 4226 magu]
159 4169 220 4230 neg.
245 4168 315 4215 Leid.
339 4182 409 4228 neque
432 4181 463 4212 m.
482 4166 507 4211 Z.
524 4190 560 4203 -
577 4178 622 4208 una
639 4176 689 4206 cum
707 4161 800 4221 ceteris]
819 4175 863 4204 una
881 4162 962 4203 ceteris
980 4160 1041 4217 Reg.
1060 4158 1126 4202 Leid.
1145 4156 1212 4215 quod

49 4249 120 4294 umen
138 4265 170 4298 ex
187 4250 362 4298 cousuetudine
379 4248 505 4297 Ciceronis
523 4246 619 4293 defendi
637 4244 736 4307 nequit,
760 4244 804 4291 etsi
822 4244 955 4300 respondet
971 4242 1015 4285 Gr.
1033 4232 1088 4300 ἅμα
1104 4237 1162 4284 τινί.
