2850 4759
108 348 112 351 ,
214 278 274 343 328
679 273 912 343 CICERONIS

216 447 284 506 tem
310 435 502 507 iracundiae
529 438 753 522 suspicentur.
808 436 873 503 Per
908 435 1084 503 dexteram
1114 436 1214 505 istam
1241 446 1274 501 te
1303 455 1384 510 aare.
1412 466 1413 471 ι

215 563 316 626 quam
332 543 402 624 regi
419 544 577 610 Deiotaro
595 540 717 626 hospes
735 540 860 625 hospiti
876 542 1080 625 porrexisti:
1101 542 1221 623 istam,
1236 544 1384 619 inquam,

216 644 412 722 dexteram,
433 669 501 714 non
529 658 597 714 tarn
628 646 664 713 in
694 645 789 716 bellis
818 666 882 714 neo
905 647 937 712 in
959 644 1097 730 proeliis
1123 666 1222 728 quam
1247 645 1282 710 in
1309 664 1385 726 pro·
1412 722 1413 727 ἵ

217 751 330 818 mistis
351 761 386 818 et
405 748 472 818 lide
496 750 695 819 firmiorem.
738 750 792 817 Tu
812 748 902 817 illius
922 747 1063 817 domum
1091 749 1194 828 inire,
1231 759 1266 814 tu
1289 758 1385 812 vetus

216 850 401 937 hospitium
424 876 587 924 renovare
613 854 768 932 voluistia
793 866 826 922 te
847 855 918 922 cius
940 853 984 920 dii
1005 848 1143 937 penates
1165 862 1387 935 acceperunt;

217 968 251 1026 te
279 958 426 1026 amicum
456 971 494 1026 et
521 956 691 1042 placatum
719 959 870 1027 Deiotari
898 960 988 1039 regis
1020 979 1099 1025 arae
1131 956 1267 1039 focique
1299 954 1387 1021 vide

174 1073 307 1143 urunt.
362 1063 448 1130 Cum
473 1061 574 1133 facile
602 1061 796 1146 [exorari]‚
833 1063 977 1139 Cacsar,
1007 1074 1079 1151 tum
1111 1060 1218 1129 semel
1251 1059 1386 1127 exorari

216 1166 329 1250 soleaa
365 1190 465 1237 nemo
490 1190 637 1252 unquam
663 1180 696 1236 te
720 1168 867 1253 placavit
893 1166 1070 1244 inimicus,
1106 1166 1161 1248 qui
1184 1161 1273 1231 ullas
1299 1183 1387 1231 rese·

217 1269 358 1341 disseio
379 1285 411 1340 te
430 1271 611 1341 simultatis
631 1271 788 1357 reliquias
805 1272 960 1341 senserit
1002 1269 1218 1361 Quamquam
1236 1269 1292 1335 cui
1313 1280 1388 1337 sunt

216 1373 387 1444 inauditae
405 1368 486 1445 'cum
511 1376 672 1453 Deiotaro
694 1374 851 1460 querelae
879 1374 984 1443 tuae!l
1017 1375 1201 1457 Nunquam
1234 1384 1271 1440 tu
1295 1369 1385 1438 illurn

217 1482 419 1550 accusavisti
451 1493 489 1548 ut
515 1480 666 1561 hostem,
700 1480 760 1548 sed
790 1493 829 1548 ut
855 1480 1003 1548 amicum
1029 1479 1137 1548 officio
1166 1500 1289 1561 parum
1321 1477 1387 1543 fun·

217 1595 333 1671 otum,
365 1583 457 1669 quod
488 1586 690 1668 propensior
720 1585 753 1651 iu
787 1585 847 1652 Cn.
876 1584 1025 1667 Pompeii
1057 1583 1241 1651 amicitiam
1269 1583 1385 1651 fuisset

217 1708 318 1771 quarn
336 1688 372 1754 in
393 1700 495 1758 tuam.
537 1689 598 1756 Cui
620 1700 732 1756 tamen
751 1689 813 1772 ipsi
835 1688 883 1755 rei
901 1688 1032 1754 veniam
1052 1698 1085 1753 tc
1108 1686 1267 1753 daturum
1286 1687 1385 1755 fnisse

216 1789 364 1878 dicebas,
385 1791 559 1860 sitantum
578 1791 701 1861 auxilia
718 1793 879 1876 Pompeio
895 1790 946 1859 vel
958 1791 985 1860 si
997 1792 1093 1858 etiam
1108 1788 1214 1857 filium
1231 1791 1383 1864 misisses

217 1893 290 1977 ipse
315 1897 433 1964 aetatis
454 1898 673 1965 excusatione
697 1917 781 1966 nsua
805 1909 907 1964 esset.
955 1895 1006 1964 Ita
1027 1917 1104 1962 carm
1131 1897 1383 1964 maximiscum
1412 1908 1413 1911 ’

218 1999 320 2066 rebus
348 1997 527 2080 liberares,
572 2022 774 2085 perparvam
809 2000 975 2067 amicitiae
999 1998 1137 2083 culpam
1168 1999 1383 2083 relinquebas.

158 2100 337 2186 taliaque
364 2126 433 2171 non
465 2102 574 2171 solum
605 2105 638 2193 in
672 2100 749 2173 eum
781 2128 849 2173 non
885 2102 1171 2189 animaduertisti,
1207 2102 1268 2173 sed
1302 2103 1383 2171 omni

220 2218 314 2275 metu
323 2203 530 2294 liberavisti,
553 2207 721 2292 hospitem
738 2209 923 2289 agnovisti,
947 2229 1060 2290 regem
1075 2205 1252 2292 reliquisti.
1273 2209 1383 2291 Neque

211 2310 308 2379 ‘enim
334 2308 391 2378 ille
422 2310 499 2381 odio
526 2313 573 2379 tui
602 2333 822 2400 progressus,
853 2311 913 2381 sed
937 2334 1055 2380 errore
1077 2313 1250 2380 cornnanni
1276 2311 1382 2396 lapsus

220 2426 284 2482 est.
325 2414 358 2483 ls
386 2434 467 2503 rex,
505 2439 605 2500 quern
634 2430 773 2484 senatus
799 2416 866 2484 hoc
888 2417 1025 2483 nornine
1044 2437 1145 2499 saepe
1169 2414 1411 2483 honorificent

221 2519 360 2587 tissimis
397 2520 542 2588 decretis
572 2518 834 2604 appellavisset,
874 2520 997 2604 quique
1033 2518 1129 2588 illum
1162 2519 1319 2587 ordinem
1349 2519 1412 2669 ab*

220 2620 448 2693 adolescentia
470 2625 709 2707 gravissimum
735 2626 1053 2708 sanctissimumque
1077 2623 1250 2699 duxisset,
1271 2623 1383 2692 iisdem

220 2726 322 2795 rebus
348 2740 400 2794 est
419 2729 653 2811 perturbatus,
688 2726 792 2796 horno
813 2725 1016 2811 longinquus
1034 2740 1068 2795 et
1084 2726 1291 2810 alienigena,
1322 2728 1383 2812 qui·

219 2829 282 2899 bus
300 2852 364 2899 nos
385 2831 417 2898 in
439 2834 549 2899 media
570 2853 606 2900 re
629 2830 764 2915 publica
785 2833 853 2900 nati
875 2852 1075 2919 semperque
1095 2833 1235 2902 versati.

161 2943 199 3007 11
299 2936 360 3002 lv,
400 2937 484 3006 Cum
503 2933 635 3004 audiret
655 2947 802 3006 senatus-¹
812 2939 1052 3004 consentientis
1073 2938 1274 3005 auctoritato
1297 2955 1382 3002 arma

221 3055 376 3127 sumpta,
405 3041 619 3123 consulibua,
647 3035 880 3132 praetoribus,
906 3043 1053 3111 tribunis
1082 3039 1187 3131 plebi,
1210 3042 1307 3110 nobis
1330 3041 1382 3111 iur-

221 3246 332 3311 poaultet
353 3244 522 3298 coniecturaea
540 3243 603 3296 Per,
620 3246 656 3295 te,
673 3244 792 3292 dexterum
810 3244 877 3289 irtam
894 3256 946 3291 oro.
965 3242 1015 3289 cfr.
1033 3241 1175 3304 interpreter
1195 3243 1227 3290 ad
1243 3241 1380 3290 Plautiam
1408 3222 1409 3307 l

221 3332 271 3386 42.
292 3331 350 3384 tos,
368 3336 393 3376 et
412 3329 443 3375 ad
460 3327 557 3374 Salustii
574 3327 628 3387 lug.
648 3327 691 3385 lt,
709 3328 751 3379 25.
767 3355 802 3370 —
818 3342 858 3372 areo
872 3330 898 3372 r'rr
918 3324 1029 3387 proeliis]
1045 3328 1076 3373 el.
1092 3331 1114 3372 et
1127 3329 1151 3373 irr
1171 3341 1211 3384 pr.
1231 3325 1255 3373 b.
1272 3325 1305 3376 Ε.

289 3413 301 3477 5
322 3416 346 3462 9.
361 3413 439 3474 facile
456 3415 522 3459 orari
542 3428 564 3459 c.
579 3413 655 3472 sarilo
675 3427 744 3463 orare
764 3414 780 3459 l.
802 3411 910 3471 Madvig.
929 3408 962 3473 []
989 3413 1092 3457 exorari.
1104 3438 1139 3455 ι-
1150 3414 1171 3457 ta'
1187 3416 1274 3461 tanum
1287 3404 1378 3467 utilia]

195 3496 199 3505 “
218 3499 312 3564 βοΙοιι.
329 3498 359 3545 Ε.
376 3501 414 3551 ai,
436 3512 486 3544 eam
510 3499 601 3544 auxilia
625 3498 718 3545 otc„-
739 3498 813 3546 relti
834 3493 913 3559 etiam]
936 3495 1021 3547 etuE.
1038 3498 1075 3543 uel
1091 3498 1160 3547 ιϋιιιιι
1176 3495 1378 3548 01¹.1,mu-

222 3587 271 3646 ipae
287 3587 361 3633 tamen
382 3584 412 3633 el.
431 3607 465 3622 -
484 3583 564 3631 aerata
584 3576 672 3645 earne]
692 3581 739 3629 alb.
759 3595 834 3627 wana.
854 3585 899 3629 aet.
920 3581 951 3628 Ε.
1013 3562 1015 3565 ⁸
1407 3586 1408 3589 ’

290 3667 302 3732 5
327 3669 367 3714 11.
390 3660 582 3724 sarcinularum]
609 3664 657 3715 eli).
678 3667 791 3711 inclusam
810 3665 841 3713 Ε.
861 3691 892 3703 -
913 3680 991 3713 omnes
1012 3680 1074 3716 cour.
1098 3664 1122 3713 b.
1138 3668 1161 3715 ei
1180 3665 1335 3726 mindam]
1349 3663 1376 3709 lb.

223 3754 348 3820 (idemque
365 3752 484 3819 significat
501 3748 660 3799 enuntiabatur
676 3745 711 3808 a.)
726 3752 873 3798 condebatur
883 3750 914 3797 Ε.
929 3775 961 3791 -
975 3751 1071 3811 fferam
1085 3751 1175 3800 colon.
1188 3752 1211 3800 b.
1229 3753 1292 3816 (noo
1303 3750 1341 3812 el)
1351 3773 1377 3786 ·-

226 3860 420 3878 Μ

222 3930 312 3988 peieret
334 3932 358 3976 el
380 3931 481 3975 asseclae
505 3941 547 3973 ano
566 3929 712 3986 Pergameno
732 3904 809 3975 nascio
834 3930 872 3973 rui
891 3924 1049 3988 (Mithridati)
1068 3926 1169 3981 dedisset
1184 3927 1295 3986 eidemque
1312 3924 1374 3969 aare
1406 3898 1407 3945 l

224 4018 300 4061 aiam
317 4016 452 4066 Armeniam
472 4018 581 4063 arenata
597 4015 691 4067 daturne
714 4028 808 4075 cumque
827 4014 856 4058 ab
874 4027 902 4058 eo
923 4013 1150 4073 magnificentium
1169 4014 1270 4072 hospitio
1285 4013 1374 4068 meam

224 4102 297 4155 urat,
314 4101 440 4158 spoliatam
455 4100 552 4158 reliquit
570 4102 593 4144 et
609 4100 722 4158 hospitem
739 4104 762 4147 rt
779 4113 864 4158 aegeam

293 4207 305 4270 i
328 4207 367 4253 lo.
388 4202 477 4265 regem]
497 4207 685 4267 Gallograeciae
701 4223 721 4254 a.
740 4207 891 4255 Galatarum.
1405 4184 1406 4263 l

294 4283 307 4353 i
326 4291 366 4338 ll.
393 4295 484 4336 renatae
504 4291 681 4351 consentientia]
701 4293 734 4337 ad
753 4292 822 4339 Fam.
843 4293 887 4347 16,
908 4294 947 4340 ll.
989 4292 1041 4352 Ego
1059 4292 1090 4339 ad
1113 4291 1197 4338 Urias
1210 4284 1372 4345 omnipatris

228 4375 310 4422 Norae
324 4375 420 4422 Ianuar.
441 4375 478 4437 (a.
497 4389 520 4422 ιι.
541 4391 562 4424 c.
580 4374 697 4437 tot.)··
713 4377 793 4423 laridi
815 4377 839 4421 iu
863 4379 938 4435 ipram
954 4377 1076 4437 marmana
1102 4377 1181 4422 ciuilis
1202 4374 1326 4422 discordiae
1344 4368 1372 4413 ut
1404 4383 1405 4388 ’
