2850 4759
231 245 403 314 omno
426 245 675 320 riarurmea
697 250 816 326 arn,
835 220 876 316 ἰ.
899 252 934 313 ιι
956 262 989 318 a
1007 253 1056 317 u.
1175 253 1236 319 aar

23 417 210 487 ternpore
241 406 349 471 secuti
384 417 487 483 auru,
523 427 581 474 eos
613 394 785 490 nunquam
818 408 989 489 oportebit
1022 406 1152 475 correilii
1182 411 1235 477 sui

24 508 242 601 poenitere.
284 506 349 573 Sed
384 506 484 574 laoile
517 521 570 575 est
605 511 688 575 bene
723 530 823 588 agere
851 532 928 576 eum
960 510 1025 582 iis,
1059 531 1077 575 a
1110 511 1235 592 quibua

26 611 153 676 etiam
188 609 376 676 tacentibus
406 608 548 690 llagitari
580 610 787 678 videbimur:
824 610 905 677 illud
935 610 1166 678 admirabilius
1202 624 1237 678 et

28 712 164 781 ranarius
199 712 414 793 maximeque
448 715 624 795 proprium
655 726 795 780 senatus
832 714 993 796 sapientis
1030 725 1106 789 est,
1138 725 1237 792 grata

30 835 174 880 eorum
194 813 358 879 virtutem
374 814 538 879 mernoria
557 816 735 895 prosequi,
756 816 812 897 qui
831 837 894 896 pro
911 814 1018 896 patria
1034 817 1137 881 vitam
1157 835 1236 896 pro·

30 913 229 981 fuderunt.
273 913 432 1002 Quorum
453 913 495 980 de
514 913 644 980 honore
664 917 792 982 utinam
815 913 898 982 mihi
916 915 1014 997 plura
1033 917 1067 983 in
1087 928 1235 984 mentem
1256 919 1295 980 st

33 1014 225 1083 venirent!
249 1017 323 1083 Duo
342 1027 435 1083 eerta
450 1037 520 1083 uon
535 1019 747 1098 praeteribo,
765 1037 850 1100 quae
866 1017 1016 1085 maxime
1029 1022 1237 1099 oeeu'rruntr

33 1138 200 1202 quorum
225 1115 370 1185 alterum
394 1117 542 1199 pertinet
564 1117 608 1185 ad
627 1119 779 1185 virorum
801 1119 1075 1193 ι’(ιιιιεειιιιοιιιιιιΙ
1091 1118 1237 1200 gloriam

34 1221 315 1303 sempiternam,-
344 1218 491 1287 alterurn
527 1218 570 1287 ad
597 1218 793 1287 leniendum
822 1242 1012 1291 maerorem
1043 1232 1077 1286 et
1103 1221 1236 1289 luctum

34 1322 307 1406 proximorum
819 1374 822 1379 >

130 1421 400 1491 strepuere
391 1424 495 1503 igitur
514 1422 613 1503 milri,
628 1424 748 1491 Patres
765 1445 829 1491 corr
832 1425 969 1508 scripti,
980 1369 1127 1506 legionis
1143 1425 1237 1492 Mar·

40 1527 119 1592 tiae
144 1523 307 1591 militibus
334 1536 368 1591 et
392 1526 459 1604 eis,
482 1526 557 1608 qui
567 1547 633 1592 tana
658 1538 851 1614 pugnantes
874 1524 1094 1610 oeciderunt,
1116 1549 1239 1593 monu-

33 1639 207 1694 mentum
234 1626 306 1693 lieri
329 1646 431 1709 quam
456 1625 717 1708 amplissimum.
760 1631 888 1707 Magna
908 1638 1010 1709 atque
1027 1574 1239 1694 irrol·edibilia

42 1728 188 1797 suntin
211 1748 282 1793 rem
303 1727 473 1809 publicam
495 1728 595 1794 ludus
618 1730 738 1795 ruerita
760 1727 916 1809 legionis.
958 1728 1052 1794 llaeo
1073 1744 1110 1794 se
1127 1728 1239 1809 prima

41 1829 233 1897 latrocinio
263 1829 399 1911 abrupit
428 1831 590 1905 Antoniis
620 1829 702 1896 haee
724 1829 994 1908 terruitAlban13
1028 1829 1112 1895 haeo
1135 1851 1173 1896 se
1196 1827 1239 1895 ad

45 1933 237 2001 Caesarem
263 1930 424 2009 contulit;
446 1931 533 1998 liano
556 1932 687 1998 inritata
711 1943 831 2014 quarta
853 1929 941 2010 legio
964 1951 1080 2012 parem
1102 1930 1239 1995 virtutis

43 2031 199 2112 gloriam
228 2042 412 2098 consecuta
436 2045 499 2102 est.
543 2033 677 2121 Quarta
699 2034 826 2098 victrix
845 2030 1025 2097 'desiderat
1050 2033 1239 2106 nemiuem3

47 2156 96 2199 ex
129 2134 257 2199 Martia
288 2131 441 2199 nonrmlli
470 2134 502 2199 in
530 2134 601 2215 ipsa
631 2134 776 2203 victoria
800 2132 1032 2201 consciderunt.
1074 2132 1102 2200 0
1129 2131 1239 2198 sortu-

46 2249 133 2301 naua
155 2228 269 2312 mors,
293 2255 378 2316 quae
400 2246 542 2301 naturae
569 2233 701 2313 debita,
723 2255 785 2313 pro
810 2233 920 2314 patria
944 2243 996 2298 est
1019 2233 1237 2313 potissimum

47 2336 205 2407 reddital
237 2337 305 2405 Vos
331 2357 414 2403 vero
439 2336 569 2417 patriae
593 2347 703 2401 natos·
720 2334 851 2419 iudico,
869 2356 1027 2416 quorum
1053 2334 1154 2400 etiam
1178 2357 1240 2401 no·
1260 2334 1300 2395 32

48 2461 132 2506 meu
160 2459 180 2505 a
201 2439 315 2505 Marte
340 2450 411 2516 est3
442 2449 479 2503 ut
503 2432 594 2503 idern
620 2436 705 2507 deus
729 2437 847 2503 urbem
870 2435 956 2502 hane
980 2436 1154 2515 gentibus,
1175 2457 1239 2502 vos

49 2539 135 2606 huie
161 2540 236 2607 urbi
264 2539 424 2621 genuisse
456 2538 624 2606 videatur.
675 2537 715 2604 ln
742 2537 825 2618 fuga
849 2539 952 2606 foeda
980 2559 1075 2605 mors
1106 2549 1175 2615 est;
1205 2539 1240 2603 iu

49 2642 217 2728 victoria,
248 2640 411 2721 gloriosa.
466 2641 601 2708 Etenim
632 2641 761 2706 Mars
753 2661 826 2720 ipse
846 2661 891 2706 ex
914 2641 986 2706 acie
1011 2618 1239 2708 fortissimum

51 2764 224 2825 quemque
253 2743 424 2824 pignerari
452 2742 551 2812 solet.
596 2740 648 2807 llli
675 2743 780 2821 igitur
800 2743 910 2828 impii,
945 2763 1031 2824 quos
1057 2741 1239 2827 cecidistis

51 2846 158 2912 etiarn
183 2845 226 2911 ad
246 2845 373 2911 inferos
397 2865 525 2926 poerras
550 2844 721 2932 parricidii
744 2843 855 2923 luent3
888 2864 949 2909 vos
975 2863 1076 2918 vero.
1099 2844 1155 2924 qui
1182 2863 1241 2908 ex·

53 2960 204 3013 tremum
234 2948 392 3029 spiritum
418 2949 451 3012 ιιι
476 2947 618 3013 victoria
640 2946 840 3023 effudistis,'
856 2945 992 3026 piorum
1018 2946 1098 3009 estis
1121 2944 1238 3010 sedem

54 3136 138 3182 verius
155 3137 290 3185 videbatur.
305 3137 463 3193 praestabitur
481 3135 534 3181 AB.
552 3161 587 3174 -
606 3148 674 3193 qnam
698 3135 807 3192 quoniam
830 3128 982 3194 difficillimo]
1001 3130 1043 3176 Sic
1061 3144 1123 3176 nunc
1139 3130 1240 3188 scripsi,

53 3233 110 3269 cum
124 3219 200 3266 ΑΒΕ.
218 3226 335 3279 corrupte
352 3220 459 3265 babeant
476 3214 613 3278 quamquam
633 3219 658 3261 id
674 3216 728 3273 diff:
745 3217 782 3277 (id
799 3216 859 3261 nibil
876 3215 943 3261 aliud
961 3228 1033 3276 quarn
1051 3214 1146 3261 inversa
1164 3213 1240 3274 gerni·

54 3303 126 3350 natio
144 3304 190 3349 liu.
208 3318 276 3365 seqq.
294 3303 340 3368 di.)
382 3303 480 3363 Volgo:
504 3315 572 3361 quum
589 3314 640 3345 eum
657 3299 709 3355 dr'ff.

87 3392 91 3397 ‚
126 3408 197 3471 ἧδι.
215 3411 312 3469 Albam]
336 3410 418 3471 utique
443 3411 560 3469 Longam.
585 3407 629 3453 cfr.
653 3407 764 3464 Philipp.
782 3406 813 3460 4,
830 3407 855 3451 2.
885 3406 960 3449 Albae
977 3406 1127 3449 constiterunt
1144 3406 1168 3449 r'u
1186 3405 1241 3448 urle

56 3498 204 3549 opportuna,
221 3496 326 3547 munito,
341 3495 580 3552 propinquaret.
610 3477 779 3549 Propinquam
792 3483 933 3533 autemnon
947 3494 1046 3547 poterat
1058 3488 1139 3534 dicere
1151 3487 1240 3534 Albam

55 3575 216 3635 Pompeiam,
242 3576 357 3636 Liguriae
380 3576 515 3635 oppidum,
542 3562 572 3621 de
594 3587 644 3634 quo
668 3572 781 3626 nonnulli
802 3572 957 3631 interpretati
975 3576 1043 3628 sunt,
1070 3578 1095 3617 ut
1114 3571 1241 3617 Fabricius

56 3661 89 3704 ad
106 3659 212 3707 Diouem
230 3660 298 3707 Cass.
316 3659 364 3716 46,
385 3660 423 3710 13,

126 3765 197 3825 582.
212 3764 354 3826 pignerari]
378 3764 487 3826 pignoris
511 3764 580 3826 quasi
603 3767 662 3811 loco
686 3779 700 3810 a
724 3762 807 3817 medlo
828 3763 915 3808 tollere
938 3768 1013 3823 atque
1030 3770 1110 3811 morte
1127 3763 1176 3827 sibi
1190 3762 1241 3810 viu·

57 3848 149 3895 dicare.
175 3841 260 3917 (loire
282 3842 387 3912 εὐγενεῖς
409 3843 458 3915 γὰρ
483 3832 630 3910 κᾷγιιθοιις,
657 3841 678 3895 ui
701 3852 762 3908 aui,
789 3846 856 3910 pilai
875 3840 948 3912 Ἄρης
970 3848 1085 3914 irrrlparr.
1120 3847 1241 3905 Sophocl.

59 3931 156 3992 Fragm.
175 3926 267 3993 Gaul
293 3933 366 3979 lavat
391 3931 464 3977 etiam
486 3945 624 3983 memorare
645 3929 753 3989 gentium
776 3930 1002 3987 septentrionalium
1025 3932 1083 3975 deas
1109 3931 1240 3984 Vuttprr'eu.

59 4014 132 4073 Apud
150 4016 277 4061 Romanos
295 4021 376 4060 nutem
394 4014 519 4075 antiquum
537 4015 631 4061 videtur
649 4015 722 4060 luisse
746 4014 904 4073 proverbium
922 4014 1039 4065 militare,
1070 4011 1115 4057 nisi
1133 4010 1240 4068 Tragion

60 4095 132 4142 alicui
155 4096 288 4143 sublecturn
313 4104 356 4144 est.
401 4098 540 4143 Communis
565 4098 628 4144 euim
658 4098 820 4144 consetudiuis
843 4112 892 4143 non
916 4103 964 4147 est,
994 4087 1080 4138 nedum
1102 4092 1240 4137 Tullianae.

60 4176 148 4225 Totum
166 4186 248 4226 autem
266 4182 348 4227 locum
366 4196 400 4227 ex
418 4180 531 4226 Platonis
544 4181 684 4229 llleuexeuu
700 4181 784 4228 divina
803 4187 857 4226 arte
875 4194 927 4224 esse
945 4179 1040 4221 due-tum
1061 4174 1103 4217 dx
1121 4173 1241 4233 estquod

62 4262 241 4311 admoneamus.
