2850 4759
210 324 215 339 Ι
242 230 413 301 ORATIO
438 178 690 300 PllllePICA
717 235 1006 316 11.‚c.35:cttc.
1156 241 1215 304 tot

25 387 242 454 utnrarum!
279 388 441 457 Dicebam
468 386 533 456 illis
562 391 595 455 in
624 388 792 472 Capitolio
813 389 1050 460 liberatoribus
1072 397 1212 485 nostris,

25 510 86 555 nur
112 508 180 554 me
208 488 248 555 cd
271 499 305 554 tc
325 488 374 554 ire
396 488 538 571 vellent,
560 501 599 555 ut
620 489 663 557 ad
683 490 932 559 defendendam
953 493 1213 580 rempublicam

25 611 38 656 e
60 590 303 666 adhortarer‚
326 589 437 671 quoad
459 603 649 667 metueres,
671 593 788 658 omnia
809 604 842 658 tc
862 595 1137 674 promissurumr
1168 597 1212 664 si·

25 689 78 755 rul
111 710 160 757 ac
194 691 317 756 timere
345 691 512 767 desiascs,
545 691 690 759 similem
723 706 754 760 te
782 695 937 760 futurum
966 695 1028 761 tui.
1080 696 1211 779 ltaque,

27 813 88 857 um
114 791 234 859 ceteri
256 790 454 858 consulares
483 793 588 871 irent,
624 794 792 879 redirent,
825 795 860 860 in
885 796 1053 863 sententia
1083 798 1211 863 mansi:

25 911 124 971 eque
152 900 191 956 te
216 889 273 958 illc
296 890 350 957 die
371 912 481 974 neque
502 904 641 974 postero
663 895 731 960 vidi
752 915 862 976 neque
884 893 987 960 ullam
1009 898 1210 965 societatem

25 992 156 1073 ›ptirnis
183 991 317 1058 civibus
338 1014 417 1058 curn
439 993 735 1075 importunissimo
757 995 855 1061 hoste
875 994 1015 1061 foedere
1037 995 1106 1063 ullo
1128 1019 1211 1064 con·

25 1092 143 1157 irmari
170 1112 277 1173 posse
298 1090 438 1183 credidi.
480 1094 564 1160 Post
586 1094 674 1160 diem
698 1096 841 1160 tertium.
859 1097 935 1160 veni
949 1097 983 1161 in
999 1097 1117 1162 aedem
1133 1097 1211 1163 Tel-

25 1193 114 1265 uris‚
152 1200 194 1258 et
215 1190 351 1274 quidem
374 1194 520 1270 inritus,
555 1213 633 1284 oum
656 1214 776 1260 omnes
797 1194 909 1261 aditus
932 1198 1053 1262 armati
1075 1196 1210 1264 obside·

25 1304 100 1358 ent.
150 1291 227 1382 Qui
250 1293 308 1383 tibi
330 1292 402 1359 dies
423 1291 497 1377 illc,
520 1294 572 1361 M.
594 1296 743 1378 Antoni,
765 1295 858 1361 mitt>
887 1295 1104 1385 Quamquam
1127 1295 1210 1363 mihi
1229 1308 1270 1370 90

24 1393 178 1460 nimicus
203 1393 316 1460 subito
337 1394 518 1479 exstitisti,
558 1406 671 1461 tamen
697 1397 822 1462 metui
844 1396 1002 1475 miseret,
1037 1397 1129 1480 quod
1151 1400 1210 1465 tibi

25 1493 198 1560 nvideris.

91 1597 280 1658 XXXVI.
324 1594 392 1684 Qui
415 1607 451 1661 tu
473 1596 544 1673 vir,
573 1595 617 1661 dii
634 1596 871 1664 immortales!
902 1609 936 1662 et
957 1608 1103 1678 quantus
1125 1595 1244 1690 luis-A
1289 1606 1292 1613 ”

25 1714 88 1772 rec,
112 1694 143 1762 si
168 1693 262 1762 illius
285 1694 349 1762 dici
372 1708 522 1762 mentem
544 1715 683 1762 servare
702 1694 892 1776 potuisses!
923 1698 1048 1781 Pacem
1069 1697 1210 1763 babere·

25 1816 112 1871 tuus,
136 1816 230 1878 quae
241 1795 416 1862 eratfoctc
428 1816 490 1877 per
501 1796 673 1874 obsidem,
695 1819 841 1878 puerum
856 1795 1023 1872 nobilem,
1044 1797 1095 1864 M.
1108 1797 1209 1863 Bam·

25 1893 162 1962 ballonis
185 1909 362 1978 nepotem.
404 1895 621 1985 Quamquam
639 1899 765 1964 bonum
782 1909 815 1963 te
831 1900 934 1963 timor
952 1896 1115 1972 faciebat,
1137 1919 1209 1963 non

25 1992 203 2064 diuturnus
227 1998 390 2076 magister
412 1998 529 2083 officii,
565 1999 760 2078 improbum
789 1998 872 2063 fecit
898 2017 957 2080 ca,
989 2015 1093 2077 quac,
1125 1996 1208 2062 dum

25 2093 119 2161 timor
148 2098 269 2183 abest,
301 2118 320 2161 a
347 2109 380 2162 te
408 2120 478 2163 non
506 2097 666 2173 discedit,
702 2097 856 2163 audacia.
904 2096 980 2162 Etsi
1003 2108 1102 2188 turn,¹
1127 2114 1207 2159 cum

25 2197 189 2274 optimum
208 2199 431 2278 reputabant,
454 2220 509 2264 me
523 2198 660 2279 quidem
676 2198 908 2270 dissentiente,
929 2196 1041 2261 funeri
1062 2194 1207 2277 tyranni,

25 2295 48 2358 si
60 2294 143 2363 illud
158 2300 267 2364 funus
282 2298 366 2376 fuit,
390 2298 652 2366 sceleratissime
668 2296 855 2376 praefuisti.
899 2294 975 2358 Tua
994 2291 1050 2358 illa
1064 2290 1207 2374 pulchra
1228 2315 1269 2377 91

25 2391 187 2475 laudatio,
223 2410 281 2464 tua
309 2400 501 2484 miseratio,
535 2411 592 2465 tua
620 2396 833 2463 cohortatio:
874 2406 927 2471 tu,
968 2406 1023 2469 tu,
1056 2395 1206 2473 inquam,
1239 2478 1240 2481 Ἴ

25 2491 92 2561 illas
121 2497 220 2565 laces
247 2499 445 2577 incendisti,
478 2512 511 2565 ct
538 2519 613 2575 cas,
646 2497 768 2579 quibus
796 2493 1043 2563 semustulatns
1065 2492 1120 2558 ille
1142 2505 1206 2568 est.

27 2604 55 2654 tt
82 2615 158 2673 cas,
197 2599 321 2681 quibus
347 2600 486 2665 incensa
512 2600 552 2664 L.
576 2597 716 2664 Bellieni
745 2597 869 2663 domus
898 2596 1105 2674 deflagravit.
1152 2593 1209 2658 Tu

27 2691 96 2759 illos
117 2698 268 2779 impetus
289 2697 501 2780 perditorum
524 2696 701 2764 bominum
724 2708 759 2761 ct
780 2717 824 2760 ex
845 2698 994 2763 maxima
1020 2707 1117 2775 parte
1137 2697 1226 2760 ser?

29 2812 162 2873 vorum,
186 2820 275 2880 quos
297 2819 359 2865 nos
379 2800 412 2863 vi
435 2818 606 2879 manuque
627 2795 856 2880 reppulimus,
878 2797 910 2861 in
932 2807 1068 2861 nostras
1085 2795 1207 2860 domos

29 2889 207 2962 immisisti,
250 2896 345 2962 idern
374 2910 486 2962 tamen
515 2895 610 2979 qnasi
638 2896 778 2976 fuligine
807 2897 959 2962 abstersa
981 2894 1118 2974 reliquis
1140 2894 1210 2958 die-

31 2989 84 3058 bus
111 2995 143 3061 in
176 2998 347 3079 Capitolio
375 2996 561 3078 praeclara
578 3007 717 3065 senatus
739 2990 896 3060 consulta
915 2992 1046 3069 fecisti,
1078 3012 1120 3054 ne
1143 3013 1209 3070 qua

31 3104 102 3165 post
126 3092 211 3162 ldus
239 3098 385 3164 Martias
414 3096 639 3163 immunitatis
666 3092 780 3160 tabula
805 3113 892 3158 neve
928 3092 1025 3156 cuius
1055 3090 1209 3155 beneficii

32 3187 197 3265 flaccum.
240 3197 431 3263 Meministi
454 3199 526 3278 ipse
548 3196 590 3262 dc
612 3192 789 3271 exulibus3
810 3194 897 3265 scis,
931 3190 973 3256 de
993 3189 1209 3257 immunitate

36 3290 105 3365 quid
131 3291 270 3363 dixeris.
324 3297 500 3377 Optimum
531 3316 631 3376 vero,
668 3293 759 3375 qnod
797 3292 989 3358 dictaturae
1017 3309 1142 3357 nomen
1173 3290 1207 3351 in

34 3405 225 3470 perpetuum
249 3395 291 3462 de
313 3418 349 3460 rc
371 3396 506 3477 publica
527 3393 706 3461 sustulisti.
759 3391 838 3482 Quo
861 3391 997 3472 quidem
1021 3391 1111 3454 sacto
1135 3401 1208 3453 tan-

38 3494 100 3554 lutn
120 3506 156 3561 te
176 3498 309 3577 cepisse
330 3495 444 3560 odium
467 3497 563 3574 regni
587 3494 785 3571 videbatur,
817 3505 855 3557 ut
876 3493 1105 3559 eiusomncm
1128 3510 1210 3569 pro·

36 3596 103 3660 piet·
122 3598 322 3670 proximum
345 3595 554 3661 dictatorern
584 3607 713 3660 metum
745 3591 893 3665 tolleres.
937 3589 1133 3655 Constitnta
1155 3605 1208 3650 res
1231 3598 1270 3658 ιιι

39 3687 162 3758 Publica
191 3695 368 3761 videbatur
396 3694 486 3770 aliis,
524 3695 605 3760 mibi
628 3715 710 3761 vero
732 3691 824 3758 nullo
846 3689 969 3765 modo,
1006 3689 1060 3768 qui
1083 3686 1207 3750 omnia.
1234 3750 1236 3753 .

40 3790 67 3845 le
81 3792 303 3882 gubernante,
325 3795 505 3874 naufragia
522 3796 729 3861 metuebam.
764 3794 855 3858 Num
872 3809 927 3854 me
943 3790 1045 3867 igitur
1064 3780 1212 3849 fefellit?

45 3899 227 3927 ¹5—-

99 3980 166 4039 i89·
184 3994 238 4044 pon
254 3991 315 4035 diem
333 3980 436 4047 tertium]
455 3985 523 4031 XVI.
542 3985 600 4030 Kal.
619 3983 701 4041 April.
721 3980 776 4041 (li.
795 3983 819 4026 d.
837 3977 924 4040 Mart.)

101 4083 168 4142 i90·
185 4093 220 4138 M.
237 4095 258 4139 F
260 4076 342 4141 ulvlns'
356 4091 486 4137 Bambalio
505 4083 663 4163 (ψεμιστὴς)
682 4088 786 4134 Fuleae
804 4094 890 4145 puter,
908 4086 983 4130 bomo
1000 4073 1159 4123 ,turrinimun

102 4187 113 4246 i

130 4192 170 4238 91.
188 4193 361 4254 semustulctur]
380 4203 472 4241 temero
490 4208 519 4239 ac
538 4194 743 4252 permultum,
761 4204 810 4238 non
829 4192 853 4236 in
872 4202 935 4246 rogo
953 4184 999 4229 rite
1016 4182 1144 4223 crematur.

854 4289 893 4348 26
