2850 4759
196 273 259 370 ειη
395 349 408 357 ψ,
518 305 528 318 -
663 259 945 331 ciceronis

197 431 257 498 sed
283 432 316 496 in
343 428 497 495 omnihus
523 420 611 491 villis
637 422 756 499 halrct,
791 422 938 487 tricenos
967 416 1076 486 lectos
1096 420 1224 500 optime
1249 428 1383 486 stratos

198 555 275 599 cunr
302 533 424 598 ceteris
454 529 663 594 ornamentis
691 525 841 591 convivii
869 534 1066 607 pirenem,
1101 521 1242 586 nimium
1269 517 1383 584 inulta

197 653 395 716 comparare
420 630 604 698 videretur.
655 626 758 693 Nulla
783 627 904 693 domus
929 626 962 691 in
988 623 1101 690 Sicilia
1124 620 1277 703 locuples
1299 621 1380 697 fuit,

138 746 176 806 ⁵9
197 737 251 803 uhi
280 740 345 802 iste
372 756 440 800 non
470 735 657 798 textrinum
685 729 882 796 instituerit.
925 724 1052 793 Mulier
1085 735 1138 790 est
1172 723 1379 807 Segestana,

196 838 353 926 perdives
375 848 408 901 ct
426 833 565 910 nobilis,
588 833 704 898 Lamia
722 832 876 898 nomine:
896 848 956 911 per
975 827 1156 894 triennium
1180 825 1255 902 isti,
1276 823 1383 908 plena

197 943 296 1007 donno
324 938 489 1014 telarum,
520 933 709 1013 stragulam
739 946 866 1000 vestem
896 930 1068 1009 confecit,
1102 926 1191 1006 nihil
1210 928 1274 993 nisi
1294 949 1383 993 con·

197 1040 310 1122 chylio
329 1042 485 1107 tinctum.
528 1036 677 1115 Attalus,
698 1034 803 1102 homo
823 1035 1041 1117 pecuniosus,
1062 1032 1161 1110 Neti3
1181 1030 1273 1111 Lyso
1290 1028 1383 1110 Lily·

197 1147 289 1223 linei,
329 1140 500 1209 Critolaus
533 1146 684 1217 Aetnae3
719 1138 898 1218 Syracusis
931 1135 1119 1217 Aeschrio,
1150 1133 1382 1226 Cleomenes,

197 1248 227 1313 Τ
231 1245 474 1322 heomrrastu33
503 1241 621 1308 Helori
639 1239 867 1308 Archonidas.
907 1239 986 1306 Dies
1007 1259 1062 1305 me
1083 1237 1183 1303 eitius
1201 1234 1383 1314 defecerit,

198 1370 299 1431 qnam
322 1348 470 1413 nomina.
509 1344 586 1426 lpse
602 1343 704 1409 dabat
726 1364 937 1426 purpuram,
959 1351 1090 1408 tantum
1108 1360 1247 1422 operam
1264 1340 1380 1405 amici.

197 1451 326 1517 Credo:
349 1453 415 1515 iam
437 1448 527 1513 enim
553 1469 620 1512 non
640 1446 722 1513 libet
739 1445 853 1511 omnia
874 1445 1064 1510 criminari:
1086 1444 1183 1526 quasi
1208 1442 1274 1508 hoc
1296 1442 1383 1510 mihi

197 1575 266 1617 non
286 1553 368 1619 satis
386 1553 433 1618 sit
453 1549 495 1615 ad
518 1549 666 1627 crimen,
690 1547 849 1614 habuisse
872 1559 940 1611 tam
961 1545 1127 1624 multum,
1148 1544 1240 1627 qnod
1261 1545 1382 1647 deret3

197 1654 347 1720 voluisse
369 1652 548 1734 deportare
573 1665 642 1717 tam
663 1649 789 1728 multa3
818 1650 884 1716 hoc
904 1647 1065 1729 denique,
1096 1647 1186 1728 quod
1207 1646 1382 1724 concedit,

138 1755 388 1827 Auruncorum
427 1756 538 1836 operis
573 1773 649 1820 esse
682 1754 716 1818 in
752 1749 987 1819 huiuscemodi
1017 1749 1118 1816 rebus
1149 1771 1262 1818 usum.
1306 1750 1381 1818 lam

199 1880 283 1924 vero
315 1856 423 1925 lectos
452 1868 585 1922 aeratos
616 1868 650 1921 et
674 1854 878 1921 candelabra
900 1873 1020 1931 aenea,
1053 1874 1135 1919 uum
1161 1850 1214 1917 cui
1241 1865 1381 1933 practer

198 1965 301 2027 istum
311 1961 488 2041 Syracusis
502 1980 564 2042 per
580 1960 760 2024 triennium
777 1958 867 2044 facta
882 1976 957 2022 esse
968 1954 1199 2024 existimarut
1220 1954 1381 2022 Emebat.

200 2063 327 2128 Credo.
369 2059 435 2127 Sed
458 2073 588 2127 tantum
612 2081 676 2126 vos
695 2062 874 2136 certiores,
902 2059 1047 2133 iudices,
1075 2056 1184 2141 facio,
1212 2058 1385 2137 quidiste

199 2169 232 2231 in
259 2165 434 2246 provincia
462 2175 600 2245 praetor
626 2164 750 2241 egerit,
773 2183 815 2227 nc
844 2163 898 2227 cui
919 2161 1009 2227 forte
1034 2156 1208 2238 negligens
1230 2159 1385 2227 ninriurn

199 2271 306 2335 llrisse
330 2267 505 2344 videatur,
541 2283 711 2349 nequcse
740 2266 841 2342 setis,
872 2284 951 2329 cum
975 2271 1183 2344 potestatem
1209 2259 1385 2342 habuerit,

199 2372 403 2439 instruxisse
425 2382 459 2436 et
479 2387 633 2436 ornasse.

276 2471 425 2539 xxvtl.
464 2470 569 2535 Venio
592 2489 684 2534 nunc
703 2491 774 2535 non
793 2468 861 2534 iam
883 2466 924 2533 ad
947 2466 1097 2545 furtum,
1117 2487 1188 2535 non
1208 2464 1251 2533 ad
1267 2466 1383 2533 uvari-

200 2577 302 2650 tium,
336 2595 405 2639 non
433 2571 475 2639 ad
502 2569 741 2651 cupiditatem,
782 2568 842 2636 sed
868 2568 1036 2637 eiusmodi
1061 2572 1212 2654 lacinus,
1248 2570 1382 2660 inquo

200 2674 317 2745 onmia
334 2673 465 2739 nefaria
485 2672 651 2738 contineri
674 2671 756 2739 mihi
778 2682 878 2754 atque
899 2673 1010 2739 inesse
1030 2672 1229 2748 videantur;
1256 2674 1290 2739 in
1312 2694 1382 2756 quo

200 2777 246 2844 dii
268 2773 479 2842 immortales
500 2772 636 2850 violati,
669 2774 877 2840 existirrrrtic
899 2785 1000 2855 etque
1020 2774 1208 2842 auctoritas
1229 2774 1380 2842 nominis

200 2878 317 2963 populi
338 2878 479 2944 Ronrani
502 2876 697 2954 imminuta,
719 2875 904 2957 hospitium
926 2875 1110 2959 spoliatum
1131 2897 1173 2943 ec
1191 2877 1379 2963 proditum,

200 2981 378 3048 abalienati
411 2978 541 3048 scelere
575 2979 672 3045 istius
707 3000 727 3045 a
762 2980 859 3046 nobis
894 3000 1014 3046 omnes
1050 3000 1148 3059 reges
1180 2979 1380 3062 amicissimi

139 3087 439 3167 senariumque,
480 3101 566 3163 qnae
593 3082 626 3147 in
654 3102 773 3147 corum
802 3102 910 3160 reguo
938 3101 979 3147 ac
999 3079 1132 3147 dicione
1152 3093 1247 3147 sunt.-
1289 3082 1379 3149 Nam

199 3209 298 3267 reges
328 3187 462 3267 Syriae,
505 3184 593 3263 regis
624 3183 785 3251 Antiochi
816 3182 904 3251 lilios
936 3202 1079 3265 pucros,
1122 3182 1216 3252 scitis
1246 3184 1379 3251 Rornae

267 3443 279 3504 l
291 3443 332 3490 59.
352 3438 450 3505 Aetnae]
470 3442 531 3501 Reg.
550 3413 617 3487 held.
636 3440 733 3485 Hennae
750 3441 776 3489 Z.
795 3467 827 3480 -
843 3455 988 3500 purpuram,
1006 3447 1093 3488 unum
1104 3456 1200 3499 operam
1211 3438 1302 3505 emim]
1321 3441 1382 3501 Reg·

201 3528 270 3573 Leld.
298 3520 355 3573 ¹Per
371 3525 478 3594 ironiam
495 3525 586 3571 crimen
603 3525 628 3570 in
643 3525 744 3570 Verrem
760 3526 879 3584 collatum
898 3529 987 3574 clevet.
1005 3527 1057 3573 cfr.
1075 3527 1184 3586 using.
1196 3526 1244 3586 Ep.
1256 3543 1283 3586 p.
1295 3527 1384 3573 54.-

201 3612 297 3669 Volgo:
315 3596 374 3667 'r'pee
387 3601 469 3654 'dabat
487 3613 738 3666 meromontem,
763 3611 835 3654 amiel
852 3624 952 3667 operm
977 3612 1044 3671 quod
1061 3610 1153 3656 fectum
1169 3609 1266 3657 ridetur
1283 3625 1297 3657 e
1314 3623 1381 3670 seqq.

200 3692 329 3740 emichrum
346 3697 425 3752 operis
442 3708 609 3740 erre-urum.
644 3694 690 3739 Sed
702 3694 769 3740 eliud
781 3701 817 3740 est
832 3695 866 3738 u'tr'
882 3696 961 3751 operis
977 3696 1119 3750 amicorum,
1135 3693 1202 3739 eliud
1214 3696 1272 3739 dure
1284 3706 1383 3751 operase

201 3792 295 3838 operae
313 3779 452 3838 (operarii)
470 3783 537 3826 certe
555 3793 603 3825 non
621 3779 757 3835 debentur,
786 3779 828 3823 sed
846 3791 909 3837 opus
925 3779 1002 3837 gratis
1020 3778 1043 3824 ei
1060 3778 1135 3824 hehet
1151 3777 1203 3825 sire
1220 3778 1334 3823 debetur.
1354 3775 1383 3820 Ζ.

268 3887 280 3948 l
292 3889 333 3934 ct.
352 3900 417 3945 reges
430 3883 520 3951 Syriae]
544 3886 704 3943 „Antiochus
717 3891 742 3931 et
753 3886 879 3937 Seleucus,
896 3899 1000 3946 quorum
1012 3891 1083 3946 peter
1093 3885 1230 3932 Antiochus
1242 3876 1257 3933 ὃ
1269 3877 1384 3949 Euandria

201 3972 289 4017 dudum
307 3977 416 4018 mortuus
433 3978 494 4017 eret.
530 3971 672 4030 Aegyptum
689 3974 772 4014 eutem
792 3968 951 4027 postulabant
968 3983 984 4016 e
1002 3976 1087 4016 senatu
1105 3969 1235 4023 Romano,
1264 3968 1324 4029 quia
1340 3967 1382 4012 Se-

201 4056 256 4101 lene
279 4056 329 4101 lilla
353 4062 407 4101 oret
432 4054 569 4101 Ptolemaei
592 4052 740 4111 Physconis,
768 4063 840 4098 soror
865 4053 980 4112 Lathyri,
1009 4068 1060 4113 quo
1077 4059 1176 4099 mortuo
1193 4059 1218 4097 et
1235 4052 1382 4109 interemptu

153 4193 157 4204 Ι
202 4139 272 4185 unice
291 4140 341 4185 lilia
359 4138 468 4198 legitima
487 4136 619 4192 Berenice,
650 4149 750 4200 regnum
768 4136 900 4182 affectabat
917 4136 1031 4193 Auletes,
1060 4138 1149 4184 nothus
1166 4136 1269 4195 Lathyri
1288 4134 1382 4180 filius.“

201 4224 311 4283 Zumpt.3
328 4222 369 4283 qni
388 4220 488 4266 omnino
506 4220 675 4265 consulendus.
711 4219 761 4265 Per
777 4224 881 4277 ternpore
899 4223 958 4279 reip.
977 4221 1041 4268 idem
1058 4220 1191 4281 significari
1209 4226 1281 4279 putet
1292 4218 1382 4265 bellum

202 4319 326 4353 servorum
344 4318 367 4349 e.
386 4302 444 4347 681.
