2850 4759
176 305 218 371 es
650 248 916 387 mosaonrs'

181 460 414 544 glosiosimum
452 452 674 524 simulacrum
703 450 796 518 loris
830 444 1070 530 Imperatoris,
1106 460 1208 524 quem
1238 438 1362 506 Graeci

179 560 289 633 Urion
325 560 519 633 nominant,
559 553 788 637 pulcherrime
822 549 970 627 factum,
1016 567 1130 614 nonne
1164 540 1361 612 abstulisti?

180 664 304 757 Quid?
325 683 370 728 ex
389 657 471 727 aede
487 658 625 724 Liberae
642 661 668 732 †
686 674 830 736 parvum
851 663 954 733 caput
976 646 1060 716 illud
1077 645 1361 730 pulcherrimum,

181 766 274 850 quod
300 765 411 831 visere
438 757 649 833 solebamus,
681 777 764 821 uum
795 753 957 821 dubitasti
986 748 1133 818 tollere?
1167 749 1282 827 Atque
1310 742 1362 808 ille

180 873 297 935 Paean
331 862 507 933 sacrificiis
537 857 777 926 anniversariis
801 853 903 923 simul
929 874 1009 921 cum
1040 846 1245 928 Aesculapio
1271 844 1364 927 apud

182 968 261 1037 illos
292 964 486 1033 colebatur:
518 960 717 1043 Aristaeus,
751 957 824 1038 qui,
856 956 908 1036 [ut
935 952 1058 1019 Graeci
1090 951 1222 1026 serunt,
1254 948 1366 1014 Liberi

181 1065 306 1149 lilius],
339 1067 498 1134 inventor
526 1059 592 1127 cler
622 1079 699 1127 esse
726 1058 866 1136 dicitur,
899 1076 966 1123 una
1001 1075 1080 1121 oum
1113 1052 1237 1119 Libero
1266 1063 1366 1132 patre

183 1167 273 1249 apud
298 1166 375 1232 illos
396 1164 517 1231 eodem
544 1172 618 1227 erat
637 1161 671 1228 in
695 1155 822 1239 templo
845 1167 1083 1223 consecratus:

120 1277 180 1339 lto
270 1266 387 1336 Lvttt.
429 1267 547 1331 lovem
579 1272 693 1328 autern
728 1260 975 1340 Imperatorem
1009 1266 1136 1338 quanto
1167 1254 1307 1321 honore
1336 1254 1366 1318 in

183 1393 248 1439 suo
277 1365 405 1450 templo
428 1365 535 1432 fuisse
555 1360 792 1429 arbitramini?
815 1359 991 1426 Coniicere
1012 1358 1174 1440 potestis,
1197 1358 1225 1422 si
1248 1376 1368 1441 recor·

182 1473 257 1540 dari
274 1467 468 1544 volueritis,
489 1477 614 1549 quanta
631 1461 797 1541 religione
812 1460 917 1526 fuerit
934 1459 1052 1525 eadem
1070 1459 1184 1540 specie
1202 1479 1241 1524 ao
1254 1458 1368 1523 forma

183 1576 322 1653 signum
346 1569 448 1647 illud,
468 1566 561 1649 quod
586 1587 633 1630 ex
658 1563 859 1631 Macedonia
886 1574 1024 1643 captum
1050 1562 1088 1626 in*
1107 1557 1274 1641 Capitolio
1310 1581 1369 1639 po·

184 1684 300 1742 suerat
318 1670 536 1739 Flamininus.
578 1666 714 1732 Etenim
735 1664 801 1729 tria
824 1662 1022 1730 ferebantur
1036 1664 1071 1730 in
1092 1663 1174 1728 orbe
1196 1672 1367 1727 terrarum

184 1777 281 1855 signa
312 1773 403 1839 lovis
440 1767 660 1849 lmperatoris
687 1787 757 1831 uno
786 1765 820 1830 in
850 1784 975 1843 genere
998 1763 1228 1845 pulcherrime
1257 1762 1368 1827 facta:

151 1917 154 1920 -
182 1897 291 1942 unum
315 1871 397 1938 illud
422 1867 705 1944 Macedonicum,
726 1863 818 1946 quod
842 1865 877 1930 iu
902 1863 1070 1946 Capitolio
1093 1863 1260 1931 vidimus:
1284 1864 1370 1929 alte·

100 2061 103 2066 ,
184 1999 261 2042 rum
282 1975 315 2039 in
334 1971 435 2038 Ponti
452 1990 511 2035 ore
531 1980 565 2033 et
586 1968 771 2045 angustiis:
795 1967 952 2044 tertium,
982 1965 1073 2048 qnod
1091 1966 1269 2046 Syracusis
1289 1976 1369 2030 ante

184 2077 329 2141 Verrem
358 2083 553 2154 praetorem
579 2070 654 2135 l'uit.
704 2066 792 2133 lllud
819 2067 1023 2134 Flamininus
1052 2070 1098 2133 ita
1126 2087 1170 2131 ex
1197 2065 1279 2131 aede
1308 2085 1373 2132 sna

185 2174 343 2252 sustulit,
366 2186 403 2238 ut
419 2175 453 2238 in
466 2169 646 2252 Capitolio,
669 2167 736 2234 boc
756 2180 821 2245 est,
847 2170 881 2233 iu
900 2168 1054 2234 terrestri
1067 2166 1241 2233 domicilio
1258 2166 1371 2244 loris,

122 2286 341 2361 asoponerer.
372 2271 490 2363 *Quod
522 2283 637 2337 autern
670 2281 724 2335 est
752 2267 795 2334 ad
830 2271 1006 2335 introitum
1042 2268 1162 2348 Ponti,
1198 2268 1250 2346 id,
1285 2290 1395 2334 cunr-

185 2394 254 2447 tam
283 2377 389 2444 multa
411 2395 455 2440 ex
485 2371 543 2439 illo
571 2372 657 2437 mari
678 2368 764 2436 bella
788 2372 1006 2444 emerserint,
1041 2381 1108 2436 tarn
1136 2367 1242 2435 mults
1263 2389 1369 2449 porro

189 2484 224 2547 in
246 2480 393 2545 Pontum
422 2474 666 2546 inverterint,
701 2469 873 2551 usquead
895 2469 983 2536 lianc
1006 2468 1097 2535 diem
1123 2471 1297 2549 integrum
1321 2471 1371 2534 iu-

191 2579 423 2658 victarumque
450 2585 625 2644 servatum
653 2584 722 2639 est.
764 2570 838 2637 Hoc
871 2571 1026 2656 tertium,
1054 2570 1145 2654 quod
1170 2582 1245 2637 erat
1269 2570 1372 2650 syra-

192 2731 419 2755 ..μ’

187 2860 266 2907 Codd.
284 2858 398 2906 meliores
414 2870 461 2904 nou
477 2858 530 2903 dub.
548 2854 609 2905 Cod.
628 2848 720 2915 Sgali„
743 2859 770 2901 ut
786 2853 909 2910 Beekius,
927 2853 1040 2902 dubitarat
1057 2856 1159 2925 mttere?
1176 2879 1211 2893 -
1228 2854 1267 2917 [ut
1285 2854 1373 2901 Graeci

182 2941 283 3001 serm,
301 2941 384 2986 Lr'berr'
394 2937 475 2999 filius]
493 2939 607 2984 Maxime
624 2940 686 2985 bueo
704 2939 808 2997 propter
824 2953 848 2984 v.
866 2939 967 2991 dieitur,
988 2940 1055 2998 quod
1072 2939 1169 2986 minime
1186 2938 1301 2997 congruit
1318 2950 1373 2983 cun

187 3037 228 3072 rr.
247 3028 274 3068 ut
293 3023 337 3068 Gr.
350 3022 448 3081 ferunt,
466 3016 581 3067 Ernestio
598 3026 623 3065 et
635 3021 750 3084 Zumptio
768 3016 896 3066 subotrirn
914 3020 967 3068 visu
984 3027 1045 3067 sunt
1081 3021 1175 3067 Contra
1186 3015 1293 3085 σφάλμα
1306 3036 1375 3085 μνη·

185 3099 291 3171 prounde
308 3119 362 3151 esre
379 3110 451 3163 putat
469 3102 648 3149 Broendstuedt
664 3104 734 3148 Retro
745 3102 773 3156 l,
792 3117 817 3161 p.
830 3102 886 3158 44.,
910 3117 942 3148 eo
959 3103 1036 3162 mugio
1053 3105 1119 3163 quod
1135 3103 1189 3163 ipre
1206 3104 1297 3150 Cicero
1314 3087 1374 3146 Nur·

187 3187 263 3232 Deor.
276 3185 306 3239 11,
326 3186 366 3231 18.
392 3191 458 3231 reete
482 3187 583 3234 eundern
605 3183 731 3243 Apollinis
754 3185 830 3232 filium
852 3185 971 3245 appellet.
1006 3184 1099 3231 Similes
1121 3199 1217 3231 errores
1234 3176 1295 3229 alibi
1312 3196 1374 3229 rane

187 3265 323 3322 commisit,
349 3271 376 3311 ut
392 3266 417 3311 lu
435 3267 482 3312 buc
499 3267 554 3325 ipre
572 3268 686 3313 oratione
698 3265 715 3328 ¹l
731 3265 778 3310 128
797 3269 822 3311 ot
844 3269 877 3312 ad
898 3268 1008 3324 Faml,
1028 3268 1068 3312 10.
1087 3268 1130 3311 illo
1146 3269 1169 3310 εἰ
1183 3270 1288 3319 orneris,
1311 3271 1373 3310 tam·

187 3361 256 3407 quam
284 3345 366 3391 Ulixes
388 3360 513 3406 cognosces
535 3353 625 3393 tuorum
647 3341 784 3391 nemimm.'
802 3346 908 3405 toid.c,
928 3350 967 3395 ts.
996 3350 1145 3394 stemmtoclr'
1160 3348 1224 3407 fugo
1241 3350 1373 3406 redituque.

188 3428 287 3474 umet.
298 3427 330 3484 4,
347 3429 388 3476 22.
406 3429 544 3481 Hectorem,
563 3427 754 3486 queamdmodum
771 3432 805 3471 ert
820 3432 883 3486 apud
893 3431 1036 3485 Homerum,
1054 3436 1104 3480 toto
1117 3436 1212 3488 pectore
1228 3435 1374 3476 uenenum.

188 3511 268 3557 Immo
285 3511 333 3557 boc
350 3511 406 3570 ipro
423 3513 482 3559 loco
502 3511 529 3555 Τ.
551 3511 669 3562 (inimicum
685 3510 859 3565 Flamininum,
877 3513 919 3572 qui
935 3514 1078 3573 Philippum
1096 3527 1178 3573 regem
1195 3514 1376 3573 apuu-cyno*

188 3592 305 3651 oopbulus
326 3593 352 3639 iu
378 3592 505 3639 Thessalis
530 3591 588 3638 vicit
606 3605 630 3636 ι.
648 3605 672 3636 u.
691 3605 712 3636 c.
731 3589 790 3637 557.
808 3594 946 3641 confudisse
963 3596 1058 3643 ridetur
1076 3609 1129 3641 cum
1149 3596 1176 3641 Τ.
1199 3597 1295 3649 Quinem
1318 3595 1376 3640 crr—

188 3675 296 3729 dumo,
322 3688 394 3736 quem
417 3674 500 3720 Liriur
517 3674 547 3728 6,
564 3672 608 3717 119.
626 3686 650 3724 a.
668 3684 693 3717 u.
711 3685 734 3717 e.
756 3673 816 3719 816.
841 3674 936 3733 signum
957 3675 1026 3722 loris
1049 3674 1211 3734 imperatorio
1233 3674 1377 3723 Praeneste

188 3763 265 3816 copto
282 3760 409 3804 devectum
427 3755 451 3800 lu
469 3752 620 3811 Capitolium
643 3753 728 3799 tulisse
743 3759 819 3813 atque
835 3755 898 3799 iuter
922 3754 1097 3801 cellcmflovls
1115 3760 1140 3800 ct
1156 3753 1286 3799 Minerva
1302 3753 1377 3798 derli-

189 3853 258 3885 casce
281 3838 365 3883 trudit.
389 3837 434 3882 cfr.
457 3834 603 3892 Zumptiurn.
619 3857 655 3871 ·-
671 3831 783 3898 vidimus]
806 3836 853 3900 Ed
875 3835 978 3883 Modiol.
1002 3835 1077 3893 1498,
1103 3834 1162 3896 quia
1183 3835 1373 3894 denegaverat

189 3919 342 3977 Capitolium
359 3915 429 3963 annis
446 3922 504 3962 unte
520 3915 590 3961 xlv.
608 3917 635 3963 Z.
653 3904 826 3978 uidemurlleg.
839 3917 907 3964 Leto.
925 3916 1000 3976 spat.
1010 3942 1043 3955 -
1055 3917 1080 3960 e'n
1091 3917 1166 3961 Ponti
1176 3912 1229 3978 ore]
1247 3915 1294 3973 „in
1306 3929 1378 3976 agro

188 3999 402 4048 Chalcedonico.“
419 3999 446 4044 Z.

257 4105 342 4167 1131).
359 4099 473 4166 uiderat]
490 4105 604 4165 udooque
620 4077 849 4165 autumpnum,
866 4118 912 4152 nec
928 4110 1010 4152 tumen
1027 4116 1059 4149 ec
1075 4102 1212 4161 cupiditate
1228 4107 1308 4148 uetus
1328 4109 1378 4150 cst.

189 4187 283 4233 Moneo
315 4191 421 4246 propter
448 4186 574 4233 Herclium
602 4187 775 4237 coniicientan
796 4189 933 4248 reliquerat.
973 4184 1092 4248 Equitem
1113 4184 1197 4232 mrim
1221 4185 1378 4233 maa·-

189 4264 339 4332 narcetem]
358 4267 419 4329 Reg.
436 4267 470 4315 11.
488 4268 625 4316 Marcellum
642 4269 669 4316 Z.
1278 4281 1283 4294 ¹
