2850 4759
232 280 303 345 aaa.
693 272 924 372 cressonis

232 441 299 514 xit,
334 439 456 521 iuquit,
489 457 548 505 eos
568 459 588 504 a
609 435 754 525 colonis,
793 448 831 503 ut
858 435 924 504 hoe
951 435 1089 505 dissidio
1118 458 1157 503 ac
1184 433 1387 502 dissensione

232 545 339 624 facta,
361 541 521 627 oppidum
536 545 570 607 in
586 562 644 608 sua
660 553 828 626 potestate
841 554 958 624 posset
972 553 1005 606 et
1020 542 1243 622 Pompeianos
1258 539 1385 605 habere.

119 670 124 685 ¹
223 647 381 713 *Primum
398 647 506 714 omnis
523 646 805 728 Pompeianorum
821 645 1087 727 colonorumque
1103 644 1268 711 dissensio
1284 644 1387 709 delata

232 747 274 816 ad
300 760 561 833 patronosest,
597 771 674 816 cum
707 751 773 816 ianr
806 750 1027 818 inveterasset
1054 770 1094 817 ac
1128 747 1261 815 'multos¹
1288 769 1386 813 aranos

233 867 322 923 esset
350 855 538 935 exagitata,
573 852 692 921 deinde
720 855 767 920 ita
794 874 813 919 a
841 855 989 936 patronis
1020 874 1072 919 res
1095 853 1231 932 cognita
1253 864 1319 927 est,
1356 862 1387 915 ut

231 955 324 1024 nulla
343 958 377 1024 in
398 979 435 1031 ve
448 980 467 1025 a
481 971 673 1026 ceterorum
689 959 860 1027 sententiis
876 954 966 1024 Sulla
981 956 1197 1036 dissenserit3
1218 968 1386 1038 postremo

232 1060 343 1128 coloni
370 1062 431 1145 ipsi
459 1062 509 1130 sic
534 1059 741 1147 intelligunt,
773 1085 840 1130 non
870 1062 1093 1145 Pompeianos
1122 1081 1141 1126 a
1168 1058 1263 1126 Sulla
1290 1059 1387 1138 magis

172 1170 210 1235 bl
232 1186 330 1247 quam
352 1182 427 1233 sese
449 1187 522 1234 esse
543 1164 710 1234 defensos.
752 1169 863 1249 Atque
884 1163 969 1240 hoc,
1000 1164 1145 1242 iudices,
1178 1182 1223 1229 ex
1243 1161 1309 1228 hac
1327 1162 1388 1227 sre-

232 1269 367 1352 quentia
387 1267 607 1348 colonorum,
641 1269 955 1338 honestissimorum
978 1267 1171 1345 hominum,
1206 1264 1387 1345 intelligere

231 1373 391 1456 potestis,
413 1374 468 1456 qui
489 1371 626 1452 adsunt,
648 1371 820 1452 laborant,
842 1372 931 1440 hunc
945 1384 1143 1457 patronum,
1165 1371 1386 1453 defensorem,

233 1475 408 1545 custodem
429 1474 516 1544 illius
539 1476 710 1558 coloniae,
740 1479 773 1569 si
800 1479 833 1544 in
855 1477 946 1545 omni
966 1480 1104 1543 fortuna
1125 1488 1226 1560 atque
1248 1477 1283 1542 in
1306 1476 1388 1543 omui

233 1576 363 1645 honore
377 1578 579 1648 incolumem
595 1579 718 1648 habere
733 1605 799 1650 non
814 1591 1015 1664 potuerunt,
1043 1581 1076 1646 in
1092 1579 1157 1646 hoc
1174 1592 1387 1662 tamencum,

235 1704 301 1765 quo
327 1683 465 1751 afflictus
493 1685 596 1763 iacet,
635 1707 696 1767 per
725 1707 785 1753 vos
813 1686 914 1751 tutari
944 1705 1213 1767 conservansque
1244 1687 1389 1767 cupiunt

235 1783 368 1852 Adsunt
388 1787 458 1867 pari
479 1787 592 1855 studio
615 1788 824 1871 Pompeiani,
856 1790 912 1871 qui
938 1788 976 1853 ab
998 1785 1060 1853 illis
1089 1789 1189 1853 etiam
1213 1789 1246 1853 in
1270 1789 1389 1854 crimen

234 1901 418 1987 queantur}
452 1891 507 1974 qui
534 1892 579 1957 ita
606 1889 646 1957 de
674 1889 900 1959 anibulatione
920 1901 954 1956 et
975 1890 1016 1956 de
1037 1890 1205 1970 suffragiis
1227 1892 1299 1958 suis
1321 1913 1389 1959 eum

235 1991 363 2060 colonis
383 1991 630 2074 dissenserunt,
661 2007 700 2061 ut
726 1994 815 2061 idern
836 1992 877 2060 de
898 1996 1068 2061 eomuruni
1090 1997 1198 2062 salute
1219 1996 1389 2061 sentirent.

176 2099 214 2162 62
236 2096 288 2161 Ac
313 2117 355 2162 nc
380 2095 463 2164 haec
483 2098 617 2181 quidem
640 2101 676 2166 P.
700 2095 810 2165 Sullae
830 2097 910 2164 mihi
938 2099 1071 2163 videtur
1091 2095 1225 2177 silentio
1248 2111 1390 2180 praeter·-

237 2198 346 2266 eunda
373 2221 447 2268 esse
474 2204 599 2280 virtus,
630 2199 721 2285 quod
749 2222 825 2267 cum
853 2198 893 2266 ab
920 2200 985 2267 hoc
1012 2200 1068 2267 illa
1096 2200 1230 2268 colonia
1255 2201 1390 2269 deducta

237 2303 281 2370 sit
305 2316 339 2370 et
366 2324 443 2372 cum
472 2303 652 2374 commoda·
676 2302 878 2373 colonorum
905 2304 1090 2372 afortunis
1110 2307 1390 2389 Pompeianorum

237 2426 428 2445 Μ

304 2488 316 2551 l
336 2491 377 2534 61.
398 2493 464 2549 atque
489 2491 513 2534 ire
537 2485 616 2552 omni]
640 2494 707 2547 atque
727 2484 790 2534 omni
809 2487 902 2533 Manui.
925 2493 973 2534 tac.
995 2487 1067 2534 Tora.
1085 2514 1120 2526 -
1136 2488 1327 2553 coacervas-eque]
1347 2503 1392 2545 epa·

237 2576 367 2632 servarique
386 2573 416 2619 P.
433 2571 504 2619 Rern.
526 2573 617 2620 Gener.
634 2598 667 2610 -
683 2569 849 2635 ambulatione]
871 2573 993 2617 ambitione
1013 2573 1105 2619 Manet.
1123 2578 1172 2619 tac.
1191 2572 1265 2619 Torr.

305 2665 377 2731 5‘62.
397 2668 432 2711 rei
450 2664 565 2727 pvblicae]
590 2664 631 2712 ste
653 2665 727 2712 etiam
746 2665 776 2711 P.
795 2664 867 2711 Bem.
888 2666 979 2712 Genev.
999 2667 1080 2724 populi
1099 2667 1145 2711 Ro.
1164 2666 1258 2712 Manat.
1274 2691 1309 2702 —
1325 2668 1390 2712 diiu-

238 2750 314 2811 uerit]
329 2751 433 2796 diviserit
448 2751 540 2797 Manat.
552 2757 600 2798 tac.
608 2748 680 2799 Tora.
691 2777 721 2790 -
731 2750 933 2811 comparabantur]
951 2752 1127 2809 comparabatur
1140 2751 1170 2797 P.
1183 2750 1256 2798 Besa.
1267 2752 1358 2799 Gener.
1366 2773 1390 2787 -

216 2894 219 2899 ἡ
238 2836 304 2891 atqua
324 2834 348 2876 in
370 2831 422 2893 boa]
444 2837 510 2893 atque
531 2835 575 2878 boe
594 2833 689 2879 Manui.
704 2838 752 2880 tac.
772 2834 844 2881 Tora.
861 2860 894 2874 -
907 2836 1045 2896 patientiae]
1066 2836 1107 2883 Sic
1130 2836 1160 2882 Ρ.
1185 2836 1244 2884 Ean.
1260 2839 1390 2896 prudentias.

239 2915 310 2964 lieren
328 2916 421 2963 blannt.
440 2942 475 2956 ·-
488 2918 650 2977 promulgavit
666 2911 726 2981 non]
746 2920 938 2979 promulgaverat
956 2933 1002 2964 raon
1020 2917 1050 2964 P.

141 3106 142 3110 ¹
238 3086 350 3148 inreript.
368 3101 432 3133 meae
450 3087 503 3137 Lat.
525 3085 690 3132 ludenrot.
724 3085 831 3131 Arretini
853 3090 944 3131 aeterra.
979 3085 1115 3130 Fabraterni
1138 3088 1236 3140 ueteres,
1264 3083 1390 3130 Fabraterni

237 3154 329 3219 novant.
346 3172 369 3218 in
388 3172 457 3218 Vera.
474 3170 530 3218 nce
548 3171 578 3227 2,
595 3171 624 3228 ἓ,
642 3169 682 3216 50.
711 3170 919 3228 Agrigentinorum
939 3170 985 3215 duo
1005 3183 1090 3227 genera
1112 3174 1179 3224 sunt,
1208 3184 1277 3215 unum
1296 3175 1389 3217 octaua

238 3259 334 3305 alterum
351 3259 499 3311 colonorum,
522 3269 583 3317 quoe
600 3256 685 3315 paullo
708 3261 766 3315 poet
788 3267 859 3299 aanor
880 3252 979 3311 rocella
1008 3253 1071 3300 iuter
1092 3260 1219 3315 utromque
1236 3255 1311 3315 igitar
1326 3266 1388 3314 genas

238 3348 294 3388 orte
316 3341 487 3399 ertdimensio
510 3343 540 3387 de
562 3341 613 3388 iure
635 3336 817 3400 suffragioiam,
848 3346 873 3384 et
890 3332 1102 3393 deambulatione,
1131 3339 1157 3385 id
1174 3345 1224 3395 eat,
1247 3341 1278 3385 de
1295 3338 1389 3399 portica.

238 3426 262 3473 in
279 3441 340 3488 qna,
365 3434 392 3472 nt
408 3426 515 3483 videtur,
539 3426 637 3472 comitia
655 3424 745 3472 habere
761 3422 880 3471 uolebant.
915 3423 956 3470 sic
973 3425 1051 3469 colent
1069 3425 1092 3470 b.
1110 3425 1127 3470 l.
1144 3425 1315 3484 interpretari:
1339 3437 1388 3469 eoa·

136 3536 138 3547 =
238 3516 277 3558 tra
299 3510 391 3556 mormit
412 3511 520 3572 Madvig.
543 3511 647 3571 Opuecc.
670 3525 695 3570 p.
713 3509 785 3555 ma
812 3507 987 3563 „Concludunt
1005 3522 1038 3565 ex
1056 3509 1079 3554 lt.
1097 3509 1127 3564 l.‚
1157 3509 1268 3555 coloniae
1287 3509 1386 3555 Sullanas

238 3594 355 3642 interdum
371 3595 405 3643 aie
422 3582 564 3643 constitutae
581 3610 646 3650 erre,
663 3600 689 3640 ut
707 3592 817 3640 disiuncti
835 3593 917 3639 coloni
935 3606 950 3638 a
968 3592 1087 3640 veteribus
1105 3593 1210 3639 eiusdem
1228 3594 1314 3653 oppidi
1330 3592 1386 3637 iaco·

238 3680 267 3727 lia
284 3686 414 3727 manerent.
448 3681 477 3726 ld
494 3686 587 3737 manen,
614 3693 667 3726 cum
684 3678 779 3739 utrique
797 3677 861 3725 cives
879 3683 969 3735 ment,
994 3678 1040 3723 vix
1056 3677 1107 3723 beri
1124 3678 1219 3737 potuim
1248 3692 1293 3724 nec
1310 3678 1385 3723 Cicero

238 3764 383 3811 decoloria
399 3765 532 3826 Pompeios
549 3766 668 3821 dmncta,
695 3744 737 3809 sed
760 3763 789 3808 da
812 3762 906 3809 colonia
930 3762 952 3808 ei
970 3761 1054 3809 vicinia
1071 3762 1139 3823 loqui
1156 3762 1265 3817 videtum
1291 3761 1385 3823 alioquin

238 3850 392 3907 Pompeianos
414 3855 497 3895 ueteres
514 3850 661 3909 appellasset
684 3854 708 3893 et
725 3849 828 3894 colonos
850 3860 947 3909 quoque
964 3842 1120 3903 Pompeianos
1143 3846 1302 3903 nominasset,
1330 3844 1384 3907 quod

238 3946 286 3981 non
309 3933 398 3978 lacit.“
432 3933 557 3995 Utcunque
580 3948 616 3980 res
641 3948 667 3979 se
690 3931 787 3988 babuit,
814 3932 916 3979 colonos
939 3931 1068 3990 proximos
1085 3932 1171 3976 saltem
1196 3932 1282 3992 oppidi
1300 3930 1383 3977 accolas

237 4017 309 4064 faiam
325 4016 474 4065 manifestum
491 4024 539 4076 eat,
556 4032 610 4064 cum
627 4017 825 4063 deambulatione
842 4015 957 4065 certarint
974 4028 1027 4061 cum
1044 4015 1210 4075 Pompeianis.

305 4110 372 4174 §62
395 4112 471 4159 Nimia
488 4111 612 4172 magnifice
635 4111 659 4157 in
677 4109 752 4155 'l'ullii
774 4123 818 4156 ore
834 4111 865 4176 de
882 4107 1007 4169 Pompeiis
1024 4107 1131 4168 oppido,
1157 4113 1184 4154 ut
1201 4123 1263 4155 aune
1280 4110 1380 4168 interpre·

237 4201 330 4254 tantur,
353 4197 506 4244 cusentinae
524 4196 613 4251 verba,
636 4196 671 4249 rei
685 4194 792 4250 publicae
803 4193 929 4253 fortunae,
953 4193 995 4262 qui
1011 4206 1090 4239 sermo
1108 4198 1143 4239 eet
1160 4194 1243 4253 potine
1260 4192 1380 4253 inscriptio·

237 4293 293 4328 num
314 4280 500 4342 municipalium.
540 4280 589 4327 Sed
611 4278 817 4347 interpretandum
840 4280 870 4325 de
894 4279 928 4325 rei
951 4277 1064 4339 publicae
1087 4279 1183 4324 Romae
1206 4278 1316 4333 fortuna,
1340 4280 1378 4327 aab

237 4367 302 4424 qnod
319 4364 400 4413 malim
416 4365 464 4426 lep.
480 4367 512 4413 P.
524 4365 568 4419 tt,
586 4362 673 4424 populi
685 4362 806 4421 Romani,
823 4376 869 4422 pro
881 4364 911 4410 R,
922 4364 953 4411 P.
963 4388 993 4400 -
1003 4364 1135 4422 rogationis
1154 4361 1278 4424 σαιοίἱὲαι]
1295 4364 1320 4408 h
1330 4360 1378 4406 cau
