2850 4759
286 279 374 349 PRO
403 280 446 348 Α.
477 276 694 357 CAECINA,
726 295 759 345 c.
781 279 819 342 lt
840 288 874 346 et
894 280 944 347 11.
1178 281 1218 344 st

44 436 119 507 uilril
134 448 328 521 praeterea,
343 436 436 520 quod
450 437 493 505 ad
507 449 658 506 vestrum
672 434 836 504 indicium
850 436 1046 519 pertineret.
1075 436 1217 506 Decimo
1237 442 1278 504 28

43 562 119 608 vero
144 540 226 609 loco
248 543 344 608 testis
358 551 577 621 exspectatus
593 550 627 606 et
640 537 683 605 ad
697 551 891 606 extremum
906 550 1102 608 reservatus
1118 540 1217 617 dixit,

43 654 179 711 sanator
199 641 318 724 populi
339 643 501 727 Romani,
522 640 684 723 splendor
703 639 850 717 ordinis,
871 638 976 709 decus
997 651 1098 724 atque
1120 663 1220 710 orna·

44 757 197 812 mentum
215 743 443 822 iudiciorum,
465 738 640 824 exemplar
661 744 818 825 antiquae
840 740 1030 825 religionis,
1055 742 1221 810 Fidicula·

45 848 120 913 rrius
141 844 288 913 Falcula
343 845 412 935 Qui
439 865 519 911 eum
547 845 594 909 ita
615 842 800 911 vehemens
821 863 967 925 acerque
987 845 1152 922 venisset,
1181 856 1221 913 ut
1282 860 1285 863 ’

46 969 113 1015 non
136 945 238 1014 modo
262 946 442 1013 Caecinam
462 944 613 1027 periurio
635 965 699 1013 suo
721 942 890 1021 laederet,
924 943 987 1012 sed
1014 947 1115 1012 etiam
1138 945 1221 1014 mihi
1315 1006 1318 1011 .

48 1050 220 1114 videretur
246 1047 367 1132 irasci,
385 1047 442 1112 'ita
463 1067 541 1112 eum
563 1044 734 1127 placidum
761 1044 966 1128 mollemque
997 1046 1146 1125 reddidi,
1182 1059 1222 1115 ut

46 1171 110 1217 non
140 1149 300 1226 auderet,
335 1148 425 1214 sicut
452 1147 672 1223 meministis,
704 1147 829 1214 iterum
857 1145 989 1229 dicere,
1026 1159 1108 1230 quot
1128 1146 1221 1215 milia
1319 1139 1321 1142 ’

46 1249 171 1318 fundus
193 1270 276 1320 suns
297 1249 431 1316 abesset
451 1248 492 1313 ab
513 1248 609 1313 urba.
657 1247 745 1315 Nam
766 1268 847 1314 cnm
869 1246 1010 1316 dixisset
1031 1249 1143 1317 rninus
1163 1250 1222 1315 ab«

46 1372 118 1419 csse
139 1351 250 1428 tut,
271 1350 419 1433 populus
440 1371 519 1417 cum
541 1348 613 1415 risu
634 1346 853 1423 acclamavit,
879 1350 953 1429 ipsa
972 1369 1069 1428 esse3
1101 1349 1222 1415 memi-

46 1464 168 1520 nerant
190 1452 439 1530 enimomnes,
461 1460 625 1532 quantum
647 1448 682 1515 in
702 1448 846 1516 Albiano
867 1448 992 1517 iudicio
1015 1451 1217 1533 accepisset.

46 1554 81 1621 ln
101 1575 184 1622 eum
207 1550 289 1634 quid
308 1551 437 1634 dicam,
458 1552 523 1617 nisi
536 1549 590 1628 id,
612 1549 702 1631 quod
716 1569 841 1629 negare
855 1573 924 1617 non
937 1552 1064 1632 possit,
1084 1552 1222 1620 venisse
1241 1551 1282 1615 ²9

47 1656 78 1721 in
104 1652 285 1723 consilium
311 1650 467 1734 publicae
484 1652 723 1733 quaestionis,
758 1674 837 1720 cum
866 1653 938 1719 eius
964 1652 1097 1719 consilii
1117 1651 1224 1727 iudex

46 1778 110 1823 non
133 1765 248 1832 esset,
279 1765 314 1820 et
337 1754 372 1819 in
401 1773 442 1819 eo
470 1751 633 1826 consilio,
666 1772 746 1818 cum
767 1774 907 1820 cansam
927 1776 997 1820 non
1019 1753 1169 1822 audIsset
1189 1764 1224 1821 et
1248 1808 1252 1813 .
1275 1763 1277 1771 ’

44 1868 197 1939 potestas
214 1864 309 1922 esset
326 1852 530 1934 ampliandi,
551 1853 678 1921 dixisse
689 1853 764 1921 Srar
779 1854 963 1936 expuens?
985 1877 1064 1922 cum
1077 1855 1120 1922 de
1130 1856 1223 1923 ineo·

48 1959 141 2039 gnita
160 1979 200 2024 re
220 1955 371 2022 iudicare
391 1952 574 2032 voluisset,
608 1952 769 2022 maluisse
790 1954 1020 2023 condemnare
1040 1977 1142 2040 quam
1163 1959 1223 2026 ab·

50 2057 212 2125 solvere?
246 2076 344 2132 cum,
375 2055 405 2122 si
424 2075 492 2121 uno
513 2056 625 2123 minus
647 2054 867 2134 damnarent,
901 2055 1122 2125 condemnari
1143 2080 1222 2127 reus

25 2238 27 2241 v
50 2182 116 2226 non
137 2170 275 2242 posset,
301 2178 373 2236 non
391 2154 439 2221 ad·
456 2154 729 2235 cognoscendam
752 2176 909 2231 causam,
939 2158 1000 2225 sed
1021 2159 1062 2224 ad
1084 2158 1225 2240 explen-

52 2258 136 2327 dam,
158 2259 409 2325 damnationem
437 2267 574 2338 praesto
602 2254 737 2322 fuisset
779 2257 904 2325 Utrum
931 2259 1070 2337 gravius
1098 2257 1224 2342 aliquid

50 2362 88 2428 in
105 2362 295 2443 quempiam
317 2357 383 2424 dici
403 2367 533 2439 potest,
552 2375 655 2436 quarn
670 2353 713 2419 ad
727 2354 898 2421 hominem
914 2357 1224 2435 condemnandum,

49 2482 149 2544 qnem
188 2479 375 2542 numquam
410 2459 552 2524 vidisset
584 2475 694 2537 neque
720 2455 891 2535 audisset,
928 2457 1114 2546 adductum
1149 2480 1224 2527 esse

50 2563 158 2644 pretio
168 2561 197 2628 ⁶?-
227 2565 283 2627 dn
302 2560 430 2627 certius
452 2556 634 2641 quidquam
656 2556 755 2629 obiici
776 2570 908 2639 potest,
942 2580 1044 2641 quam
1065 2559 1156 2641 quod
1175 2560 1223 2643 is,

52 2664 104 2728 oui
123 2661 300 2737 obiicitur,
315 2680 363 2733 ,ne
382 2669 468 2725 nutu
490 2656 625 2740 quidem
648 2656 821 2744 infirmare
840 2661 1014 2727 conatnr‘.>
1045 2661 1225 2729 Verumta·
1245 2667 1285 2736 30

51 2782 129 2828 men
142 2761 173 2829 is
191 2760 286 2826 testis
303 2760 357 2836 (nt
369 2756 470 2824 facile
483 2756 735 2837 intelligeretis,
756 2780 833 2826 eum
848 2784 918 2828 non
933 2761 1083 2830 adfuisse
1098 2765 1225 2842 animo,

52 2848 129 2930 cum
150 2882 256 2929 eausa
277 2858 403 2926 abillis
421 2869 581 2939 ageretur
603 2869 774 2941 testesque
791 2858 962 2939 dicerent,
984 2863 1045 2929 sed
1061 2865 1226 2945 tantisper

52 2963 93 3030 de
124 2962 239 3046 aliquo
270 2981 330 3027 reo
360 2961 545 3039 cogitasse)
577 2980 655 3027 cum
688 2980 808 3026 omnes
840 2972 917 3026 ante
954 2982 1030 3027 eum
1059 2960 1226 3028 dixissent

54 3073 176 3141 testes,
198 3072 351 3128 armatos
375 3081 455 3126 cum
475 3059 621 3124 Aebutio
645 3059 752 3127 fuisse
775 3060 989 3141 complures,
1011 3059 1106 3146 solus
1127 3061 1225 3140 dixit,

53 3170 120 3230 non
137 3164 258 3231 fuisse.
298 3161 400 3228 Visus
421 3172 474 3227 est
493 3158 574 3226 mihi
593 3158 705 3249 primo
730 3171 904 3226 veterator
921 3159 1111 3241 intelligere
1130 3183 1226 3242 prac-

55 3262 160 3343 clare,
193 3262 276 3346 quid
309 3281 413 3329 causa
446 3269 599 3343 optaret,
632 3269 666 3323 et
701 3258 940 3326 tantummodo
970 3280 1102 3340 errare,
1134 3263 1227 3345 quod

55 3385 172 3432 omnes
190 3375 296 3431 testes
316 3362 524 3445 infirmaret,
546 3359 602 3441 qni
621 3369 698 3424 ante
716 3379 795 3426 eum
813 3358 993 3428 dixissent:
1014 3383 1093 3428 cum
1113 3364 1225 3430 subito

55 3465 148 3540 (ecce
173 3462 284 3543 idem,
314 3464 372 3545 qui
402 3459 523 3543 solet),
553 3480 636 3528 suos
668 3457 763 3529 solos
790 3481 911 3529 servos
942 3474 1094 3531 armatos
1119 3463 1227 3531 fuisse

55 3563 150 3631 dixit.

131 3666 193 3732 XI.
236 3662 330 3752 Quid
350 3662 430 3729 huic
453 3666 489 3728 tu
511 3661 639 3729 homini
658 3662 792 3731 iacias?
812 3685 926 3731 nonne
941 3664 1109 3733 concedas
1125 3666 1227 3733 intcr·
1248 3661 1287 3722 31

55 3801 281 3816 m

122 3876 187 3937 iffi.
205 3880 472 3926 ministratorem.
489 3879 542 3926 Eri.
560 3878 694 3939 (Fortasse
711 3894 765 3926 cum
783 3881 812 3927 P.
829 3882 926 3928 Fabro:
952 3883 1028 3926 minua
1050 3881 1126 3926 adom
1143 3882 1172 3927 L.
1192 3882 1226 3928 Μ.

55 3953 127 4012 (mitt.
144 3956 217 4017 pars.)
235 3966 286 4004 tum
303 3959 327 4003 in
346 3961 406 4003 line:
425 3961 477 4015 ipra
493 3974 540 4003 essa
556 3960 610 4006 XL.
629 3962 673 4006 cfr.
691 3978 739 4021 pro
757 3964 869 4010 Cluentio
881 3965 967 4024 ost.)

123 4035 188 4096 529.
207 4055 259 4084 cum
275 4042 304 4084 de
321 4037 452 4102 incognita]
471 4054 521 4085 cum
539 4042 592 4087 deira
610 4045 704 4101 cognita
721 4044 772 4090 Erf.
791 4060 841 4091 crem
859 4044 977 4104 incognita
994 4042 1225 4109 0.-eoeprert01

55 4115 107 4162 Est.
125 4123 197 4172 pretio
214 4122 246 4167 0.

124 4196 140 4257 §⁴
152 4200 190 4245 80.
207 4215 276 4247 causo
294 4204 323 4246 ab
341 4202 400 4262 illis]
418 4204 469 4250 nrt.
487 4207 515 4250 ab
533 4208 581 4250 ttttr
599 4220 667 4249 causa
684 4204 715 4250 0.
961 4254 964 4260 ,

126 4275 137 4335 i
155 4278 193 4324 at.
204 4280 270 4337 fuit,
292 4278 376 4343 inesse]
395 4284 445 4329 Erf.
458 4283 523 4341 snit,
541 4299 572 4330 on
589 4300 636 4333 esse
654 4288 684 4332 0.
703 4286 814 4346 (Locus,
832 4303 902 4350 quem
920 4290 951 4333 ad
969 4287 1032 4332 hanc
1044 4288 1100 4333 lect.
1113 4289 1226 4333 tuendam
1279 4327 1283 4335 Ι
