2850 4759
149 297 228 362 n
288 269 338 294 ’·
660 281 896 357 crcnncms
978 293 979 298 ¹
1074 231 1121 288 ⁵

185 452 284 529 mibi,
317 439 461 521 iudices:
500 450 592 519 nulla
621 469 770 532 unquam
801 450 919 514 civitas
949 455 1020 512 tota
1049 446 1129 511 Asia
1159 455 1196 511 et
1226 444 1372 508 Graecia

153 569 156 574 '
186 558 322 636 signum
345 554 470 632 ullum,
501 552 649 621 tabulam
673 553 815 633 pictam,
841 548 946 615 ullum
966 548 1110 629 denique
1130 559 1372 613 ornamentum

187 659 301 736 rubis,
344 654 607 727 suavoluntate
635 657 791 736 cuiquam
823 651 985 718 vendidit.
1033 650 1107 717 Nisi
1136 651 1226 715 forte
1255 650 1374 715 existi-

127 753 133 800 ἶ
187 761 308 835 matis,
349 770 572 841 posteaquam
607 756 729 821 iuditia
766 773 885 821 severa
916 756 1047 820 Romae
1078 752 1150 817 ficri
1179 753 1372 828 desierunt,

85 901 88 908 -
156 858 526 934 ,Graeeoehomines
562 858 646 924 haec
674 857 851 922 venditare
881 857 1054 936 coepisse,
1095 867 1286 937 quactum
1312 878 1373 919 non

189 960 296 1027 modo
318 983 385 1027 non
412 960 649 1036 venditabant,
687 980 765 1023 cum
791 958 913 1023 iudicia
941 959 1081 1034 fiebant,
1124 973 1244 1022 verum
1277 958 1374 1022 etiam

94 1101 100 1108 κ
188 1056 409 1128 eobmebant:
447 1072 505 1128 aut
530 1063 593 1127 nisi
622 1060 849 1132 arbitramini,
883 1061 920 1125 L.
941 1060 1082 1142 Crasso,
1112 1059 1155 1149 Q
1175 1057 1372 1129 Scaevolae,

186 1166 230 1229 G.
265 1163 424 1250 Claudio,
465 1164 711 1245 potentissimis
743 1161 953 1237 bominibus,
1000 1184 1146 1242 quorum
1186 1160 1374 1226 aedilitates

141 1313 143 1316 ψ
189 1267 426 1332 ornatissimas
466 1265 640 1342 vidimus,
680 1266 925 1330 commercium
965 1265 1105 1329 istarum
1142 1261 1260 1328 rerum
1306 1283 1375 1325 cum

195 1369 335 1436 Graecis
357 1366 550 1435 bominibus
570 1389 639 1433 non
658 1367 825 1444 fuisse,
817 1368 873 1439 ris,
903 1366 958 1446 qui
981 1379 1060 1446 post
1077 1365 1290 1467 iudicicrurn
1315 1365 1375 1431 dis

194 1468 400 1538 solutionem
424 1451 550 1537 aediles
571 1470 654 1535 facti
672 1481 767 1543 sunt,
799 1469 918 1534 fuisse.

128 1577 196 1638 134
272 1570 348 1641 LX
391 1563 613 1638 Acerbiorem
640 1571 750 1637 etiam
778 1572 922 1637 scitote
930 1589 1004 1635 esse
1029 1570 1219 1636 civitatibus
1250 1570 1375 1637 falsam

122 1673 125 1678 ’
189 1661 293 1741 ictam
327 1683 360 1741 et
388 1671 582 1749 simulatam
612 1674 835 1758 emptionem,
874 1693 974 1754 quam
999 1673 1026 1738 si
1050 1673 1124 1753 quis
1154 1671 1241 1737 clam
1267 1675 1376 1739 surri

192 1775 262 1856 piat
294 1785 353 1838 aut
388 1775 510 1855 eripiat
537 1772 649 1854 palam
681 1784 781 1854 atque
807 1773 958 1866 vauferat.
1008 1775 1096 1839 Nam
1130 1773 1377 1854 turpitudinem

130 1866 158 1886 ”
192 1901 363 1946 srrmmam
387 1875 461 1958 'esse
490 1879 698 1943 arbitrantur
725 1879 846 1942 referri
872 1879 903 1942 in
930 1876 1059 1943 tabulas
1085 1874 1235 1958 publicas
1263 1877 1376 1955 pretio

193 1980 378 2068 adductam
398 1980 585 2055 civitatem,
622 1992 656 2044 et
680 1981 790 2061 pretio
816 2003 940 2062 parvo,
978 2001 1033 2059 ea,
1071 1999 1156 2061 quac
1186 1981 1379 2058 accepisset

191 2077 442 2155 emaioribus,
471 2079 665 2147 vendidisse
697 2093 797 2164 atque
828 2080 1047 2148 abalienasse.
1090 2081 1224 2146 Etenim
1250 2082 1379 2145 miran-

194 2183 276 2249 dum
298 2184 330 2249 in
356 2181 496 2249 modum
522 2182 645 2248 Gracci
671 2183 772 2249 rebus
795 2183 885 2257 istis,
921 2204 1004 2264 quas
1025 2182 1378 2258 noscontemnimuS,

193 2285 418 2354 delectantur.
458 2284 578 2368 Itaque
604 2286 752 2351 maiores
787 2287 897 2354 nostri
926 2285 1026 2351 facile
1053 2285 1267 2365 patiebantur
1297 2282 1382 2349 haec

195 2409 270 2455 esse
300 2389 388 2470 apud
416 2388 491 2455 illos
525 2387 825 2476 qrramplnrima3
868 2387 957 2468 apud
990 2389 1124 2462 socios,
1163 2399 1207 2473 ut
1233 2387 1377 2465 imperio

193 2495 313 2555 'nostro
338 2485 444 2570 ‘quam
476 2488 683 2557 ornatissimi
707 2489 1005 2569 florentissimique
1035 2500 1179 2555 essent:¹
1208 2487 1299 2571 apud
1322 2508 1379 2553 eos

194 2602 330 2665 nutem,
369 2611 454 2671 quos
490 2588 673 2667 vectigales
705 2603 762 2654 aut
792 2591 1030 2671 stipendiarios
1059 2592 1232 2673 fecerant,
1265 2602 1380 2655 tamen

193 2690 279 2757 haec
304 2690 552 2774 relinquebant,
584 2704 624 2758 ut
651 2690 712 2767 illi,
741 2694 860 2774 quibus
886 2693 969 2758 baec
992 2692 1138 2759 iucunda
1159 2703 1258 2768 sunt,
1296 2711 1381 2772 quae

194 2793 291 2858 nobis
315 2792 400 2860 levia
424 2793 600 2871 videntur,
640 2793 802 2861 baberent
823 2795 906 2861 haec
928 2794 1183 2862 oblectamenta
1201 2806 1236 2858 et
1257 2786 1381 2859 ¹solatia

132 2897 385 2969 135servitutis.
427 2894 519 2986 Quid
541 2897 748 2963 arbitramini
764 2897 954 2978 Rhegium,
977 2900 1032 2980 qui
1049 2899 1113 2964 iam
1130 2899 1222 2967 cives
1240 2896 1383 2963 Romani

207 3087 426 3101 ο--οιυ--ι-

264 3211 275 3273 l
300 3213 356 3258 134.
375 3215 399 3257 in
417 3211 507 3260 tabulas
521 3213 640 3278 publicar]
659 3215 721 3275 Reg.
741 3219 764 3260 r'n
782 3193 872 3261 tubulus
891 3217 957 3261 Leid.
976 3218 1004 3264 Z.
1022 3204 1129 3275 -pucs
1147 3230 1189 3261 nos
1207 3211 1383 3272 contemnimus]

195 3296 351 3355 Quamquam
370 3310 411 3343 noe
429 3297 498 3344 ebert
515 3314 531 3344 a
549 3291 610 3359 lteg.
628 3301 697 3345 Leid.
717 3298 771 3357 (Z.)
789 3298 932 3356 absorptum
950 3298 1032 3356 potius
1050 3297 1145 3343 ridetur
1162 3312 1179 3342 e
1196 3296 1243 3341 titt.
1257 3310 1298 3340 uas
1309 3308 1384 3355 quem

196 3380 311 3424 consulto
329 3393 344 3423 a
358 3378 414 3424 'cte
433 3381 555 3428 omissum.
573 3407 606 3422 -
623 3385 679 3426 lruec
696 3396 743 3425 ecee
761 3382 823 3437 apud
840 3383 896 3426 illos
913 3395 982 3439 quam
997 3383 1118 3437 plnrimar
1148 3380 1211 3436 apud
1228 3382 1318 3430 socier,
1341 3370 1382 3437 nt]

192 3460 274 3523 Reg„
293 3461 360 3506 cuine
378 3462 492 3512 lectionis
510 3465 638 3510 veritatem
656 3464 759 3522 agnovit
776 3464 887 3524 Madvig.
906 3481 928 3511 v.
948 3468 1003 3509 illos
1020 3464 1141 3523 significet
1154 3460 1381 3513 Grnecosbmnes3

197 3543 223 3589 bi
241 3544 265 3589 in
285 3544 333 3589 tria
350 3560 440 3604 genem
459 3547 612 3602 dividuntur,
631 3549 733 3599 rector,
749 3549 834 3607 quales
852 3554 921 3594 erant
938 3548 1113 3601 Athenienses,
1137 3546 1241 3602 Rhodii,
1261 3546 1384 3605 reliquae,

196 3640 256 3688 quas
275 3629 412 3684 vocabant,
436 3629 529 3675 liberae
546 3629 670 3682 civitatem
697 3636 722 3674 et
741 3634 864 3688 vectigales
881 3639 924 3677 ent
941 3633 1121 3688 stipendiarios,
1144 3631 1229 3691 quales
1249 3630 1385 3674 Siculorum

197 3711 425 3773 plerique-leaeo
442 3726 488 3755 eree
506 3714 568 3768 apud
591 3713 646 3755 illos
664 3726 731 3769 quam
748 3716 867 3769 plurime,
899 3720 924 3759 ut
941 3717 966 3760 Z.
985 3714 1049 3760 coni.
1068 3716 1124 3758 baec
1142 3728 1188 3757 eree
1201 3713 1387 3772 quamplurima

138 3789 143 3798 ’
197 3796 261 3853 apud
278 3797 369 3845 sector,
389 3800 415 3843 nl
431 3783 505 3853 Sgb‘tt.
524 3794 582 3839 Ern.
602 3793 652 3841 cfr.
670 3795 780 3856 Madvig.
799 3797 862 3843 Diss.
880 3798 952 3844 Verr.
964 3799 998 3843 11.
1017 3812 1042 3855 p.
1055 3798 1097 3842 20.

265 3901 276 3962 t
297 3901 353 3945 135.
380 3902 478 3959 merere]
499 3903 593 3961 „predi
615 3918 645 3949 ue
669 3906 788 3951 mercedis
809 3908 867 3952 loco
890 3906 1012 3964 accipere.
1036 3907 1067 3951 de
1091 3906 1148 3951 Nat.
1166 3905 1198 3949 1).
1214 3906 1241 3957 l,
1260 3905 1388 3960 emunt

197 3986 259 4028 enim
275 3987 375 4036 mercae,
395 3988 420 4027 ut
437 3985 564 4045 Epicureus
581 4000 628 4031 esee
645 3989 760 4034 desinas?
784 3991 814 4034 de
831 3989 926 4043 Fine,
943 3990 985 4034 22.
1001 3990 1059 4045 quid
1075 3991 1186 4033 merearis
1205 3989 1295 4045 igitur,
1321 3990 1346 4029 ut
1365 3992 1387 4030 te

197 4068 263 4111 etiem
274 4090 285 4101 ·
297 4089 309 4100 ·
321 4069 399 4111 omnia
417 4070 541 4124 voluptatis
560 4083 627 4115 curra
639 4070 761 4128 facturum
780 4074 867 4117 cese?“
885 4074 913 4120 Ζ.
931 4095 965 4109 ·-
983 4070 1101 4132 Satyrum]
1118 4072 1220 4126 „beroa
1237 4071 1387 4129 indigetem.

198 4151 261 4195 unde
279 4150 411 4195 Tarentum
429 4152 544 4209 Satprium
562 4155 603 4200 vel
621 4155 738 4201 Saturium
756 4147 859 4202 vocatur
877 4157 943 4215 apud
962 4155 1029 4214 Virg.
1048 4155 1093 4200 Ge.
1106 4157 1136 4209 2,
1157 4156 1218 4208 1973
1236 4156 1303 4215 quod
1320 4166 1386 4198 nunc

197 4232 249 4277 fere
266 4237 371 4276 saturum
393 4234 516 4279 Tarentum
536 4250 582 4294 pro
601 4238 685 4296 pingui
703 4239 839 4295 explicant.
847 4223 908 4286 “VZ.
925 4264 958 4275 -
979 4237 1086 4298 Cnidios]
1106 4239 1169 4283 Plin.
1187 4231 1224 4285 ll.
1243 4238 1274 4282 N.
1293 4238 1337 4291 36,
1358 4235 1385 4280 4.

148 4305 151 4309 ⁴
201 4313 278 4373 Opera
295 4316 429 4361 Praxitelis
443 4322 497 4365 eunt
513 4319 610 4376 Atlreur'r
630 4322 654 4363 iu
670 4320 804 4372 cernentem
821 4321 927 4363 sectante
944 4322 1038 4375 omnia,
1055 4321 1077 4364 'et
1092 4335 1138 4364 non
1153 4322 1227 4366 scium
1243 4319 1388 4368 Praxitelis,
