2850 4759
198 274 239 339 su
618 323 622 330 .
672 261 910 334 CICERONIS

201 429 422 499 simulacrum
453 426 587 496 Cereris
621 422 741 493 tollere
777 422 953 492 audebas?
991 423 1110 491 Henna
1139 434 1176 489 tu
1204 422 1380 489 demanu

142 527 144 534 ’
202 531 336 599 Cereris
359 530 545 597 Victoriam
571 527 727 610 deripere
748 539 783 594 et
804 528 901 594 deam
929 525 1012 593 deae
1033 525 1212 593 detrahere
1234 538 1379 591 conatus

202 634 267 701 est
288 655 434 716 quorum
456 623 538 699 nihil
558 629 704 707 violare,
734 628 816 696 uilnil
837 630 1003 709 attingere
1025 629 1098 694 ausi
1118 641 1216 704 suut,
1249 629 1285 692 in
1313 629 1379 709 qui·

200 736 264 803 bus
286 746 382 801 erant
404 734 536 809 nunna,
559 752 645 815 quac
659 731 782 798 sceleri
797 732 959 814 propiora
974 741 1070 808 suist,
1093 752 1194 812 quam
1210 727 1378 807 religioni.

201 837 402 903 'senuerunt
428 836 535 915 enim,
570 834 608 903 Ρ.
638 831 780 915 Popillio
810 835 844 900 P.
869 831 1004 916 Rupilio
1033 831 1249 907 consulibus,
1286 829 1380 896 illum

199 938 315 1005 locum
338 938 444 1011 serui,
468 936 619 1015 fugitivi,
642 935 793 1012 barbari,
815 934 949 1003 hostes:
996 934 1061 1001 Sed
1076 953 1185 1016 sisque
1199 944 1271 999 tam
1289 933 1379 999 servi

201 1039 249 1106 illi
272 1039 510 1116 dominorum,
540 1060 641 1120 quam
665 1048 700 1103 tu
722 1037 914 1104 libidinum:
945 1056 1055 1119 neque
1084 1048 1152 1101 tam
1174 1035 1325 1114 fugitivi
1339 1033 1380 1100 illi

202 1140 408 1216 adominis,
442 1162 542 1222 quam
571 1151 608 1204 tu
629 1139 669 1205 ab
691 1139 765 1204 iure
786 1150 820 1206 et
840 1139 880 1205 ab
901 1137 1064 1218 legibusr-
1081 1158 1190 1220 neque
1211 1149 1285 1202 tam
1312 1138 1380 1204 bar·

201 1243 274 1312 lteri
295 1241 410 1321 lingua
432 1252 467 1307 et
487 1241 622 1308 natione
638 1239 703 1316 illi,
725 1262 825 1322 quam
846 1251 881 1305 tu
895 1245 1016 1306 nattira
1031 1250 1065 1305 et
1079 1240 1247 1305 moribus:
1270 1260 1380 1321 neque

202 1356 271 1413 tem
293 1343 340 1411 illi
361 1342 478 1412 hostes
499 1342 708 1416 huminibus,
731 1362 831 1423 quam
849 1353 884 1406 tu
900 1339 962 1406 diis
978 1339 1239 1409 immortalibus.
1285 1340 1380 1430 Quae

200 1444 396 1527 deprecatio
419 1456 472 1512 est
491 1446 593 1525 igitur
615 1445 644 1510 ci
666 1441 809 1525 reliqua,
829 1442 885 1524 qui
899 1441 1097 1521 indignitate
1111 1462 1251 1519 servos,
1278 1453 1382 1508 teme·

201 1548 302 1613 ritate
324 1546 508 1627 fugitivos,
529 1544 660 1613 scelere
681 1546 865 1626 barbaros,
886 1540 1086 1608 crudelitate
1100 1541 1216 1610 hostes
1232 1542 1380 1609 vicerint

142 1642 226 1705 113·
280 1648 336 1714 LI.
379 1646 532 1715 Audistis
561 1646 782 1714 Theodorum
806 1658 840 1712 et
860 1645 1067 1711 Numenium
1088 1657 1123 1711 et
1142 1645 1379 1723 Nicasionem,

201 1750 333 1829 legatos
355 1750 575 1825 Hennenses,
609 1746 744 1829 ptrblice
775 1747 888 1815 dicere
916 1766 1032 1814 sessa
1053 1746 1125 1814 suis
1146 1748 1275 1813 civibus
1301 1747 1380 1814 haee

202 1850 327 1918 lrabere
348 1850 525 1929 mandata,
547 1862 586 1916 ut
608 1849 749 1914 Verrem
771 1848 904 1916 adirent
924 1860 958 1916 et
979 1870 1057 1915 eum
1079 1847 1305 1916 simulacrum
1324 1851 1380 1916 Ce-

203 1952 289 2019 reris
317 1963 352 2018 et
379 1950 551 2018 Victoriae
579 1961 816 2031 reposcere-nt:
846 1950 880 2017 id
907 1951 936 2017 si
957 1953 1216 2032 impetrassent,
1248 1963 1326 2017 tum
1348 1963 1381 2018 nt

203 2075 336 2121 morem
357 2064 507 2119 veterem
529 2052 761 2120 Hennensium
783 2064 1043 2129 conservarent,
1071 2052 1209 2135 publice
1230 2053 1261 2119 in
1283 2073 1381 2139 enisu,

205 2155 341 2224 tametsi
361 2167 521 2222 vexasset
541 2153 705 2232 Siciliam,
729 2165 860 2230 tamen,
883 2156 1040 2238 quoniam
1063 2154 1146 2222 haec
1167 2155 1382 2222 annaioribus
1419 2233 1420 2242 χ

203 2259 359 2326 instituta
388 2258 618 2340 accepissent,
659 2255 892 2326 testimouium
922 2276 967 2321 ne
998 2255 1089 2338 quod
1121 2256 1291 2322 dicerent:
1330 2258 1382 2324 siu

204 2372 318 2429 autem
340 2381 379 2427 ea
401 2382 469 2429 non
491 2357 712 2449 reddidisset,
747 2368 818 2423 tum
841 2368 879 2422 ut
899 2357 932 2422 iu
953 2356 1082 2425 iudicio
1101 2358 1276 2440 adessent,
1312 2370 1379 2425 tum

203 2474 243 2528 ut
264 2461 305 2527 de
326 2463 397 2527 eius
419 2462 549 2527 iniuriis
570 2457 700 2527 iudices
724 2455 902 2531 docerent,
923 2456 982 2524 sed
999 2460 1147 2525 maxime
1162 2458 1204 2526 de
1218 2458 1380 2540 religione

204 2573 440 2644 quererentur.
497 2561 594 2649 Quas
623 2558 761 2627 illorum
795 2560 1026 2640 querimonias
1061 2560 1182 2639 nolite,
1212 2583 1274 2644 per
1297 2563 1379 2629 vdeos

203 2659 434 2729 immortales!
461 2660 651 2741 aspernari,-
678 2659 784 2728 noli-tc
806 2673 1026 2730 contemnere
1047 2684 1087 2730 ac
1108 2662 1300 2744 negligere,
1334 2666 1380 2729 iu·

205 2760 309 2832 dices.
347 2764 507 2843 Aguntur
526 2761 668 2832 iniuriae
689 2762 882 2834 sociorum:
907 2764 1019 2844 egitur
1041 2765 1091 2833 ris
1111 2755 1242 2847 legum:
1273 2767 1381 2848 agitur

202 3098 490 3157 ablativo'nnsresmnn,
508 3112 562 3146 cnm
580 3099 677 3147 diversa
694 3098 726 3145 sit
743 3099 901 3147 relationes
917 3100 1002 3145 Prendo
1020 3101 1055 3146 de
1070 3115 1147 3147 manu.
1162 3126 1197 3140 -
1210 3102 1242 3148 P.
1259 3073 1380 3162 i’opitlio]

202 3197 249 3241 ‚,e.
266 3197 290 3229 n.
308 3197 329 3227 c.
342 3184 407 3232 622.
431 3185 498 3244 qnod
520 3184 626 3246 primum
643 3198 772 3234 serrorum
787 3184 877 3231 bellum
895 3184 958 3241 init3
982 3185 1084 3234 alterurn
1101 3202 1117 3232 s
1134 3186 1177 3234 Mi
1194 3186 1307 3247 Aquillio
1324 3199 1380 3232 con·

202 3268 292 3318 fectum
309 3283 332 3313 u
354 3268 435 3315 655.“
453 3269 482 3316 Ζ.

268 3373 280 3435 i
303 3374 359 3419 113.
384 3376 408 3418 in
433 3376 520 3421 iudicio
543 3376 663 3438 adessent]
690 3379 752 3437 Reg.
776 3378 843 3424 Leid.
862 3378 889 3422 Z.
921 3391 968 3435 pro
991 3377 1049 3424 Ern.
1067 3380 1156 3423 indicio
1172 3378 1285 3423 adurent.
1319 3376 1382 3421 lllnd

203 3454 344 3514 slmpliciter
362 3457 482 3517 significet
501 3463 635 3516 praeeuntes
658 3465 743 3516 esseut,
761 3460 823 3518 hcc,
841 3460 965 3507 auxilium
983 3459 1072 3515 laturi,
1102 3459 1269 3519 patrocinium
1286 3473 1381 3517 suseep-

203 3535 264 3593 tnri,
290 3542 356 3600 qnod
375 3541 430 3589 huic
449 3544 507 3588 loco
523 3521 574 3611 ndu
593 3542 716 3590 convenit.
733 3567 767 3579 —
784 3546 820 3589 vis
838 3540 926 3605 legum]
944 3543 1037 3589 Firmat
1055 3543 1118 3596 hanc
1135 3544 1190 3589 lect.
1210 3545 1272 3604 neg.
1291 3545 1383 3591 contre

203 3620 270 3694 Leid.
295 3623 330 3665 ins
352 3623 436 3679 legum.
454 3648 489 3661 -
506 3625 633 3684 veritusque
657 3619 812 3689 iudiciorum]
837 3628 906 3680 Quae
930 3632 955 3674 et
984 3627 1133 3686 singulorum
1157 3627 1263 3674 iudicum
1281 3635 1307 3674 et
1322 3626 1382 3673 iudi·

202 3704 297 3752 ciorum
314 3710 349 3751 est
367 3709 467 3764 religio,
491 3705 598 3752 eiusdem
615 3708 818 3767 complementum
836 3716 872 3755 est
889 3709 1035 3758 iudiciorum
1053 3714 1153 3765 neritus,
1177 3711 1202 3756 id
1220 3718 1271 3768 est,
1293 3716 1319 3757 nt
1336 3723 1382 3769 pro

202 3789 308 3835 iudicum
326 3788 444 3849 religione
462 3789 558 3836 nonnisi
576 3804 640 3850 quse
658 3805 718 3838 vere
740 3798 764 3838 et
789 3793 854 3840 insta
877 3799 944 3850 sunt,
971 3797 1087 3838 statuant.
1132 3794 1170 3839 Sic
1187 3793 1244 3838 Act.
1267 3794 1293 3848 l,
1314 3794 1340 3847 l,
1358 3792 1382 3836 3.

203 3872 343 3917 iudiciorum
367 3874 506 3929 religionem
528 3875 690 3932 veritatemque
712 3875 769 3920 Act.
788 3876 819 3933 3,
837 3877 884 3930 69,
905 3875 961 3921 162.
979 3878 1076 3921 ueritate
1093 3879 1231 3922 iudiciorum
1250 3877 1382 3926 coristitutas
1414 3927 1415 3932 ¹

202 3967 247 4003 uec
265 3969 325 4002 sero
343 3954 474 4014 probabile
491 3963 527 4002 est
545 3956 581 4002 his
598 3957 675 4004 tribus
691 3959 754 4005 locis
770 3959 921 4007 notissimum
938 3972 994 4006 voc.
1012 3962 1137 4013 seueritas,
1156 3966 1182 4005 nt
1200 3959 1310 4005 nonnulli
1326 3958 1383 4016 opi·
1414 3937 1415 3982 l

202 4034 337 4094 uestinum,
355 4038 466 4085 eumillo
489 4045 663 4086 commutatum
681 4056 740 4087 esse.
759 4047 908 4099 -propter
930 4056 980 4086 eam
1004 4055 1097 4087 causam
1112 4044 1206 4087 sceleris
1224 4038 1301 4104 istius]
1319 4041 1380 4099 Reg.

202 4118 390 4167 lietduinum
400 4122 426 4166 Z.
449 4121 513 4168 Phil.
530 4124 558 4180 l,
574 4125 612 4170 ll.
625 4138 665 4169 uec
682 4127 729 4191 erit
739 4127 823 4171 iustior
835 4128 859 4171 in
867 4130 969 4170 senatum
979 4137 1024 4170 non
1032 4127 1138 4169 veniendi
1147 4138 1214 4170 conso
1226 4125 1303 4169 morbi
1313 4130 1379 4182 quom
1414 4107 1415 4112 ¹

202 4206 294 4249 inertis.
320 4206 389 4249 Offic.
406 4205 436 4260 2,
454 4205 485 4261 5,
505 4191 545 4253 16.
571 4209 675 4252 collectis
693 4209 775 4252 ceteris
799 4208 873 4252 causis
890 4209 1003 4251 clusionis
1017 4211 1163 4264 pestilentiae
1180 4210 1301 4253 uastitatis.
1333 4204 1380 4259 Qui
1414 4257 1415 4262 ¹

95 4283 103 4296 “
203 4285 266 4332 hune
285 4299 353 4332 usum
370 4286 530 4346 ignorabunt,
550 4288 712 4348 seripserunt:
732 4293 833 4348 propter
851 4303 901 4335 eam
918 4304 1011 4335 cassem
1027 4292 1112 4335 scelere
1130 4292 1204 4337 istinu
1223 4290 1281 4336 Em.

1400 4599 1414 4712 l
