2850 4759
270 282 438 356 nunno
465 288 549 358 eno
575 288 620 382 Q.
645 289 849 371 nutrio,
879 311 908 360 ι.
932 293 965 364 s,
1004 312 1008 323 ·
1144 291 1203 355 sor

46 451 144 534 quoad
168 453 331 522 tenendos
359 454 493 538 putavit
530 451 585 536 qni
613 452 693 519 milri
723 462 794 520 tum
821 450 962 536 denique
989 473 1027 522 se
1055 451 1199 523 salutem

42 555 167 638 putavit
186 555 347 635 reddere,
368 558 396 625 si
418 579 491 625 earu
507 554 608 624 nullis
621 555 799 639 spoliatam
816 557 1020 625 ornamentis
1038 555 1199 625 dedisset.

43 658 137 737 Vide,
166 681 313 743 quaeso,
345 660 501 737 Tubero,
523 672 577 738 ut,
600 660 657 742 qui
678 658 720 726 de
740 681 816 729 meo
837 660 929 728 laeto
948 684 1016 728 non
1037 660 1198 741 dubitem,
1219 675 1240 734 8
1323 653 1335 662 κ

42 760 79 828 de
96 761 217 844 Ligarii
239 763 381 831 audeam
403 763 543 832 dicere..
567 766 679 846 Atque
700 761 784 831 haee
798 767 977 848 pro'pterea
991 764 1033 832 de
1048 785 1102 832 me
1116 764 1199 843 dixi,

43 877 75 932 ut
99 864 180 933 mihi
208 866 366 953 Tubero',
400 889 478 934 eum
506 866 547 934 de
573 887 610 935 se
638 865 762 934 eadem
786 866 951 947 dicerem,
986 868 1200 950 ignoscerem

42 971 128 1038 euius
150 980 215 1051 ego
236 969 421 1039 industriae
434 968 628 1054 gloriaeque
642 970 741 1038 faveo
756 970 810 1038 vel
825 984 964 1063 propter
978 972 1197 1056 propinquam

42 1075 290 1158 cognationem,
312 1069 364 1138 vel
387 1071 475 1156 quod
495 1075 567 1141 eius
588 1074 722 1156 ingenio
744 1074 930 1158 studiisque
950 1074 1118 1153 delector,
1144 1074 1197 1145 vel

42 1175 127 1258 qnod·
142 1174 277 1243 laudem
298 1174 520 1244 adolescentis
540 1179 720 1262 propinqui
739 1178 896 1246 existimo
912 1180 1011 1246 etiam
1027 1178 1069 1251 ad
1085 1201 1197 1248 meum

41 1278 173 1363 aliquem
202 1279 354 1347 fructum
382 1276 581 1347 redundare.
635 1283 699 1349 Sed
730 1278 796 1350 hoc
823 1304 964 1365 quaero:
999 1284 1072 1367 quis
1101 1294 1238 1367 putati

43 1403 107 1450 esse
127 1383 257 1451 crimen
277 1383 383 1451 fuisse
403 1384 437 1449 in
458 1383 601 1451 Africai
635 1384 767 1468 Nempe
786 1386 832 1463 is,
865 1387 920 1470 qui
942 1399 977 1453 et
997 1386 1121 1471 ipsein
1143 1409 1198 1454 ea·

41 1485 105 1553 dem
126 1487 247 1554 Africa
267 1507 341 1554 esse
367 1484 473 1559 voluit
501 1498 534 1553 et
560 1486 768 1570 prohibitum
795 1510 832 1556 se
851 1511 871 1556 a
891 1491 1023 1573 Ligario
1045 1493 1198 1576 queritur

42 1603 68 1656 et
92 1602 182 1658 certe
212 1602 333 1658 eontra
363 1589 475 1673 ipsum
503 1591 682 1659 Caesarem
720 1605 772 1661 est
798 1615 1002 1674 congressus
1030 1608 1195 1664 armatus.

42 1691 118 1782 Quid
139 1695 250 1780 euim,
280 1694 434 1771 Tubero,
468 1706 544 1761 tuus
571 1694 627 1762 ille
655 1694 838 1764 destrictus·
857 1697 890 1764 in
912 1698 984 1764 acie
1004 1697 1196 1768 Pharsalica

40 1794 157 1875 gladius
179 1797 330 1877 agebat?
360 1797 456 1866 cuius
478 1797 565 1867 latus
588 1798 643 1866 ille
664 1822 783 1867 mucro
805 1800 967 1884 peremta
999 1802 1055 1885 qui
1075 1822 1194 1870 sensus

38 1912 102 1981 erat
119 1922 295 1969 armorum
317 1901 486 1968 tuorumi
508 1923 593 1986 quae
616 1915 672 1973 tua
687 1927 794 1982 meus,
816 1904 918 1984 oculi,
940 1926 1073 1983 uranus,
1094 1904 1197 1972 ardor

40 2004 155 2072 animi?
189 2003 270 2088 quid
292 2003 477 2088 cupiebast
512 2005 591 2089 quid
613 2008 780 2089 optabas?
814 2009 920 2075 Nimis
943 2028 1071 2089 urgeor
1099 2029 1195 2075 com·

41 2109 155 2174 moveri
193 2107 329 2175 videtur
365 2107 578 2176 adolescens:
621 2107 663 2175 ad
700 2131 756 2176 me
790 2122 962 2190 revertam
1001 2109 1120 2179 iisdem
1159 2114 1194 2179 in

40 2213 127 2280 armis
154 2212 216 2279 lui.

45 2337 257 2355 *-

94 2425 146 2488 lS.
162 2441 211 2473 rou
229 2427 308 2472 dubito
328 2427 352 2473 b.
366 2452 399 2466 -
416 2441 462 2473 uorr
477 2428 589 2481 dubitem,
609 2429 637 2473 da
655 2429 751 2486 Ligarii
768 2429 966 2488 audoamdicere]
984 2428 1084 2482 Quintil.
1097 2429 1126 2485 5,
1146 2429 1192 2485 it),

40 2507 170 2559 idulium.
187 2513 255 2573 (rada
273 2510 436 2572 deLigurio.)
455 2510 497 2575 qul
517 2526 648 2561 consensus
667 2511 754 2573 optimi
774 2512 836 2569 Cori.
856 2527 910 2560 curn
928 2514 1077 2568 Quintiliano
1098 2515 1191 2575 gravis·

40 2592 81 2640 rimi
92 2603 124 2643 est
139 2596 263 2645 momenti.
280 2597 297 2642 l.
314 2588 367 2656 (sed
387 2597 491 2652 confiteri
507 2593 667 2658 prodicere.)
700 2596 735 2643 Ut
751 2598 780 2654 1.,
798 2598 855 2645 item
866 2598 904 2655 ia,
923 2601 964 2645 sed
982 2614 1099 2661 ruperscr.
1115 2602 1191 2646 dicere

40 2685 85 2735 post
100 2695 122 2727 r.
136 2682 237 2727 dubitem
260 2687 285 2728 et
305 2696 351 2727 που
370 2682 473 2727 audeam.
495 2681 556 2744 (uon
574 2682 674 2729 uberta
690 2681 723 2742 l.)
743 2683 836 2744 sicque:
855 2698 900 2728 nou
920 2684 1032 2738 dubitem,
1050 2685 1078 2729 de
1095 2685 1192 2742 Ligarii

39 2772 75 2807 auu
89 2767 180 2812 audeam
198 2765 304 2825 confiteri
320 2767 428 2828 Madvig.
451 2780 497 2812 που
513 2767 613 2813 dubitem
627 2768 718 2822 dicere,
743 2769 770 2813 de
787 2769 882 2826 Ligarii
900 2781 946 2812 κοιι
968 2769 1063 2814 audem
1086 2769 1191 2828 confiteri

39 2845 84 2904 gir.
115 2849 170 2897 Scit.
196 2864 252 2897 cum
274 2849 299 2897 in
323 2851 400 2899 Codd.
422 2867 445 2900 r.
468 2853 569 2897 dubitem
587 2853 776 2915 superscriptum
795 2858 869 2907 erret,
894 2857 920 2898 ut
941 2851 965 2897 in
983 2868 1019 2909 a,
1043 2855 1133 2909 dicere,
1157 2869 1190 2901 eo

40 2941 124 2994 recepto
140 2935 163 2982 in
179 2936 292 2989 ordinem
308 2951 354 2983 uou
375 2938 474 2983 dubitem
494 2940 584 2990 dicere,
606 2939 634 2982 de
654 2938 751 2994 Ligarii
770 2937 864 2981 audeam
885 2938 974 2990 dicere.
991 2940 1121 2986 hoc-utura
1139 2953 1188 2986 non

39 3028 98 3073 pum
109 3020 217 3068 ridentes
237 3021 308 3073 alteri
326 3024 401 3068 dicere
422 3022 593 3070 substituerunt
614 3037 637 3070 r.
658 3020 777 3079 confiteri,
795 3027 818 3066 et
835 3020 979 3068 intruserunt
995 3029 1124 3083 praeterea
1143 3037 1190 3068 κονι

39 3111 84 3152 unte
100 3122 121 3155 r.
137 3110 243 3154 audeam.
278 3107 403 3154 Sententia
420 3108 482 3153 haec
499 3114 552 3176 eutr
565 3107 647 3164 „Cum
664 3112 713 3151 turn
732 3105 806 3151 libere
823 3119 853 3152 uc
869 3107 920 3154 sine
937 3107 988 3153 ullo
1005 3114 1069 3153 motu
1086 3109 1117 3153 da
1134 3120 1189 3154 meo

39 3189 94 3238 farto
116 3207 198 3241 coram
221 3196 328 3242 Caesare
351 3197 452 3258 loquar,
481 3196 554 3242 facile
577 3195 697 3255 intelliges
722 3209 759 3240 me
782 3196 813 3241 de
830 3191 922 3253 Ligarii
938 3186 1021 3247 fuito,
1046 3206 1073 3237 re
1090 3191 1189 3239 minoris

38 3280 150 3338 momenti,
167 3295 246 3343 aeque
262 3279 338 3327 libere
355 3280 437 3326 dicere
454 3292 565 3326 ausurum
583 3282 666 3326 esse.“
683 3287 717 3316 -’-
734 3281 771 3324 ret
787 3278 877 3325 taudem
894 3292 918 3336 g.

92 3410 142 3473 lb.
155 3411 240 3477 putat]
260 3413 291 3461 el.
309 3418 375 3471 putet
397 3412 453 3473 gbr.
475 3414 500 3458 iu
523 3409 619 3473 Africa]
638 3427 659 3459 a.
676 3426 794 3472 superscr.
813 3412 948 3471 posthaec
965 3426 1005 3458 rr.
1022 3412 1153 3470 Ligurium.
1170 3411 1188 3459 l.

38 3500 282 3557 superscr.1.igurium
299 3505 356 3559 post
374 3513 397 3546 v.
415 3499 509 3544 crimen.
527 3500 603 3543 -iu
618 3496 703 3556 Africo
721 3496 844 3554 Ligurium
861 3495 917 3555 gbr.
935 3522 966 3532 -
980 3496 1124 3553 prohibitum
1141 3509 1188 3540 erra
1223 3552 1225 3555 .

38 3588 56 3621 tu
69 3595 82 3624 ιι
96 3583 193 3640 Ligurio
210 3584 234 3630 b.
249 3583 392 3641 prohibitum
408 3597 432 3629 ru
449 3597 479 3627 ea·
495 3584 551 3641 Lig.
569 3583 599 3628 el.
625 3580 662 3643 (id
679 3588 728 3628 est:
753 3595 794 3638 pr.
811 3594 835 3625 re
852 3566 898 3625 esre
915 3595 930 3626 ιι
946 3579 1013 3638 Lig.)
1029 3604 1064 3618 -
1080 3584 1130 3626 tuus
1147 3582 1188 3626 itta

38 3661 183 3728 iuu.]eg1b.
201 3669 270 3714 auu.
288 3669 328 3713 itte
346 3671 396 3713 tuus
414 3682 437 3715 v.
460 3667 592 3728 (districtus
610 3663 676 3726 egl.)
692 3691 726 3703 -
743 3668 873 3733 animorum
890 3670 980 3711 tuorum
996 3681 1063 3725 g.-
1075 3666 1145 3711 ιὀιίωπ
1161 3680 1186 3725 g.

39 3768 248 3788 Q———n

92 3856 142 3919 l9·
157 3861 281 3911 Plutarch.
299 3864 350 3912 Cic.
369 3879 391 3912 c.
409 3865 450 3911 89.
470 3866 524 3915 ίπιί
543 3856 679 3933 ἀρξάμενος
702 3865 780 3930 λέγειν
800 3855 815 3914 ὃ
832 3864 946 3933 Κικίρων
963 3858 1096 3933 ὑπερφυῶς
1114 3866 1186 3917 ίκίνει

38 3938 71 3986 καὶ
85 3938 229 4010 προῦβαινεν
248 3940 315 4013 αὐτῷ
332 3936 413 4000 πάθει
429 3967 457 3999 τε
477 3949 591 4006 ποικίλος
610 3950 653 4000 καί
670 3943 757 4017 χάριτι
776 3942 931 4015 θαυμαστὸς
949 3941 963 3999 ὅ
983 3942 1073 4044 λόγοςὶ
1091 3945 1186 4006 πολλὰς

37 4022 73 4081 ptr
87 4025 203 4093 (λέγεται)
222 4033 287 4083 iiras
305 4025 386 4100 χρὸας
402 4035 443 4084 tat
457 4030 529 4084 τοῦ
521 4027 658 4100 προσώπου
674 4029 719 4084 τὸν
735 4036 874 4100 Καίσαρα,
900 4027 983 4090 πάσας
1000 4030 1073 4083 it
1043 4053 1087 4098 οης
1103 4030 1186 4099 ψυχῆς

38 4119 171 4203 ίίῑίθμξνθς
194 4108 292 4180 τροπὰς
315 4110 502 4181 raucidulos
479 4137 551 4169 ειναι.
584 4119 655 4176 τέλος
683 4118 710 4168 bi
733 4114 783 4168 uuir
805 4114 870 4168 κατὰ
895 4108 1030 4187 Φάρσαλον
1051 4109 1185 4184 ἁψαμένου
1257 4179 1262 4195 .

38 4184 75 4237 τοῦ
97 4186 200 4264 ῥήτορος
222 4192 338 4265 ἀγώνων,
363 4197 465 4266 ἐκπαθῆ
487 4195 619 4268 γενόμενον
635 4198 790 4266 τιναχθηναι
808 4198 843 4251 roi
862 4195 1017 4268 σωματικαὶ
1039 4197 1083 4264 τῆς
1099 4197 1184 4266 χειρὸς

38 4269 132 4334 tumim
153 4283 207 4331 ίνιιι
231 4284 281 4339 των
299 4288 480 4351 γραμματίων,
504 4279 549 4335 τὸν
568 4305 629 4352 your
647 4280 788 4355 ἄνθρωπον
806 4280 913 4336 ἀπέλυσε
932 4282 977 4350 τῆς
995 4286 1079 4342 dictur
1094 4287 1182 4350 βεβια-

39 4360 123 4418 σμένος,
