2850 4759
351 245 439 313 PRO
460 246 504 313 Α.
528 242 748 325 CAECINA,
778 266 808 314 e.
830 249 850 310 4
869 257 902 313 et
922 247 952 316 5.
1149 303 1152 308 .
1198 249 1238 311 85

58 405 130 470 iure
152 400 329 468 dubitetis.
369 400 432 486 Et,
454 403 483 468 si
503 401 594 468 l'orte
617 401 758 468 videbor
772 400 874 469 altius
888 402 1019 468 initium
1036 403 1082 468 rei
1098 390 1246 469 ‹le‘rnonss'
1259 407 1297 470 10

56 495 220 570 strandae
239 502 385 583 petisse,
408 523 508 584 quam
536 524 591 567 me
619 503 705 569 ratio
731 502 813 568 iuris
834 514 868 566 et
889 502 960 587 ius,
978 501 1034 567 >de
1059 525 1126 583 quo
1142 502 1236 578 'ludi-

56 604 148 669 eium
173 615 245 680 est,
275 614 310 669 et
332 614 457 669 natura
479 624 603 670 causae
624 605 795 683 coegerit,
825 623 951 685 quaeso
976 615 1014 668 ut
1038 606 1236 685 ignoscatis.

55 706 138 772 Non
158 706 247 771 enirn
268 707 379 771 tainus
402 703 535 771 laborat
556 707 600 768 Α.
622 705 787 781 Caecina,
810 725 852 770 ue
865 726 1003 771 surumo
1019 704 1236 786 iureegisse,

60 828 164 889 quam
191 827 234 872 ne
259 819 392 872 certum
413 808 466 872 ius
490 830 558 873 non
588 807 776 872 obtinuisse
796 804 964 871 videatur.

139 909 189 974 Μ.
213 905 385 974 Fulcinius
415 909 497 982 fuit,
526 920 806 992 recuperatores,
838 927 857 973 e
883 907 1068 987 municipio
1092 907 1237 987 Tarqui·

59 1009 186 1081 aiensi.
217 1009 273 1090 qui
297 1020 333 1074 et
357 1006 451 1074 dorni
477 1028 561 1074 suae
584 1029 662 1074 eum
689 1009 808 1090 primis
833 1007 998 1074 honestus
1019 1008 1235 1073 existimatus

59 1119 110 1178 est
143 1121 178 1176 et
203 1111 334 1176 Romae
363 1111 592 1189 argentariam
621 1133 688 1175 nou
715 1107 897 1190 ignobilem
926 1110 1018 1175 fecit.
1059 1108 1093 1175 ls
1120 1109 1237 1174 habuit

57 1216 89 1279 in
108 1213 329 1279 inatrimonio
357 1211 576 1278 Caesenniam
602 1210 722 1276 eodem
749 1230 767 1275 e
793 1208 976 1291 municipio
998 1232 1135 1276 sumine
1157 1208 1234 1277 loeo

56 1326 176 1401 natam
195 1325 230 1379 et
249 1313 523 1394 probatissimam
546 1312 726 1389 feminam,
747 1312 836 1376 sieut
854 1323 889 1377 et
908 1312 1006 1377 vivus
1025 1312 1099 1391 ipse
1119 1310 1235 1377 inultis

56 1417 160 1482 rebus
184 1413 333 1489 ostendit
354 1425 388 1478 et
411 1414 445 1478 in
466 1425 579 1478 morte
600 1433 663 1479 sua
682 1423 887 1478 testamento
913 1411 1107 1477 declaravit.
1146 1413 1235 1477 Huie
1258 1417 1294 1479 ll

57 1516 266 1584 Caesenniae
293 1512 436 1579 fundum
462 1515 496 1578 iu
525 1534 607 1593 agro
634 1513 870 1594 Tarquiniensi
896 1511 1047 1578 vendidit
1073 1513 1236 1593 tempori.

56 1618 118 1684 bus
148 1614 215 1682 illis
237 1612 449 1680 difficillimae
469 1612 662 1680 solutionis.
720 1616 805 1680 Cum
827 1626 982 1680 uteretur
1009 1615 1129 1679 uxoris
1154 1612 1235 1678 dote

55 1727 254 1792 numerata,
277 1737 344 1795 quo
373 1714 505 1779 mulieri
535 1728 626 1781 esset
642 1736 704 1781 res
733 1716 883 1796 cautior,
905 1716 1055 1790 ornavit,
1076 1725 1114 1779 ut
1136 1709 1169 1779 iu
1192 1733 1233 1780 eo

54 1817 163 1884 fando
186 1816 249 1882 dos
273 1813 515 1880 collocaretur.
554 1814 738 1896 Aliquanto
762 1818 929 1897 postiam
952 1816 1144 1895 argentaria
1157 1816 1236 1880 dis·

55 1917 184 1994 soluta,
217 1914 385 1982 Fulcinius
418 1916 497 1982 huie
532 1915 638 1981 fundo
675 1919 793 1982 rixeris
828 1919 1036 1983 continentia
1067 1914 1234 1998 quaedam

54 2017 307 2100 praediumque
325 2016 482 2083 adiuncta
498 2030 682 2084 mereatur.
724 2019 876 2082 Moritur
891 2016 1077 2083 Fuleinius:
1109 2014 1235 2094 (mnlta

57 2121 164 2194 enim,
179 2169 181 2172 Α
199 2138 285 2199 quae
313 2129 394 2183 sumt
417 2118 449 2183 in
478 2138 533 2195 re,
564 2119 641 2198 quia
664 2129 797 2183 remota
824 2130 906 2183 sunt
930 2139 950 2183 a
972 2138 1096 2194 eausa,
1135 2126 1234 2196 prae·

59 2219 281 2294 termittam3)
302 2230 506 2284 testamento
527 2218 608 2282 facit
626 2218 799 2292 heredem,
822 2239 923 2299 quem
946 2218 1089 2289 habebat
1110 2238 1129 2280 e
1150 2219 1234 2281 Cae·

55 2318 316 2389 sennialilium:
353 2340 451 2384 usum
476 2330 510 2384 et
533 2318 687 2389 frustum
714 2319 866 2382 omniurn
893 2319 1059 2382 bonorum
1085 2337 1229 2382 snorum

56 2419 262 2486 Caesenniae
279 2417 389 2498 legat,
411 2431 449 2483 ut
469 2419 643 2483 frueretur
657 2440 726 2484 una
741 2440 819 2482 rum
839 2416 917 2482 lilio.
957 2419 1106 2494 Magnus
1121 2415 1232 2481 horres
1259 2405 1295 2489 {2

54 2520 116 2584 viri
146 2519 314 2586 iucundus
350 2519 483 2584 mulieri
512 2519 650 2595 fuisset,
683 2521 713 2585 si
739 2518 937 2584 diuturnum
962 2538 1037 2584 esse
1061 2517 1233 2594 licuisset3

53 2618 343 2686 fruereturenim
376 2620 473 2687 bonis
503 2639 581 2687 euru
614 2640 673 2705 eo,
709 2639 810 2702 quem
838 2620 910 2685 suis
941 2619 1038 2685 bonis
1070 2617 1232 2683 heredem

54 2739 127 2785 esse
151 2720 311 2800 cupiebat
334 2731 369 2784 et
397 2740 441 2785 ex
472 2743 539 2801 quo
564 2723 754 2787 martimum
782 2721 935 2797 fraretum
965 2720 1036 2800 ipsa
1067 2720 1232 2800 rapiebat.

53 2820 118 2886 Sed
138 2818 235 2887 hune
253 2821 404 2887 fructum
424 2833 559 2886 mature
579 2821 719 2889 fortuna
740 2820 880 2891 ademit.
919 2821 1006 2886 Nam
1032 2820 1126 2886 brevi
1148 2831 1233 2884 tem·

53 2941 135 2999 pore
153 2924 204 2984 M.
223 2919 394 2991 Fulcinius
412 2920 612 2988 adolescens
634 2936 792 2989 mortuus
814 2934 885 2999 est;
907 2921 1066 2986 heredem
1087 2921 1126 2993 Ρ.
1147 2919 1233 2982 Cae.

53 3021 209 3086 sennium
232 3021 330 3098 leeitr
362 3024 463 3087 uxori
488 3021 617 3100 grande
644 3022 778 3102 pondus
802 3021 1127 3102 argenti-matrique
1151 3038 1231 3097 par-

55 3129 121 3185 tem
141 3121 309 3188 maiorem
335 3124 509 3192 botrorum
526 3122 663 3201 legavit.
705 3123 824 3203 ltaque
847 3123 882 3188 in
908 3132 1039 3202 partem
1070 3116 1231 3184 mulieres

55 3232 195 3287 vocatae
213 3232 306 3288 sunt.
521 3304 524 3308 A
701 3282 706 3294 „

132 3321 172 3388 V.
216 3323 304 3387 Cum
326 3336 417 3390 esset
441 3323 526 3389 haee
545 3324 657 3390 auctio
676 3322 881 3390 hereditaria
896 3322 1092 3396 constituta,
1116 3322 1230 3388 Aebu·
1252 3329 1291 3390 13

121 3504 134 3565 ᾖ
158 3507 196 3552 10.
214 3508 280 3551 ratio
304 3509 363 3552 iuria
388 3512 412 3551 et
438 3510 485 3561 im,
515 3510 543 3553 de
569 3504 626 3571 quo]
651 3509 703 3554 Erf.
721 3509 779 3562 Em.
814 3509 853 3559 stc
871 3524 915 3571 pet·
932 3513 955 3553 et
970 3534 981 3552 ε
999 3514 1022 3557 el
1038 3510 1167 3575 iunguntur
1183 3510 1232 3555 tritt

53 3587 160 3633 membra
187 3589 262 3635 etiam
288 3591 318 3635 de
352 3589 405 3635 Flu.
427 3591 456 3647 2,
480 3591 528 3644 21,
554 3592 595 3635 69.
620 3592 642 3634 si
673 3595 695 3635 te
726 3593 775 3648 ipse
803 3597 826 3635 et
854 3597 905 3639 tuas
930 3594 1083 3649 rogitationes
1107 3597 1130 3636 et
1154 3595 1231 3636 studia

50 3676 206 3728 perspexeris.
224 3696 259 3709 -
276 3673 339 3716 ratio
357 3675 423 3735 <iaris
448 3675 509 3726 eius,
536 3675 563 3717 de
581 3687 626 3730 quo
644 3674 674 3724 de
691 3673 720 3719 P.
739 3674 814 3720 Fabri
831 3673 895 3729 euni.
913 3674 944 3718 0.
958 3678 993 3709 -‘·
1006 3677 1055 3731 ipse
1072 3671 1161 3734 mattis]
1181 3673 1230 3717 lirf.

54 3752 134 3794 multia
151 3753 197 3808 ipse
214 3751 246 3797 Ο.
313 3776 316 3781 >

122 3831 134 3891 ᾗ
152 3833 189 3878 tl.
206 3833 360 3890 difficillimae
376 3831 509 3892 solutionis]
529 3835 604 3890 Orx.‚
622 3841 648 3881 ut
666 3835 766 3883 volebat
783 3835 867 3880 Lamb.
885 3835 1007 3878 solutionis
1019 3836 1049 3878 de
1060 3835 1134 3891 gloss.
1148 3847 1231 3890 suspe-

53 3918 120 3956 ctum
138 3913 255 3960 lllauutiu.
291 3915 375 3973 Volgo
391 3917 588 3974 dffrillimism-
604 3920 686 3961 uaeris
703 3916 766 3975 dote]
786 3917 837 3961 Eri.
855 3918 908 3960 dote
925 3918 1007 3972 ureris
1025 3916 1102 3960 0.-
1126 3928 1190 3958 usum
1209 3918 1234 3956 et

46 3987 166 4052 frustm!
186 3993 236 4038 Erf.
258 3992 337 4052 Off-l
361 3995 399 4038 19,
418 3995 598 4052 usumfructum
614 4000 645 4043 Ο.
667 4005 692 4043 ut
711 3999 799 4055 Touic.
818 3997 829 4058 q
845 3998 874 4043 15
887 4003 911 4042 et
926 3997 1010 4042 li.-
1029 3999 1140 4039 aratorem
1159 3996 1231 4038 bono

52 4069 118 4130 rtem]
143 4071 192 4119 Ere.
209 4077 261 4119 lon.
280 4076 336 4118 mat.
354 4075 384 4120 Ο.

57 4180 63 4188 ·
124 4153 136 4213 ἦ
158 4157 192 4202 te.
211 4161 274 4202 intro
296 4154 381 4218 tiabat]
399 4156 516 4215 Palimps.
539 4157 588 4203 Erf.
607 4158 784 4203 incremento,
820 4160 880 4204 Cum
893 4167 1019 4218 utrumque
1031 4157 1060 4202 sit
1080 4145 1229 4211 detestami-

49 4252 145 4299 μενον,
162 4238 237 4285 codd.
256 4238 373 4299 sequendi
391 4247 467 4285 eraut.
504 4240 603 4286 Videtur
615 4257 628 4287 e
641 4240 744 4286 Comico
763 4241 873 4300 petitum.
1207 4233 1218 4239 ’
