2850 4759
211 244 271 313 rte
394 184 399 207 Ι
439 232 445 251 '
674 243 907 315 ulcerosis

210 408 353 477 interiret
380 407 560 496 Caesarem
589 406 806 487 eumenen,
844 407 944 475 etiarn
972 403 1133 474 laetatum
1161 420 1232 476 ease
1255 419 1397 475 morte

211 514 365 583 Caesaris
392 514 519 581 crimen
547 513 647 580 esse?
684 511 773 593 Quid
799 512 887 580 euim
916 512 1058 579 interest
1083 517 1169 579 inter
1194 533 1392 581 suasorem

210 617 289 683 laeti
311 628 346 683 et
365 617 606 699 probatorem?
636 626 695 684 aut
713 614 792 701 quid
814 616 937 695 refert,
968 627 1081 682 utrum
1103 614 1261 683 voluerim
1294 616 1392 689 fieri·

209 744 251 789 an
272 718 437 801 gaudeam
461 720 612 791 laetum?
652 718 778 803 Ecquis
805 731 859 788 est
883 719 988 799 igitur
1016 730 1048 786 te
1078 731 1220 802 excepto
1249 732 1290 785 et
1334 720 1390 797 iis,

209 822 264 905 qui
291 823 383 890 illurn
410 844 551 905 regnare
569 822 779 904 gaudebant,
800 824 856 908 qui
875 820 955 891 illut
978 837 1037 909 ant
1056 824 1128 890 lieri
1149 821 1302 893 uoluerit
1327 838 1391 891 aut

208 929 339 997 l‘acturn
365 928 587 1009 improbarit?
627 927 752 996 Omnes
775 948 858 1016 ergo
885 928 918 997 in
946 925 1057 1010 culpa.
1098 926 1231 995 Etenim
1254 949 1388 996 oraines

211 1033 307 1109 boni,
341 1044 503 1115 quantum
537 1032 570 1099 iu
598 1030 681 1115 ipsis
708 1030 790 1109 suit,
822 1031 1002 1099 Caesarem
1029 1030 1238 1112 oeciderunt,
1288 1031 1387 1099 Aliis

209 1133 407 1217 eonsilium,
428 1134 500 1204 aliis
516 1135 666 1215 animus,
685 1132 760 1203 aliis
775 1134 908 1203 occasio
925 1133 1045 1205 defuit:
1065 1133 1224 1216 volumtas
1239 1137 1388 1208 nemini.

142 1249 188 1313 ,30
208 1240 272 1309 Sed
294 1253 469 1322 stuporem
486 1238 631 1309 hominis
653 1236 705 1305 rel
721 1237 830 1309 tlieam
844 1238 983 1324 peculia
998 1238 1173 1308 attendite.
1214 1240 1269 1308 Sin
1282 1241 1383 1307 enirn

184 1420 186 1425 ,
208 1343 310 1413 dixit:
331 1342 385 1411 M.
400 1342 550 1431 Brutus,
570 1364 679 1436 quem,
692 1364 757 1426 epo
771 1338 920 1410 honoris
935 1362 1049 1411 causer
1064 1344 1230 1429 nomino,
1250 1365 1385 1411 eruera-

207 1461 284 1515 turn
308 1446 501 1531 pupionene
521 1458 645 1516 tenens
667 1443 872 1518 Ciceronem
890 1446 1131 1531 exclamauit3
1153 1468 1205 1513 ex
1228 1468 1299 1537 quo
1326 1448 1385 1514 in-

209 1550 325 1635 tellipi
349 1548 467 1638 debet,
499 1549 787 1620 eameonseium
805 1547 936 1631 fuisse.
977 1549 1069 1630 Ergo
1097 1572 1162 1631 ego
1188 1548 1378 1622 sceleratus

208 1651 401 1739 appellora
426 1664 476 1725 te.
508 1673 607 1737 quem
635 1663 672 1721 tu
693 1651 902 1737 suspicatum
927 1650 1051 1736 aliquid
1069 1655 1278 1737 suspicaris:
1304 1653 1379 1733 itte,

207 1758 264 1842 qni
287 1755 468 1829 stillantem
490 1777 571 1840 prae
594 1776 632 1825 se
645 1759 837 1843 *pugionem
858 1755 951 1833 tulit,
972 1756 1001 1824 is
1022 1777 1041 1824 a
1060 1769 1093 1824 te
1111 1755 1256 1825 lionoris
1273 1778 1376 1825 eausa

207 1861 423 1930 nominatur?
453 1857 556 1949 Eator
590 1861 636 1930 sit
659 1862 695 1931 iu
720 1861 831 1931 verbis
855 1861 920 1928 tuis
941 1859 997 1928 hie
1019 1872 1157 1944 stupor:
1193 1875 1315 1945 quanto
1335 1862 1373 1928 iu

150 2037 152 2041 ,
206 1966 307 2033 rebus
322 1962 561 2046 sententiisque
577 1964 706 2033 maior?
727 1964 904 2032 Constitue
917 1960 1000 2044 hoe,
1021 1963 1162 2045 consul,
1176 1963 1366 2049 aliquando:

207 2068 409 2155 llrutorurn,
431 2067 470 2135 C·
493 2067 617 2146 Cassii,
638 2069 700 2136 Cn.
724 2066 881 2146 Domitii,
903 2067 945 2136 0.-
964 2066 1141 2156 Trebonii,
1163 2067 1374 2154 reliquorum

206 2193 308 2256 quarn
332 2170 415 2243 velis
443 2192 518 2240 esse
541 2192 695 2241 oausam:
717 2170 846 2240 edormi
869 2168 1063 2255 crapulam,
1084 2172 1239 2260 iuquam,
1263 2186 1371 2241 etex·

206 2275 295 2343 hala.
336 2277 389 2342 An
412 2276 504 2344 iaces
529 2275 759 2345 admovendae
783 2286 880 2362 sunt,
901 2294 987 2359 quae
1013 2286 1045 2342 te
1072 2275 1239 2356 excitent,
1266 2288 1374 2345 tantm

205 2399 328 2447 causae
345 2377 628 2447 indormientem?
648 2378 872 2463 Nunquamne
892 2376 1059 2461 intelliges
1076 2379 1301 2449 statuendum
1318 2380 1372 2448 tibi

206 2503 301 2568 ease,
324 2494 437 2551 utrum
456 2480 521 2559 illi,
543 2483 600 2567 qui
620 2483 719 2551 iatam
736 2503 809 2551 rem
825 2494 1020 2564 gesserunt,
1042 2480 1280 2553 homicidaene
1297 2485 1373 2569 aiut,

205 2607 249 2655 au
269 2583 419 2655 vindices
442 2583 629 2655 libertatis?

146 2704 183 2768 31
232 2762 236 2769 ¹
285 2687 382 2756 Xlll.
423 2689 571 2758 Atteude
599 2689 687 2759 enim
718 2687 900 2775 paullisper
929 2689 1238 2774 cogitationemque
1270 2690 1371 2761 sobrii

204 2789 351 2873 honripis
375 2804 537 2876 punctum
563 2795 726 2876 temporis
747 2793 891 2877 suscipe.
932 2793 1024 2874 Ego,
1046 2794 1102 2878 qui
1121 2816 1199 2863 sum
1220 2793 1369 2868 ittoruu.

205 2907 244 2963 ut
263 2895 335 2980 ipse
351 2896 479 2973 fateor,
503 2894 698 2974 familiaris,
718 2908 756 2963 ut
770 2918 789 2962 a
805 2908 837 2972 te
851 2916 996 2978 arguor,
1015 2899 1147 2983 socius,
1169 2919 1259 2980 nego
1277 2898 1369 2984 quid·

204 3022 305 3082 quam
332 3020 408 3070 esee
431 2998 594 3067 medium:
628 3001 793 3071 eorrfiteor
818 3020 896 3076 eos,
927 2999 990 3067 nisi
1020 2997 1221 3070 liberatores
1253 2999 1368 3086 populi

203 3102 347 3171 Romani
367 3114 691 3187 conservatoresque
713 3102 764 3170 rei
782 3101 935 3186 publicae
953 3104 1038 3189 sint,
1060 3102 1137 3191 plus
1162 3127 1265 3188 quam
1286 3107 1367 3175 sica·

202 3208 289 3282 rios,
310 3205 387 3290 plus
406 3226 507 3289 quam
525 3203 729 3283 homicidas,
750 3204 826 3290 plus
843 3207 943 3273 etiarn
960 3229 1060 3291 quarn
1080 3207 1269 3290 parricidas
1283 3230 1364 3287 esse,

203 3309 367 3392 siquidem
385 3321 437 3377 est
454 3310 603 3380 atrocius
624 3309 752 3393 patriae
767 3324 940 3396 parentem
959 3334 1059 3395 quam
1075 3334 1176 3380 suurn
1199 3312 1362 3380 occidere.

204 3411 257 3478 Tu
282 3411 382 3479 liumo
407 3413 538 3496 sapiens
560 3424 595 3481 et
618 3411 847 3498 considerate,
875 3413 954 3498 quid
974 3413 1080 3484 dicis?
1111 3415 1144 3483 Si
1166 3414 1362 3500 parricidas:

204 3537 265 3581 cur
286 3515 424 3584 honoris
449 3539 550 3585 rausa
570 3538 590 3585 a
612 3528 644 3585 te
664 3529 745 3586 sunt
765 3530 799 3586 et
820 3519 852 3585 in
873 3516 940 3587 hoe
961 3517 1079 3587 ordine
1100 3531 1133 3587 et
1150 3518 1238 3603 apud
1258 3542 1362 3602 popu·

203 3615 274 3686 lurn
303 3619 492 3689 Romanum
516 3641 651 3706 semper
677 3619 858 3706 appellati?
897 3610 966 3690 Cur
993 3624 1043 3693 Μ.
1067 3623 1194 3697 ssrurus
1222 3636 1254 3690 te
1277 3623 1331 3691 ref
1346 3663 1361 3677 ·

209 3751 400 3771 nuh-——ae-n

270 3834 341 3899 ibi.
358 3838 380 3881 ai
401 3836 534 3894 parricidae
556 3844 581 3886 et
604 3837 667 3888 infre
691 3854 737 3890 raon
760 3843 833 3903 igitar
853 3837 990 3902 lamminae]
1014 3832 1098 3891 Vetie.
1121 3837 1174 3887 seii.
1196 3839 1262 3886 dicis.
1295 3840 1359 3894 Quae

203 3921 268 3971 ratio
285 3918 458 3982 muranum
475 3920 569 3969 videtur
585 3925 700 3986 volgatur
722 3928 855 3986 parricidae
912 3926 1047 3973 homicidae.
1063 3949 1098 3964 -
1115 3925 1204 3986 bgiire
1219 3928 1253 3971 ert
1266 3923 1357 3986 eom]

203 4006 312 4067 „legiler
327 4006 393 4053 certatv
404 4004 471 4066 apuu
488 4005 612 4056 Romanor
628 4011 782 4067 dicebantur,
798 4012 840 4075 qui
857 4024 905 4073 unq
922 4006 1014 4058 mutam
1032 4009 1086 4071 tege
1102 4009 1268 4065 solvebantur,
1286 4016 1311 4056 et
1326 4022 1355 4056 ea
1410 3984 1412 4095 l

159 4098 162 4102 ·
203 4091 227 4138 lr.
244 4091 260 4138 Ι.
276 4096 301 4138 et
317 4089 424 4152 pluribus
445 4088 669 4142 structurarum
687 4092 793 4159 liquet.'“
815 4097 914 4145 Gerar.
957 4093 1101 4143 Arruntius
1117 4095 1228 4157 explieat
1245 4094 1360 4141 formae
1409 4120 1410 4123 =

203 4175 301 4222 briareo
317 4188 439 4222 numerum
456 4173 587 4235 pluralem
604 4178 673 4236 „liae
689 4182 756 4240 leger
773 4179 898 4228 Puerum
914 4193 948 4229 aa
965 4192 1032 4228 ruas
1049 4191 1109 4226 rura
1125 4193 1196 4235 ovrsr
1213 4192 1240 4225 x.
1257 4192 1311 4225 oras
1324 4190 1353 4223 rs

203 4270 314 4308 ueneror
330 4259 435 4316 uolutus,
451 4271 482 4304 ae
498 4267 630 4321 propterea
643 4261 672 4311 ile
683 4264 776 4325 teqttm
786 4265 907 4326 omnibus,
924 4280 987 4330 quae
998 4263 1135 4313 amrin
1148 4263 1244 4314 noculo
1253 4275 1304 4309 cu·
1314 4262 1351 4309 ill·

204 4344 436 4396 monembasiae-⁶
471 4343 565 4395 Etenim
587 4360 641 4396 cum
663 4347 686 4398 el
709 4347 900 4411 permitteretur,
928 4350 1025 4415 utplus
1047 4350 1168 4415 queruli.
1189 4348 1241 4398 aliea
1260 4346 1350 4406 aberret,
