2850 4759
197 298 257 362 tta
669 290 910 363 CICERONIS
932 336 937 345 ι

154 456 175 520 d
275 455 393 535 Nune,
415 457 594 539 quoniam,
623 453 665 523 T.
686 454 852 537 Labiene,
881 453 1074 535 diligentiae
1095 473 1190 522 ureae
1213 455 1369 536 temporis

196 558 360 637 augrrstiis
383 558 541 625 obstitisti
564 577 684 640 meque
705 576 750 622 cx
772 567 972 640 eoruparato
1002 569 1037 624 et
1057 558 1244 626 constituto
1266 556 1367 638 spatio

196 659 404 727 detensionis
427 661 459 725 in
481 658 673 726 semihorae
695 657 906 727 curriculum
928 660 1090 739 coegisti,
1112 660 1301 740 parebitur,
1322 669 1367 733 et,

196 763 287 846 quod
302 762 558 844 iniquissimum
581 774 651 846 est,
674 764 885 830 accusatoris
906 760 1097 827 condicioni
1120 771 1173 831 rt.
1204 759 1295 842 quod
1316 760 1367 825 uri·

193 866 395 941 acerimum,
427 863 552 929 inimici
584 863 759 945 potestati.
811 864 1029 953 Quamquam
1059 863 1092 928 in
1122 862 1187 928 bae
1214 862 1369 944 praeseri·

193 967 309 1048 ptioue
329 963 523 1032 semihorae
544 966 678 1047 patroni
701 963 783 1031 mihi
801 976 916 1047 partes
933 963 1115 1047 reliquisti,
1137 963 1288 1030 consulis
1303 962 1369 1030 ade·

194 1068 304 1133 misti:
339 1079 519 1150 propterea
548 1066 637 1149 quod
667 1066 707 1134 ad
737 1066 986 1133 defendendum
1015 1065 1268 1150 propemodum
1296 1065 1368 1131 satia

153 1187 172 1248 7
194 1169 260 1234 erit·
281 1167 345 1234 boo
360 1168 441 1235 milri
459 1170 642 1251 temporis,
667 1167 708 1233 ad
725 1168 1004 1252 conquerendum
1021 1190 1156 1252 parum.
1199 1170 1274 1236 Nisi
1289 1169 1367 1233 forte

193 1268 235 1335 de
256 1269 341 1338 locis
364 1268 531 1351 religiosis
552 1293 593 1337 ao
615 1271 655 1337 de
678 1270 780 1348 lucis,
803 1292 888 1354 quos
911 1270 1039 1339 abhoc
1063 1271 1210 1339 violatos
1232 1292 1307 1339 esso
1325 1268 1367 1334 di-

191 1373 289 1451 xisti,
323 1371 474 1454 pluribus
496 1375 606 1441 vorbis
630 1375 686 1439 tibi
710 1372 985 1454 respondendum
1009 1384 1128 1454 prrrasz
1165 1394 1236 1454 quo
1260 1374 1291 1438 in
1311 1371 1367 1436 cri·

192 1475 283 1540 mine
304 1473 385 1540 nibil
408 1488 460 1542 est
481 1497 642 1558 uinquam
665 1475 724 1541 abs
748 1487 780 1541 te
803 1473 931 1542 dictum
954 1474 1017 1542 nisi
1039 1495 1059 1541 a
1080 1477 1118 1541 0.
1141 1474 1267 1541 Macro
1288 1474 1369 1540 obie·

192 1587 286 1642 ctum
308 1595 383 1643 esse
405 1579 532 1644 crimen
554 1576 586 1643 id
609 1577 645 1643 C.
665 1577 814 1645 Rabirio.
855 1576 893 1643 lu
915 1599 983 1659 quo
1006 1596 1071 1656 ego
1094 1574 1247 1643 demiror
1262 1575 1369 1642 menri

191 1676 283 1760 nisse
305 1688 356 1754 te,
379 1678 459 1759 quid
481 1678 643 1745 obiecerit
665 1680 703 1745 (i.
727 1679 864 1745 Rabirio
887 1680 1006 1746 blacer
1027 1679 1201 1754 iuimicus3
1233 1677 1368 1745 oblitum

192 1798 283 1854 esse,
315 1778 394 1861 quid
416 1783 512 1861 aequi
535 1793 569 1847 et
590 1782 691 1848 iurati
713 1782 842 1848 iudices
864 1778 1058 1847 iudicarint.

149 1889 172 1948 a
272 1883 331 1945 111.
373 1883 427 1946 An
451 1881 491 1948 de
512 1883 671 1965 peculatu
687 1884 864 1960 sarto,an
880 1883 921 1949 de
936 1881 1103 1950 tabulario
1118 1884 1259 1951 incenso
1277 1883 1367 1962 longa
1411 1874 1412 1877 '

193 1985 305 2048 oratio
328 1993 381 2049 est
402 1985 665 2067 expromptae>
687 2008 753 2068 quo
770 1986 803 2052 iu
819 1987 958 2052 crimine
974 1987 1183 2067 propinquus
1199 1987 1237 2052 C.
1249 1985 1366 2057 Rabirii
1411 1992 1412 2039 ἒ

193 2081 318 2151 iudicio
341 2082 530 2154 clarissimo
546 2088 584 2175 C.
601 2089 723 2155 Curius
745 2111 808 2171 pro
832 2091 958 2155 virtute
979 2108 1042 2153 sua
1063 2099 1115 2153 est
1135 2086 1367 2154 honestissime

193 2184 371 2252 liberatus:
402 2189 473 2270 ipse
501 2209 584 2255 vero
612 2191 767 2258 Rabirius
790 2214 857 2257 non
887 2190 988 2256 modo
1011 2190 1043 2255 in
1066 2187 1228 2256 iudicium
1253 2188 1365 2255 horum

193 2289 392 2365 eriminum,
414 2288 473 2357 scd
496 2309 537 2356 ue
559 2290 591 2357 iu
616 2293 848 2360 tenuissimam
871 2291 1002 2376 quidem
1024 2292 1255 2374 suspicionem
1273 2291 1366 2356 verbo

193 2452 387 2468 e-——----.

192 2570 216 2599 a.
235 2569 259 2600 u.
277 2569 298 2600 c.
317 2555 366 2599 617
386 2550 449 2612 lata)
471 2558 607 2610 exceperat,
631 2554 807 2609 perduellionis.
842 2554 917 2599 Dedit
938 2555 991 2598 liuie
1014 2567 1104 2613 quoque
1127 2554 1216 2598 iudicio
1241 2552 1266 2598 C.
1288 2552 1366 2597 Caelius
1410 2526 1411 2573 }

192 2636 295 2696 (Caldus
313 2651 363 2683 cos.
382 2651 405 2681 a.
424 2651 447 2681 u.
466 2651 487 2681 c.
506 2635 577 2695 660.)
595 2636 710 2682 tabellam.

261 2740 312 2804 ld.
332 2740 479 2804 comparato]
507 2745 573 2805 quod
596 2743 695 2789 iamiam
719 2759 897 2804 praepararem
921 2744 987 2790 milri.
1035 2744 1103 2790 inira
1125 2744 1191 2805 lli.
1209 2746 1267 2802 qaid
1283 2740 1365 2800 egoarl

192 2828 218 2871 id
235 2829 330 2885 longam
347 2828 477 2871 orationem
496 2828 641 2884 comparemi
653 2851 689 2865 -
706 2830 729 2872 iu
741 2831 869 2873 semihorae
882 2825 1033 2887 carricaturis]
1052 2828 1170 2887 Imperite
1186 2827 1231 2873 alii
1248 2826 1365 2872 antistitae·

191 2916 246 2957 runt
268 2912 396 2964 circatam,
424 2924 474 2972 quo
497 2911 562 2971 perit
584 2911 715 2971 oppositio
737 2911 801 2957 iuter
820 2914 924 2968 spatium
946 2912 1022 2957 latam
1040 2917 1066 2957 et
1082 2911 1207 2970 augentius
1225 2911 1365 2955 eminae,

191 2993 221 3040 ld
244 2996 309 3041 adeo
332 2994 355 3040 in
378 2996 468 3042 multae
492 2995 647 3059 irrogatione
671 2994 694 3039 in
714 2994 864 3041 accusatoria
881 3000 1006 3054 potestate
1023 2996 1094 3041 eitum
1113 2995 1187 3041 fuisse
1204 2994 1314 3046 videtur,
1341 2997 1363 3037 at
1409 3012 1410 3063 p

190 3077 227 3124 rai
243 3083 351 3137 patrono
369 3085 464 3139 tempus
482 3079 569 3126 orandi
587 3079 779 3138 praescriberet,
797 3079 821 3124 in
839 3078 928 3137 capitis
946 3078 1037 3124 iudicio
1055 3078 1080 3123 id
1097 3078 1180 3125 locum
1197 3091 1247 3125 non
1260 3076 1364 3123 habuisse
1408 3066 1410 3115 l

190 3176 230 3207 res
244 3161 299 3221 ipsa
317 3163 415 3208 elamat.

107 3290 112 3297 '
204 3264 207 3273 Ι
257 3283 268 3344 §
290 3286 312 3330 7.
336 3301 364 3329 ac
381 3287 408 3330 de
426 3281 494 3348 terris]
514 3286 552 3331 Sic
571 3285 645 3332 etiam
662 3283 746 3330 Ambr.
783 3285 829 3330 Sed
853 3284 904 3328 Ox.
923 3283 953 3329 T.
975 3297 1004 3326 ac
1027 3283 1143 3335 delubris,
1170 3283 1209 3328 cui
1229 3296 1285 3329 voc.
1302 3283 1361 3328 locus

189 3375 292 3413 nonest
311 3370 347 3415 vel
366 3347 470 3429 propter
488 3384 559 3428 pron.
578 3383 643 3427 quos.
687 3368 821 3414 Praeterea
846 3368 898 3411 loca
915 3368 1029 3424 religiosa
1047 3367 1102 3426 ipsa
1119 3373 1174 3413 aunt
1192 3366 1307 3421 delubra,
1330 3379 1360 3411 aa·

188 3450 264 3507 cella,
283 3452 368 3512 quibus
386 3452 434 3497 iam
453 3454 573 3497 adduntur
592 3453 689 3496 luei.-
702 3452 726 3496 C.
743 3447 836 3513 Macro]
856 3450 884 3495 C.
903 3449 1008 3495 Licinius
1025 3433 1110 3495 Ma'eer
1128 3449 1227 3495 biennio
1245 3450 1297 3495 fere
1313 3454 1361 3493 aule

182 3535 308 3586 ,Cicerone
325 3542 450 3595 praetore
460 3550 483 3581 a.
496 3551 520 3581 u.
532 3550 554 3580 c.
570 3536 644 3592 689„
662 3537 692 3580 de
708 3533 847 3594 repetundis
860 3549 913 3580 reus
926 3539 950 3579 ot
964 3533 1104 3581 voluntaria
1117 3539 1197 3581 morte
1209 3533 1324 3580 sublatus
1333 3554 1361 3569 ·-

253 3659 307 3720 58,
341 3653 509 3719 expromenda]
522 3656 810 3709 SicManntiaa.Codd.,
831 3656 905 3702 etiam
915 3656 1171 3713 Anbneaprr'meada·
1206 3657 1360 3710 Quaerun-

185 3743 244 3787 aatia
254 3747 368 3788 contorta
379 3740 535 3800 explIcaturr
552 3741 653 3799 „oratio
662 3738 765 3799 ingratia
778 3746 801 3785 et
814 3747 900 3785 conus
915 3740 994 3798 ipaan
1008 3739 1044 3786 rei
1056 3747 1182 3796 natam,
1196 3754 1263 3801 qaae
1274 3741 1361 3786 brace!

185 3826 319 3879 desiderat,
343 3824 524 3883 proterenda.“
541 3848 575 3865 -
598 3824 689 3883 Curias]
708 3822 804 3869 Rabirii
821 3823 913 3870 sororia
931 3822 1046 3880 maritus,
1075 3830 1101 3868 ut
1118 3823 1216 3879 atatima
1239 3821 1361 3882 propinqui
1407 3812 1408 3823 ¹

184 3906 247 3953 enim
274 3912 298 3952 et
325 3907 424 3967 cognati
451 3916 476 3954 et
502 3911 592 3955 affines.
621 3908 700 3954 Codd.
731 3907 842 3966 (praeter
870 3905 913 3965 T.)
946 3907 1045 3951 Certim.
1075 3907 1122 3954 Sed
1151 3907 1197 3952 eir.
1227 3921 1277 3966 pro
1305 3905 1361 3952 aar.

181 3990 252 4038 Post.
265 3991 290 4045 2,
305 3992 343 4037 li.
352 3989 487 4049 -funeris
499 3990 628 4053 excusatio]
641 3992 658 4037 1.
671 3992 696 4037 2.
706 3991 800 4049 Digeat.
813 3991 863 4036 Tit.
875 3991 913 4036 4.c
931 3991 962 4034 Ιιι
971 3993 1006 4034 ies
1019 3992 1099 4034 uocari
1107 4003 1153 4033 aon
1165 3989 1246 4043 debet,
1263 3992 1359 4048 quinae·

181 4087 231 4119 rem
248 4074 312 4119 dacii
329 4079 371 4119 aut
386 4089 436 4120 eam
454 4076 605 4134 praeamabit,
623 4089 664 4120 trec
681 4077 780 4120 iudicem
797 4076 851 4119 dum
868 4075 897 4118 de
913 4089 939 4123 re
957 4077 1092 4131 cognoscit,
1109 4088 1151 4118 aec
1167 4086 1233 4126 earm,
1252 4076 1293 4132 pei
1307 4070 1359 4129 apd

178 4162 314 4215 praetorem
333 4172 426 4203 musam
442 4162 506 4217 agit,
524 4172 595 4218 neque
606 4158 681 4217 fartus
698 4160 815 4202 ducentem
827 4157 952 4214 familiare
970 4160 1058 4202 iustaoe
1074 4163 1167 4204 morato
1181 4159 1316 4216 facientem.
1332 4175 1359 4191 ·-

180 4241 237 4298 quid
252 4243 312 4285 adm
330 4239 388 4304 cet]
416 4243 471 4290 κατ’
492 4243 626 4308 ιὶρωνείαν.
656 4242 714 4287 Era.
733 4254 787 4286 cum
805 4247 969 4298 proponerets
998 4243 1138 4300 quidenna
1162 4246 1199 4286 est
1220 4246 1269 4286 tam
1282 4249 1357 4297 parea

180 4328 231 4370 ueri
246 4328 330 4381 simite,
349 4338 398 4372 non
416 4327 520 4372 attendit
537 4327 569 4370 ad
587 4323 636 4370 rim
654 4323 793 4384 particulae
809 4324 888 4377 euim,
907 4337 971 4384 quae
988 4324 1012 4370 in
1031 4325 1084 4371 eiua
1099 4325 1199 4372 ratione
1216 4326 1299 4372 locum
1313 4332 1354 4367 aaa
