2850 4759
215 266 274 336 til
652 309 655 314 ,
685 261 916 334 CICERONlS

216 428 307 513 qnod
334 428 452 498 initum
480 424 642 496 delendae
669 426 715 492 rei
743 424 895 509 publicae
923 423 1129 493 seruilium?
1177 424 1380 506 Largitionis

215 532 370 602 voluntas
399 545 470 602 turn
498 532 530 598 irr
557 553 592 598 re
614 528 744 614 publiea
766 540 899 597 versata
920 540 971 595 est
990 542 1025 596 et
1044 530 1192 611 partium
1216 530 1378 613 quaedam

213 636 399 705 contentio.
437 639 549 717 Atque
575 634 632 701 illo
662 646 816 716 tempore
837 631 935 701 lruius
957 654 1040 700 avus
1062 631 1213 712 Lentuli,
1236 632 1378 704 clarissi-

214 760 290 810 mus
311 740 378 818 vir,
400 752 550 812 armatus
572 736 765 806 Gracchum
787 749 838 804 est
857 749 1071 820 persecutus:
1092 736 1147 804 ille
1161 738 1265 804 etiarn
1281 758 1376 818 grave

216 855 286 910 tum
308 841 428 912 volnus
449 843 595 924 accepit,
627 862 668 908 ne
695 839 836 924 quidde
864 862 997 908 summa
1024 862 1060 906 re
1088 838 1223 923 publica
1253 843 1376 908 miuue-
1408 891 1409 932 3

213 960 328 1015 retur:
364 944 419 1014 hic
440 945 482 1014 ad
502 944 683 1014 evertenda
703 944 923 1012 fundamenta
943 944 991 1009 rei
1012 942 1165 1025 publicae
1188 943 1308 1013 Gallos
1328 967 1375 1011 ar·
1408 1019 1409 1022 Ἴ

214 1051 334 1129 cessit,
362 1049 498 1120 servitia
518 1050 677 1126 concitat,
708 1047 885 1115 Catilinam
907 1059 1026 1124 vocat,
1055 1049 1208 1117 attribuit
1228 1071 1294 1116 nos
1315 1061 1375 1115 tr'rr·
1408 1079 1409 1134 l

214 1150 375 1222 cidarrdos
395 1151 564 1233 Cethego,
595 1166 728 1221 ceteros
750 1155 840 1220 cives
862 1150 1111 1222 interficiendos
1133 1152 1298 1231 Gabinio,
1325 1175 1373 1217 ur·
1408 1143 1409 1232 ᾗ

213 1258 289 1325 beru
311 1256 584 1325 inflammandam
611 1256 750 1332 Cassio,
784 1266 888 1322 totam
920 1254 1051 1323 ltaliam
1079 1256 1281 1324 vastandam
1306 1255 1375 1322 diri·
1408 1265 1409 1318 l

213 1360 436 1446 piendamque
458 1359 630 1429 Catilinae.
674 1359 877 1442 Vereamini,
899 1381 1040 1436 censeo,
1061 1379 1103 1426 ue
1124 1361 1155 1426 irr'
1172 1359 1238 1426 lroc
1253 1358 1371 1427 scelere

215 1478 282 1533 tarn
305 1466 443 1536 immani
464 1486 503 1532 ac
517 1463 660 1532 nefando
675 1462 774 1531 nimis
790 1462 913 1548 aliquid
927 1464 1076 1531 severius
1091 1464 1255 1532 statuisse
1269 1462 1372 1529 videa·
1408 1457 1409 1530 ζ

213 1570 309 1637 mini.
369 1567 481 1637 Multo
504 1569 611 1649 magis
632 1579 685 1636 est
711 1567 915 1650 verendum,
950 1588 994 1634 ue
1023 1566 1222 1635 remissione
1252 1587 1372 1650 poenae

214 1671 369 1742 crudeles
391 1673 424 1739 in
445 1671 606 1762 patriam,
627 1693 729 1755 quana
750 1693 791 1738 ne
811 1671 990 1741 severitate
1004 1670 1314 1740 animadversionis
1331 1671 1372 1738 ni·

214 1775 279 1842 mis
301 1772 517 1843 vehementes
538 1775 572 1841 in
594 1775 829 1843 acerbissimos
852 1776 966 1843 hostes
987 1776 1092 1844 frusse
1115 1775 1303 1842 videamur.
1408 1775 1409 1806 l

155 1877 195 1941 14
292 1880 372 1945 Vll.
413 1877 478 1946 Sed
506 1898 563 1954 ea,
593 1899 677 1961 quae
705 1877 869 1955 exaudio,
906 1882 1021 1947 Patres
1050 1880 1252 1964 conscripti,
1286 1877 1371 1948 disai-

130 1988 133 1995 '
214 1978 345 2047 anulare
371 2004 440 2053 non
466 2003 619 2065 possum.
673 1982 846 2050 laciuntm·
874 1984 961 2050 enirn
991 2004 1110 2060 voces,
1136 2003 1232 2066 ,quae
1261 2005 1370 2066 perve-

213 2085 312 2152 niunt
331 2084 375 2153 ad
394 2085 492 2153 aures
509 2107 616 2170 aneas,
639 2107 776 2171 eorum,
799 2087 853 2170 qui
869 2087 976 2154 vereri
992 2086 1165 2164 videntur,
1186 2099 1225 2153 ut
1239 2085 1369 2153 habeam

214 2190 296 2257 satis
317 2188 474 2272 praesidii
490 2190 531 2257 ad
544 2212 600 2266 ea,
622 2211 706 2273 quae
722 2212 783 2257 vos
798 2194 983 2258 statueritis
999 2190 1162 2259 hodierno
1178 2190 1248 2267 die,
1273 2204 1369 2257 trans

165 2326 167 2330 ·
214 2292 349 2375 iguoda.
390 2293 510 2363 Omnia
531 2306 564 2361 et
583 2295 720 2378 provisa
741 2306 775 2361 et
799 2305 971 2376 parataret
993 2295 1175 2361 constituta
1190 2306 1289 2369 sunt,
1318 2296 1370 2359 Pa·
1407 2373 1408 2404 1

215 2408 284 2465 tres
306 2400 506 2481 conscripti,
525 2420 606 2477 curu
628 2418 701 2465 urea
723 2420 857 2465 surrrrna
876 2419 959 2464 cura
980 2410 1079 2481 atque
1095 2397 1285 2477 diligentia,
1309 2411 1370 2464 tum
1407 2409 1408 2474 ἶ

214 2499 322 2570 multo
352 2503 452 2568 etiarn
479 2503 606 2568 maiore
634 2500 750 2584 populi
777 2502 921 2570 Romani
942 2501 984 2568 ad
1004 2523 1175 2568 summum
1199 2502 1369 2584 imperium

213 2604 427 2672 retinendum
457 2617 490 2670 et
516 2604 558 2671 ad
585 2624 782 2672 communes
811 2604 963 2673 fortunas
990 2604 1240 2673 corrscrvandas
1263 2604 1369 2673 volun·
1406 2669 1407 2676 ,

216 2717 297 2776 tate.
345 2708 470 2777 Omnes
499 2708 621 2777 adsunt
648 2712 798 2776 omnium
833 2707 988 2775 ordinum
1019 2707 1188 2795 homiues,
1228 2715 1368 2777 omnium

170 2861 174 2872 „
214 2810 545 2894 deniqueaetatum3
581 2811 717 2896 plenum
744 2813 949 2893 ostiorum,
980 2811 1077 2895 plura
1105 2812 1231 2896 templa
1252 2816 1367 2882 circum

213 2915 346 2995 forum,
380 2914 470 3000 pleni
491 2937 609 3012 narrares
636 2917 746 2985 aditus
762 2915 866 2984 lruius
890 2917 1002 2999 templi
1023 2929 1057 2984 et
1077 2915 1155 2984 loci.
1197 2918 1308 2986 Causa
1326 2929 1368 2985 est

214 3022 302 3089 enirn
323 3032 403 3104 post
422 3021 539 3087 urbem
562 3020 732 3088 conditam
754 3020 837 3087 lrace
858 3022 991 3087 inventa
1012 3019 1101 3103 sola,
1123 3022 1155 3087 in
1178 3046 1243 3105 qua
1264 3044 1367 3088 omncs
1405 3039 1406 3044 ’

213 3124 377 3198 sentirent
398 3147 500 3192 unum
524 3138 622 3209 atque
644 3125 731 3192 idem
753 3138 886 3208 praeter·
908 3146 981 3201 eos,
1004 3126 1073 3208 qui,
1104 3147 1180 3191 curn
1203 3127 1265 3192 sibi
1289 3126 1367 3192 virle-

212 3214 289 3296 rent
310 3249 384 3296 esse
404 3228 630 3311 pereundum.
653 3252 730 3297 curn
754 3231 907 3297 omnibus
930 3230 1040 3311 potius
1063 3252 1162 3312 quarn
1185 3229 1247 3296 suli
1270 3232 1365 3313 perire
1404 3247 1405 3256 ¹

156 3330 407 3398 1sv01uemor.
448 3332 559 3401 Hasce
587 3356 649 3415 ego
676 3336 829 3403 homiues
857 3335 987 3415 excipio
1015 3345 1049 3399 et
1074 3353 1216 3401 secerno
1239 3333 1366 3402 libenter

281 3530 352 3592 514.
375 3532 489 3577 iactantur
513 3530 631 3593 R.-(neu
649 3528 714 3592 TP.)
732 3556 766 3569 -
782 3532 893 3577 hodierna
910 3531 941 3577 R.
958 3531 1021 3592 (non
1038 3529 1084 3595 Τ.)
1111 3532 1274 3592 (manigunda
1290 3534 1364 3580 habear

214 3612 280 3674 Tu.)
298 3640 330 3654 -
347 3618 440 3662 ordines
456 3620 558 3663 domines
574 3619 676 3664 onmium
691 3619 723 3662 R.
736 3642 767 3652 -
780 3613 876 3680 careum]
895 3613 948 3663 111³.
964 3617 1015 3663 err.
1033 3617 1141 3678 Madvig.
1159 3619 1223 3663 eirea
1235 3619 1265 3664 Τ.
1275 3619 1364 3665 Em.-

215 3703 295 3759 raupta·
311 3706 334 3748 et
349 3702 406 3762 loci]
422 3701 475 3749 Tu.
493 3699 539 3748 loci
555 3717 583 3748 ae
599 3704 678 3758 &mpii
694 3702 752 3748 Ero.
766 3724 797 3738 -
815 3706 849 3747 eet
864 3700 934 3764 eninr]
951 3701 1005 3747 ΤΒ.
1021 3701 1074 3748 Eri.
1091 3704 1151 3746 enaim
1167 3707 1202 3747 eet
1218 3702 1277 3749 Ero.

281 3785 293 3848 l
313 3786 351 3833 15.
375 3788 474 3833 lubenter
497 3786 549 3833 Tu.
566 3812 599 3823 -
616 3799 685 3844 neque
707 3782 744 3847 in]
768 3786 797 3832 Τ.
819 3787 871 3833 Erf.
890 3787 998 3846 Madvig.
1018 3790 1164 3847 nequeenim
1181 3789 1206 3831 in
1224 3788 1255 3835 R.
1271 3788 1364 3833 Euru-

215 3874 309 3917 salatcm
325 3870 512 3934 dignitatemque]
535 3871 564 3918 Τ.
585 3871 636 3918 ltrf.
659 3872 794 3930 dignitatem
815 3874 952 3933 aulamque
969 3874 1000 3918 R.
1015 3872 1075 3919 Ero.
1091 3897 1126 3910 -·
1144 3873 1206 3926 Quid
1223 3887 1281 3932 ergo
1295 3871 1322 3918 T.
1336 3889 1369 3907 -·

283 4041 294 4104 l
314 4042 351 4088 14.
366 4043 459 4099 plenem
476 4035 525 4102 eat]
543 4038 581 4084 Da
598 4037 643 4086 hac
663 4053 689 4085 re
705 4038 794 4087 cicero
811 4040 835 4085 iu
852 4039 962 4099 Philipp.
980 4040 1009 4095 2,
1026 4040 1051 4086 7.
1088 4040 1143 4093 Quis
1160 4053 1226 4099 equa
1243 4041 1301 4091 nn,
1322 4037 1361 4095 4¹1³

162 4117 164 4120 ⁵
212 4132 306 4185 macter
317 4131 338 4172 te
350 4107 484 4172 'adomnane
501 4125 599 4180 audilis,
616 4128 667 4186 qnia
684 4127 753 4172 ullius
771 4125 874 4178 ordinis,
892 4127 932 4183 qui
942 4138 966 4169 ac
978 4127 1049 4169 etum
1061 4126 1213 4177 meminisset,
1231 4139 1280 4170 crena
1290 4125 1360 4168 stulu

215 4214 299 4259 innoc
316 4213 401 4268 templo
418 4214 486 4263 esset,
505 4211 529 4254 in
546 4212 606 4256 cliuo
626 4212 758 4268 Capitolino
775 4224 821 4254 nou
832 4209 900 4267 suit?
916 4210 967 4268 qais
983 4223 1064 4254 nomen
1082 4224 1126 4254 non
1137 4210 1219 4254 dedit?
1239 4210 1359 4265 Quaqua

215 4309 255 4341 nec
271 4295 359 4344 smiles
375 4294 488 4351 afficere,
512 4308 552 4339 nec
569 4295 657 4339 tabulae
674 4296 767 4340 stamina
784 4308 862 4339 eoram
879 4308 960 4350 capere
974 4298 1104 4351 potuerant.
1122 4293 1278 4342 smum.

281 4377 294 4438 l
318 4377 354 4423 15.
376 4378 415 4436 qui
425 4369 495 4423 *codis
512 4378 544 4423 lta
561 4392 671 4424 summam
688 4379 778 4422 ordinis
795 4375 852 4442 cet]
871 4379 936 4425 Sane
954 4380 1001 4426 hoc
1018 4378 1082 4427 dixit
1094 4378 1357 4428 rhetoretiberrureor
