2850 4759
235 279 406 348 ORATIO
431 278 682 348 PHILIPPICA
705 282 822 359 xlv„
843 302 873 354 e.
891 285 911 348 9
929 293 963 351 et
982 285 1030 351 le.
1164 287 1223 352 dii

22 439 263 520 imperatore.
319 436 423 505 Cuius
450 437 479 505 si
511 440 716 511 acerrimum
741 438 905 522 impetum
931 439 1089 509 cohibere
1113 442 1223 511 Pansa
1258 430 1262 437 ⁸

22 542 232 622 potuisset,
262 560 333 606 uno
356 538 488 621 proelio
515 538 672 607 conlecta
700 562 755 609 res
782 554 882 609 esset.
927 543 1095 610 Sericum
1123 543 1224 611 liber*

25 644 110 707 tatis
133 639 242 707 avida
263 638 354 719 legio
375 640 569 708 effrenatius
589 642 623 707 in
644 643 751 709 aciem
772 642 922 710 hostium
944 645 1121 726 irrupisset
1133 645 1224 727 ipse·
1266 678 1271 691 =

25 762 94 824 que
119 741 160 808 in
193 741 312 822 primis
343 741 452 809 Pansa
474 755 657 824 pugnaret,
689 743 824 814 duobus
853 745 1053 826 periculosis
1078 745 1225 814 volneri-

27 844 93 909 bus
127 842 285 924 acceptis
305 839 460 913 sublatus
478 862 496 908 e
515 843 645 924 proelio
663 845 883 928 reipublicae
904 849 1006 914 vitam
1026 851 1224 920 reservavit.

28 940 106 1022 Ego
135 963 227 1008 vero
252 940 343 1011 hune
367 964 436 1011 neu
460 942 571 1011 solum
604 946 862 1027 imperatorem,
892 947 953 1015 sed
978 949 1081 1015 etiam
1106 948 1225 1016 elmle-

31 1045 166 1113 simum
188 1044 432 1125 imperatorem
451 1044 580 1114 iudico:
602 1048 677 1134 qui,
698 1069 777 1115 eum
799 1058 859 1114 ant
878 1059 988 1114 morte
1005 1060 1065 1114 aut
1081 1049 1235 1116 victoria

32 1165 70 1213 se
93 1146 187 1219 satis
212 1143 388 1213 facturum
412 1146 462 1213 rei
489 1146 643 1228 publieae
669 1147 928 1234 spopondisset,
957 1147 1102 1216 alterurn
1131 1149 1225 1228 feeit,

32 1244 184 1314 alterius
208 1244 256 1312 dii
279 1245 491 1315 immortales
516 1261 621 1316 omen
638 1250 810 1316 evertant!
1228 1300 1230 1303 -

114 1349 165 1416 X.
211 1346 303 1437 Quid
333 1345 443 1419 dicam
464 1346 505 1414 de
522 1347 661 1417 Hirtio?
683 1352 738 1433 qui
759 1373 805 1418 re.
820 1352 935 1419 audita
958 1373 976 1419 e
996 1356 1118 1420 eastris
1140 1352 1224 1421 duas
1245 1355 1285 1417 ²7

35 1446 195 1528 legiones
214 1446 333 1514 eduxit
349 1447 534 1516 incredibili
550 1450 664 1518 studio
680 1464 782 1534 atque
794 1455 930 1535 virtute,
950 1466 1105 1535 quartam
1121 1453 1225 1529 illam,

39 1569 126 1635 qnae
151 1548 276 1616 relieto
296 1551 446 1617 Antonio
467 1571 505 1618 se
526 1548 606 1617 olim
632 1574 710 1621 eum
732 1554 859 1621 Martia
877 1554 1013 1634 legione
1034 1555 1226 1633 eoriinuxit,

40 1660 74 1715 et
94 1651 301 1732 septimam,
325 1672 410 1733 quae
429 1653 678 1720 constitutam
697 1657 883 1739 veteranis,
906 1654 1024 1722 docuit
1043 1655 1109 1722 hoe
1126 1676 1227 1736 proe-

40 1749 85 1822 lio
107 1751 276 1820 militibus
305 1752 363 1830 iis,
394 1754 450 1835 qni
479 1755 634 1822 Caesaris
657 1755 819 1823 beneficia
846 1769 1060 1842 servassent,
1087 1768 1227 1823 senatus

41 1852 229 1942 populique
256 1854 401 1923 Romani
433 1874 551 1921 rarum
588 1876 714 1923 nomen
741 1877 826 1925 esse.
873 1857 933 1925 His
961 1858 1080 1938 viginti
1105 1854 1228 1925 eohor-

46 1953 151 2040 tibus,
174 1953 270 2022 nullo
301 1953 470 2042 equitatu,
493 1957 622 2023 Hirtius
647 1958 721 2038 ipse
748 1956 896 2039 aquilam
920 1971 1058 2039 quartae
1085 1957 1227 2037 legionis

43 2074 119 2120 eum
141 2057 304 2134 inferret,
337 2078 402 2139 qna
426 2056 551 2124 nullius
582 2056 811 2138 pulchriorem
837 2060 984 2138 speeiem
1012 2058 1227 2138 imperatoris
1307 2070 1309 2073 ’

48 2159 261 2245 accepimus,
283 2179 360 2223 eum
394 2159 501 2225 tribus
527 2159 664 2224 Antonii
688 2156 881 2238 legionibus
907 2160 1125 2240 equitatuque
1148 2179 1229 2224 eorr-

48 2255 131 2324 flirit
151 2257 339 2341 hostesque
358 2260 508 2327 nefarios
528 2256 607 2325 huie
626 2259 719 2326 lovis
740 2260 859 2342 optimi
880 2260 1020 2328 maximi
1039 2259 1229 2340 ceterisque

49 2356 189 2426 deorum
218 2360 464 2428 immortalium
492 2358 645 2443 templis,
673 2360 767 2429 urbis
793 2361 914 2438 tectis,
937 2360 1083 2427 libertati
1111 2358 1228 2439 populi

49 2458 209 2541 Romani,
245 2474 383 2529 uestrae
414 2464 503 2529 vitae
533 2463 761 2547 sanguinique
797 2462 1014 2539 imminentes
1043 2460 1230 2541 prostravit

51 2560 134 2629 fudit
161 2563 309 2646 oceidit,
330 2575 370 2630 nt
396 2585 475 2641 cum
503 2561 688 2630 admodum
714 2563 832 2645 paucis
856 2575 960 2630 noete
984 2573 1112 2638 tectus,
1135 2572 1229 2629 metu

51 2667 248 2740 perterritus
289 2666 446 2748 princeps
483 2668 655 2733 latronum
694 2664 833 2747 duxque
869 2665 1009 2744 sugerit.
1058 2663 1086 2732 0
1120 2662 1230 2731 solem

51 2761 156 2841 ipsmn
181 2766 433 2851 beatissimum,
455 2769 528 2852 qni,
551 2779 730 2849 autequam
753 2787 789 2833 se
812 2764 971 2848 abderet,
991 2764 1231 2833 stratismada-

52 2865 182 2932 veribus
204 2867 451 2950 parricidarum
476 2888 555 2937 eum
576 2871 693 2950 paucis
711 2869 899 2948 fugientem
921 2866 1005 2933 vidit
1027 2865 1229 2935 Antonium!

54 2966 102 3030 An
113 2989 196 3035 vero
208 2968 384 3051 quisquam
401 2969 566 3036 dubitabit
581 2968 751 3052 appellare
761 2971 943 3036 Caesarem
959 2967 1230 3050 imperatorem‘.i
1250 2969 1291 3033 28

55 3065 152 3136 Aetas
174 3071 246 3137 eius
265 3082 357 3137 eerte
379 3072 419 3137 ab
443 3069 507 3136 hae
527 3072 692 3138 sententio
709 3072 881 3138 neminem
904 3069 1104 3148 deterrebit,
1127 3087 1231 3148 qnan-

63 3201 252 3221 Ἢ
298 3208 301 3213 ¹

59 3285 101 3344 lo,
117 3290 157 3337 30.
177 3291 286 3352 Appiae.
304 3291 335 3348 8,
353 3291 386 3336 66
404 3303 471 3351 seqq.
489 3311 521 3325 -
540 3290 646 3351 cohibere
661 3285 742 3339 Poma
758 3290 886 3351 potur'sret]
904 3290 964 3337 Cum
981 3290 1039 3336 meis
1052 3289 1130 3336 Codd.
1143 3287 1231 3348 retinui

58 3367 79 3413 h·
95 3372 111 3416 l·
129 3388 152 3433 r.
170 3377 263 3429 Pouso,
282 3376 349 3434 quod
368 3387 416 3419 non
435 3370 486 3419 siue
503 3366 612 3438 ineptiora
629 3375 707 3437 repeti
725 3375 828 3439 videtur.
862 3374 993 3420 Eieeerunt
1009 3387 1063 3419 cum
1080 3371 1134 3418 aliis
1152 3372 1231 3417 Codd.

58 3449 148 3502 Ferrar.
167 3457 225 3504 Ern.
264 3457 319 3502 Cum
336 3459 421 3515 equites
438 3456 539 3503 Autern'i
556 3459 733 3521 qpporvisseut,
757 3458 875 3513 contineri
888 3469 958 3513 neque
976 3455 1038 3512 legio
1056 3456 1143 3499 Martia
1161 3468 1232 3513 neque

60 3537 157 3582 colmes
173 3542 305 3597 praetorios
321 3531 459 3596 potuerunt,
488 3552 545 3598 quor
562 3541 626 3597 sequi
642 3540 758 3596 coepimus
777 3538 865 3589 coacti,
891 3536 999 3603 quoniam
1016 3536 1113 3579 retinere
1130 3548 1168 3578 eas
1186 3547 1232 3578 nou

56 3622 206 3670 recreamur.
226 3623 307 3669 Galba
324 3620 342 3668 l.
363 3623 380 3667 l.
397 3645 430 3659 ·-
448 3636 515 3667 omen
532 3617 651 3683 auertant]
672 3619 818 3667 Volueribus
835 3618 959 3664 confectus
977 3622 1084 3663 mortuus
1095 3617 1177 3662 Pansa
1196 3623 1233 3663 est
1309 3678 1312 3683 ἱ

61 3695 182 3752 Bonoono
204 3705 253 3757 lv.
273 3704 331 3750 Kal.
356 3704 419 3750 hlaii
444 3701 496 3761 (28.
515 3703 606 3763 April.)
627 3711 729 3762 postero
747 3703 787 3748 die
804 3707 862 3762 post
878 3700 1000 3759 proellum
1017 3700 1155 3746 Mutinense
1171 3700 1232 3744 olte-

61 3793 120 3841 rum,
142 3774 191 3847 quo
209 3788 296 3835 cecidit
314 3786 421 3843 Hirhus,
444 3791 518 3832 sexto
537 3786 610 3844 igitur
628 3786 667 3832 die
684 3791 742 3845 post
760 3786 823 3830 hene
841 3783 979 3831 orationem
996 3783 1114 3830 habitam.

122 3867 133 3928 I
150 3872 191 3916 2⁷.
209 3874 253 3916 hoe
267 3866 373 3932 proelio]
392 3868 467 3915 ABG.
486 3870 529 3914 illo
542 3882 584 3924 pr.
604 3868 633 3913 V.
646 3893 679 3906 -
696 3868 839 3926 servassent]
856 3869 936 3923 Nam,
953 3866 995 3926 qui
1013 3881 1044 3925 ee
1062 3865 1232 3916 comederant,

63 3960 134 3996 rerum
159 3968 277 4001 novarum
300 3953 382 4000 rtudlo
406 3952 558 3997 tenebuntur.
593 3950 702 4008 Philipp.
730 3950 774 4004 ll,
795 3949 826 3993 14
845 3954 869 3993 et
889 3949 934 4003 13,
952 3948 976 3991 2.
1002 3947 1072 3992 Mun.
1089 3971 1121 3982 -
1139 3942 1232 3987 Firmat

64 4044 91 4075 tx
110 4044 177 4091 porte
193 4038 256 4084 Cod.
274 4036 306 4083 A.
324 4034 507 4082 sie'exhibens:
537 4036 589 4078 huie
607 4034 662 4076 Ioer'
680 4046 702 4078 o.
720 4046 765 4085 m.,
792 4031 881 4077 Mureti
899 4029 1028 4075 lectionem
1046 4042 1061 4072 o
1079 4024 1148 4071 nobis
1166 4036 1232 4067 rece·

66 4105 132 4166 ptam,
166 4118 215 4165 BC.
233 4130 258 4165 et
276 4120 365 4177 volgo:
384 4118 437 4160 hnic
454 4118 509 4161 Ioui
525 4117 637 4180 marimo.

74 4196 77 4202 ’
125 4198 193 4258 ἓῖΒ.
210 4200 293 4260 Actor]
318 4187 417 4259 Operae
441 4199 544 4257 predum
568 4204 604 4242 est
627 4211 781 4256 cognoscere
800 4196 875 4255 ipsius
898 4189 1028 4238 Octaviani
1053 4203 1083 4233 ea
1101 4189 1131 4231 de
1149 4200 1174 4230 re
1192 4200 1230 4230 vv.

67 4271 88 4317 ll
104 4280 226 4341 rrincrpio.
237 4282 386 4329 monumenti
404 4281 548 4340 Ancyranis
569 4281 651 4325 Annos
677 4281 820 4336 nrtdeoigr'uti
843 4280 908 4320 natur
925 4273 1050 4316 exereitum
1067 4272 1161 4326 privato
1179 4280 1233 4310 cou-
