2850 4759
218 267 388 338 Ounno
412 268 438 332 1.
462 265 510 336 lN
532 265 811 346 CATILINAM,
833 288 864 334 c.
883 270 921 333 ll
940 278 975 336 et
995 269 1044 335 ts.
1166 269 1225 333 203

48 428 178 511 scripti,
210 425 388 494 Catilinam
415 437 541 493 morte·
557 425 711 501 multari,
740 427 843 496 nnius
864 449 1004 495 usuram
1028 425 1134 495 horae
1156 428 1227 510 gla-

48 530 162 599 diatori
185 531 238 598 isti
261 531 303 597 ad
324 529 510 598 vivendum
531 551 598 598 uon
620 531 805 598 dedissem.
860 529 1015 610 Etenim,
1051 532 1078 599 si
1100 532 1227 599 summi

47 634 105 698 riri
134 645 167 699 et
195 631 374 705 clarissimi
406 635 498 700 cives
526 632 698 701 Saturnini
722 647 756 701 et
787 633 1025 702 Gracchorum
1055 648 1089 701 et
1116 632 1227 701 Flacci

50 747 80 802 et
103 731 321 817 superiorum
340 734 571 818 'roruplurium
594 738 759 817 sanguine
780 761 848 805 nou
868 736 972 804 modo
997 759 1034 804 se
1051 761 1119 805 uon
1144 761 1228 804 eou-

48 840 267 918 tamiuarrmt,
299 839 358 909 sed
395 842 498 907 etium
528 841 773 918 honestarunt,
809 853 903 909 certe
929 839 1117 907 verendum
1145 840 1228 908 mibi

46 964 109 1009 uon
134 954 225 1021 erat,
258 964 301 1010 ne
328 943 409 1027 quid
434 941 501 1012 boc
525 941 693 1025 parricida
722 942 847 1010 civium
871 944 1055 1012 interfecto
1083 943 1229 1012 invidiae

48 1043 121 1110 mibi
142 1047 176 1111 iu
204 1046 442 1127 posteritatem
464 1044 681 1114 redundaret.
736 1043 840 1136 Quod
868 1047 956 1113 sica
978 1046 1059 1113 mibi
1080 1050 1229 1114 maxime
1280 1075 1283 1082 ·

47 1147 270 1230 impenderet,
295 1159 409 1214 tamen
434 1147 502 1216 hoc
525 1148 639 1223 arrimo
663 1169 800 1231 semper
824 1149 892 1227 sui,
914 1161 953 1216 ut
972 1150 1133 1217 invidiam
1159 1150 1229 1216 vir-

49 1262 114 1317 tute
141 1263 275 1333 partam
303 1249 470 1331 gloriam,
504 1274 575 1319 non
605 1251 766 1319 invidiam
794 1264 963 1333 putarem.
1009 1253 1228 1344 Quamquam
1251 1246 1291 1308 3⁰

48 1354 195 1421 nonnulli
220 1358 301 1423 sunt
327 1353 361 1420 iu
392 1352 459 1421 boc
490 1353 628 1429 ordine,
661 1355 718 1437 qui
747 1366 806 1426 aut
829 1375 889 1431 ea,
920 1376 1011 1437 ‚quae
1036 1358 1230 1435 imminent,

49 1477 111 1523 uon
140 1457 314 1534 videant,
335 1468 395 1523 aut
426 1478 481 1534 ea,
514 1479 600 1541 quae
629 1457 763 1534 vident,
794 1456 1024 1525 dissimulent:
1055 1461 1112 1542 qui
1133 1481 1231 1541 spem

51 1559 209 1627 Gatiliuae
230 1558 392 1628 mollibus
414 1563 591 1629 sententiis
612 1559 790 1648 aluerunt,
813 1564 1153 1644 coniurationemque
1174 1583 1233 1627 ua·-

50 1676 195 1730 seentem
224 1685 294 1731 non
319 1661 491 1732 eredendo
514 1665 849 1731 corroboraverunt:
874 1689 1020 1749 quorum
1046 1664 1232 1731 auctorita*

53 1778 112 1833 tem
133 1767 245 1835 secuti
264 1766 380 1844 multi,
401 1791 469 1835 nou
489 1766 602 1837 solum
625 1768 790 1854 improbi,
813 1789 933 1835 verum
953 1769 1054 1834 etium
1074 1767 1233 1849 imperiti,

51 1870 123 1936 siin
143 1868 237 1936 huuc
258 1869 596 1949 animadvertissem,
619 1867 805 1937 crudeliter
829 1882 864 1938 et
885 1872 978 1950 regie
1001 1869 1131 1936 factum
1157 1889 1234 1962 csse

55 1972 209 2040 dicerent.
247 1974 350 2041 Nunc
371 1972 542 2057 intelligo,
572 1975 600 2041 si
621 1974 715 2052 iste,
732 1994 799 2055 quo
824 1973 989 2051 intendit,
1012 1973 1045 2039 in
1070 1973 1236 2039 Malliana

55 2088 159 2145 castra
184 2078 398 2159 pervenerit,
428 2077 603 2145 nemiuem
624 2087 693 2142 tam
716 2075 860 2142 stultum
890 2077 983 2155 lore,
1012 2075 1069 2158 qui
1092 2099 1161 2142 non
1184 2077 1236 2143 via

55 2178 125 2247 deat
152 2181 426 2249 coniurationem
453 2200 529 2251 esse
552 2179 695 2257 saetam,
726 2178 897 2262 neminem
923 2189 992 2244 tam
1019 2179 1234 2260 improbum,
1262 2209 1268 2217 ·

55 2283 105 2362 qui
126 2306 199 2349 nou
219 2286 377 2352 fateatur:
431 2283 507 2350 Hoc
534 2292 649 2347 autem
674 2303 743 2347 uuo
764 2281 948 2347 interiecto
971 2280 1125 2360 intelligo
1146 2279 1237 2347 banc
1290 2309 1293 2315 ·

55 2386 98 2450 rei
124 2384 281 2478 publicae
308 2397 439 2468 pestem
470 2382 658 2468 paullisper
687 2384 846 2466 reprimi,
877 2406 947 2451 uon
970 2384 1004 2449 iu
1029 2396 1236 2466 perpetuum

56 2489 231 2570 comprimi
254 2508 370 2572 posse.
427 2488 530 2579 Quod
560 2489 588 2555 si
611 2508 661 2576 se,
678 2489 817 2555 eiecerit
843 2508 1030 2571 secumque
1050 2508 1133 2555 suos
1156 2486 1238 2554 edua

56 2592 155 2669 uerit,
176 2603 211 2659 et
238 2590 359 2658 eodem
382 2605 518 2659 ceteros
540 2590 690 2674 undique
718 2590 881 2669 collectos
906 2592 1092 2672 naufragos
1116 2612 1239 2673 aggrea

57 2695 200 2771 gaverit,
231 2686 471 2776 exstinguetur
502 2706 604 2777 atque
628 2692 796 2760 delebitur
823 2717 892 2766 raon
921 2693 1025 2761 modo
1053 2694 1139 2761 haec
1166 2706 1237 2762 tam

58 2794 165 2864 adulta
182 2796 405 2880 reipublicae
425 2798 551 2881 pestis,
574 2798 817 2864 verumetiam
839 2798 944 2880 stirps
965 2818 1141 2865 sesemen
1166 2815 1239 2864 ma-

58 2894 162 2967 lorum
190 2901 357 2967 omnium.

129 3003 226 3070 Xlll.
268 3003 406 3070 Etenim
439 3002 586 3083 iamdiu,
619 3005 738 3071 Patres
774 3001 980 3085 conscripti,
1009 3001 1044 3067 in
1072 2999 1124 3067 bis
1152 2998 1241 3082 peri,
1261 2999 1299 3061 31

61 3103 138 3174 culis
152 3108 398 3176 coniurationis
414 3106 611 3190 insidiisque
625 3128 821 3182 versamur,
841 3104 903 3173 sed
917 3097 1035 3173 neseio
1054 3126 1122 3186 quo
1137 3114 1239 3185 pacto

62 3210 205 3276 omnium
231 3209 402 3278 scelerum
425 3232 465 3278 ac
492 3211 616 3277 veteris
647 3209 777 3278 furoris
809 3222 855 3278 et,
872 3207 1036 3276 audaciae
1060 3206 1241 3273 maturitas

61 3309 90 3376 in
108 3313 215 3382 nostri
236 3312 435 3381 consulatus
456 3328 591 3396 tempus
613 3314 737 3395 erupit.
781 3310 885 3405 Quod
906 3312 935 3379 si
957 3332 1002 3377 ex
1020 3321 1114 3378 tamo
1130 3307 1241 3376 *latro-

63 3414 141 3483 cinio
165 3409 231 3484 iste
254 3437 342 3484 unus
368 3415 526 3502 tolletur,
554 3414 746 3483 videbimur
766 3415 916 3483 tortasse
941 3415 983 3481 ad
1006 3415 1111 3481 breve
1134 3409 1241 3495 quoda

64 3512 132 3583 darn
159 3530 295 3601 tempus
321 3531 464 3587 curret
492 3531 586 3586 metu
612 3540 688 3587 esse
716 3518 875 3586 relevati:
904 3516 1094 3602 perieulum
1124 3527 1239 3582 autem

63 3634 247 3656 ’.ιιι-ι·-

123 3712 192 3774 tao.
215 3726 257 3766 ea,
281 3725 339 3771 qaae
356 3711 450 3758 rideant
465 3709 496 3755 Τ.
513 3709 575 3769 (oon
593 3706 638 3768 n.)
657 3733 686 3746 -
707 3712 810 3755 uiuerint
827 3709 856 3756 P.
874 3734 908 3747 -
926 3706 1189 3754 annumerarent).
1208 3729 1242 3742 -

65 3801 122 3844 malti
140 3802 215 3845 muti
239 3800 271 3844 ll.
288 3818 321 3834 -
338 3795 488 3840 aduerterunt
511 3794 542 3840 n.
559 3817 594 3831 -
604 3793 698 3853 scolam
716 3808 764 3839 aaa
782 3795 813 3842 li..
830 3816 864 3831 ·-
881 3794 1022 3851 aggregarit
1038 3793 1069 3837 ll.
1087 3814 1122 3827 -
1138 3791 1247 3840 omnium-

65 3887 167 3931 uotorum
184 3887 216 3931 R.

123 3992 194 4054 tat.
216 3992 309 4037 ch‘ri
331 4004 362 4035 ea·
384 3988 415 4035 Τ.
439 3988 500 4045 (non
524 3988 590 4047 tte.)
609 4013 641 4025 -
658 3991 719 4032 meru
739 3965 1107 4045 eslelr'lrratr'l‘.(non¹11t.l
1127 4007 1156 4019 -
1175 3983 1242 4039 aegri

67 4075 157 4121 lomina·
174 4078 206 4124 ll.
223 4099 257 4113 -
274 4076 334 4121 vivis
350 4072 458 4133 reliquia]
475 4073 505 4118 Τ.
523 4073 620 4132 reliquis
637 4065 697 4117 cibis
716 4070 773 4116 ue.
785 4094 820 4107 -
837 4071 925 4115 er'vr'lur
942 4070 1038 4127 reliquis
1055 4068 1113 4113 Em.

67 4179 250 4196 *a*

126 4258 195 4319 ἡδὶ.
219 4247 272 4303 iam'
290 4253 342 4316 etta]
369 4260 470 4310 „totum
495 4251 623 4298 triennium
648 4266 663 4297 a
686 4250 815 4296 consulatu
840 4247 927 4307 Lepidi
945 4253 976 4293 »et
998 4245 1072 4294 Tulli.
1109 4243 1176 4290 Videv
1196 4256 1252 4301 pro·

69 4338 160 4388 llurcna
177 4342 187 4404 b
205 4343 270 4389 st.“
304 4337 411 4386 Mam.
