2850 4759
210 269 249 332 li
536 317 540 324 .
630 258 921 329 ctcenortts
1021 315 1025 320 ,

212 425 282 492 tina
304 424 423 491 civitas
440 421 596 504 improbe
621 429 720 487 antea
743 439 812 485 non
834 427 923 483 erat:
952 415 1053 482 etiam
1076 425 1149 480 erat
1170 414 1306 481 inimica
1324 414 1383 482 im-

155 587 157 592 ,
187 526 415 608 proborum:
437 544 523 606 quae
545 523 584 587 C.
604 521 761 606 Catonis,
782 519 888 593 illius,
909 516 965 597 qui
986 515 1108 583 consul
1130 517 1215 595 suit,
1248 517 1384 600 impedi·
1414 515 1415 570 i

212 637 327 695 menta
342 627 489 692 retinuit.
528 627 575 689 Ar
590 623 687 688 cuius
700 619 875 688 homiuis’.l
896 616 1076 684 clarissimi
1091 636 1131 682 ae
1145 618 1383 697 potentissimh
1414 629 1415 656 ³

212 729 269 810 qui
279 738 391 793 tamen
405 747 484 791 cum
496 722 615 791 consul
629 722 770 793 luisset,
792 717 1039 786 condemnatus
1052 730 1115 787 est.
1158 720 1223 799 [lta
1239 721 1279 785 C.
1293 722 1383 804 Cato,

212 829 361 894 duorum
379 826 556 893 bominum
580 822 849 890 clarissimorum
871 840 996 903 nepos,
1017 821 1055 887 L.
1071 819 1193 897 Paulli,
1215 833 1249 887 ct
1264 820 1318 888 M.
1334 823 1383 888 Ca·
1414 833 1415 836 ’

213 930 321 1003 tonis,
341 940 375 993 et
397 930 439 990 P.
464 924 617 991 Africani
632 926 762 1002 sororis
778 922 883 1000 tilius,
904 944 972 1003 quo
992 920 1171 998 damnato,
1195 932 1292 999 tunc,
1314 943 1383 989 cum
1414 1009 1415 1016 ἵ

214 1029 360 1111 [severa]
393 1027 514 1093 iudicia
538 1025 680 1102 fiebant,
717 1024 769 1091 HS
796 1044 856 1090 1111
879 1024 1014 1091 milibus
1035 1021 1076 1090 lis
1098 1023 1275 1089 aestimata
1308 1024 1382 1103 est]
1414 1053 1415 1092 r

184 1207 189 1216 ι
214 1132 304 1197 Huic
318 1129 516 1198 Mamertini
539 1129 614 1194 irati
634 1128 792 1205 fuerunt3
813 1126 869 1206 qui
892 1125 1054 1192 maiorem
1074 1136 1268 1206 sumptum,
1291 1147 1383 1207 quam

216 1233 332 1314 quanti
357 1231 495 1297 Catonis
523 1230 564 1297 lis
593 1230 772 1296 aestimata
802 1239 871 1305 est,
910 1227 943 1291 in
972 1222 1180 1292 Timarchidi
1213 1229 1382 1307 prandium
1414 1301 1415 1304 Ἴ

156 1341 195 1406 23
217 1351 320 1414 saepe
338 1332 503 1398 fecerunt.
548 1330 674 1397 Verum
693 1329 913 1396 haeccivitas
935 1328 991 1394 isti
1012 1327 1176 1409 praedoni
1201 1345 1241 1391 ae
1265 1327 1383 1408 piratae

217 1434 382 1503 Siciliensi
414 1431 566 1500 Phaselis
591 1431 665 1497 fuit.
707 1431 784 1497 Huc
814 1430 929 1497 omnia
955 1429 1104 1512 undique
1135 1428 1383 1506 deferebanturr
1414 1455 1415 1494 1

217 1534 308 1618 apud
325 1536 409 1602 istos
428 1533 719 1615 relinquebantur:
753 1530 844 1610 quod
864 1529 967 1597 celari
987 1552 1073 1613 opus
1098 1542 1188 1609 erat,
1225 1529 1383 1599 habebant
1414 1527 1415 1602 ζ

217 1637 406 1718 sepositum
425 1647 460 1701 et
479 1634 716 1702 reconditum:
737 1654 800 1715 per
819 1635 921 1710 istos,
944 1653 1030 1715 quae
1046 1631 1201 1707 volebat,
1223 1630 1313 1700 clam
1330 1632 1382 1697 im·

218 1738 395 1821 ponenda,
417 1735 551 1804 occulte
575 1734 788 1819 exportanda
807 1735 962 1803 curabat:
985 1753 1105 1801 navem
1122 1734 1265 1816 denique
1285 1734 1415 1801 maxi

220 1860 330 1918 marn,
351 1860 450 1921 qnam
477 1849 635 1905 onustam
659 1837 791 1904 furtis
784 1860 817 1903 m
839 1834 970 1903 ltaliam
995 1837 1162 1912 mitteret,
1196 1835 1288 1917 apud
1310 1838 1382 1904 istos
1414 1819 1415 1902 l

220 1939 420 2007 faciendam
429 1938 740 2021 aedificandamque
760 1939 910 2007 curavite
930 1959 993 2021 pro
1018 1936 1112 2008 hisce
1133 1937 1235 2004 rebus
1262 1910 1415 2003 vacatio

221 2040 299 2109 data
319 2053 372 2108 est
390 2042 454 2108 ab
447 2053 511 2107 rsto
532 2052 705 2121 sumptus,
738 2039 882 2121 laboris,
918 2041 1076 2122 militiae,
1112 2061 1226 2108 rernm
1254 2039 1385 2121 denique

220 2145 388 2224 omnium:
409 2165 471 2224 per
490 2143 670 2209 triennium
693 2142 758 2209 soli
776 2166 844 2208 non
869 2141 971 2211 modo
994 2143 1028 2209 in
1049 2141 1178 2218 Sicilia,
1201 2163 1336 2219 verum,
1356 2150 1385 2204 ut

221 2247 338 2329 opinio
364 2266 439 2323 mea
457 2245 540 2322 fert,
561 2244 613 2312 bis
628 2244 764 2328 quidem
791 2246 1019 2327 temporibus,
1046 2245 1080 2310 in
1104 2244 1196 2311 omni
1219 2245 1302 2309 orbe
1330 2254 1385 2308 ter-

198 2334 356 2428 rarum,
393 2348 509 2423 vacui,
542 2358 717 2429 expertes,
749 2346 853 2413 soluti
886 2368 926 2413 ac
950 2345 1046 2414 liberi
1073 2345 1281 2411 fueruntab
1311 2342 1385 2411 omni
1413 2373 1414 2424 p

162 2462 201 2524 Μ
222 2461 378 2531 sumptu,
403 2447 573 2523 molestia,
595 2468 747 2512 munere.
788 2448 875 2512 Hinc
892 2447 950 2513 illa<
964 2448 1081 2514 Verria
1097 2459 1174 2513 nata
1192 2458 1286 2513 sunt:
1310 2442 1385 2529 quod

222 2537 257 2616 iu
280 2551 475 2626 convivium
500 2549 578 2622 Sex.
602 2548 797 2616 Cominium
822 2549 976 2638 protrahi
991 2551 1106 2628 iussit,
1137 2551 1170 2616 in
1196 2570 1295 2631 quern
1323 2569 1386 2628 scy·
1413 2529 1414 2568 ⁷

222 2648 327 2732 phurn
358 2647 399 2713 de
430 2670 530 2714 manu
556 2649 665 2714 iacere
697 2661 841 2717 conatus
863 2651 934 2729 cst,
968 2674 1069 2734 quern
1097 2653 1233 2725 obtorta
1252 2649 1332 2729 gula
1354 2648 1385 2713 de

223 2751 382 2816 convivio
402 2750 434 2813 in
455 2749 567 2815 vincla
589 2763 690 2832 atque
712 2752 744 2816 in
767 2753 922 2818 tenebras
943 2753 1050 2834 abripi
1067 2753 1175 2819 iussit.
1237 2754 1325 2817 Hine
1342 2747 1386 2815 illa

212 2872 328 2928 crux,
350 2851 383 2916 in
411 2874 512 2934 quam
531 2852 594 2919 iste
610 2854 718 2919 civem
739 2855 950 2933 Romanum,
972 2853 1089 2922 multis
1112 2854 1386 2935 inspectantibus,

548 2954 564 2979 θ

291 3124 362 3187 iiis.
381 3125 552 3189 deserebantur]
572 3129 632 3189 Reg.
645 3128 712 3176 Leid.
725 3130 766 3186 Z.,
784 3129 823 3176 cui
841 3129 1011 3177 substituerunt
1029 3129 1162 3178 deteriores
1179 3131 1259 3178 Codd.
1271 3132 1305 3191 gl.
1317 3131 1386 3188 depcr-
1413 3177 1414 3182 ,

225 3208 349 3265 labaretur,
368 3215 394 3254 ut
411 3210 483 3256 iidem
501 3226 541 3258 vv.
559 3213 619 3256 clam
638 3214 776 3270 imponenda
794 3205 987 3272 praeposuerunt
1004 3216 1028 3258 in
1046 3228 1126 3259 aecem
1143 3214 1194 3270 scil.
1206 3214 1332 3273 cybaeam.
1347 3209 1387 3256 ctr-
1413 3201 1414 3250 l

224 3293 255 3336 de
272 3290 354 3337 Divin.
371 3291 401 3345 2,
420 3292 460 3338 40.
479 3308 529 3338 cum
547 3296 580 3339 M.
611 3296 705 3340 Crassus
729 3299 855 3341 exercitum
872 3298 994 3342 Brundisii
1018 3299 1152 3355 imponeret.
1169 3320 1204 3334 -
1221 3301 1244 3341 ei
1260 3295 1322 3356 ree]
1339 3295 1387 3349 Reg-

225 3371 292 3426 Leid.
310 3388 338 3417 ac
355 3388 401 3418 rec.
420 3374 498 3419 2.-
522 3375 582 3421 Cum
600 3377 662 3423 Cod.
681 3379 742 3437 Reg.
761 3380 849 3424 Guelll'.
867 3380 973 3426 habeant
984 3379 1165 3440 faciundamque
1189 3382 1293 3432 curarit,
1322 3390 1387 3436 eppa·

225 3460 263 3501 ret
281 3470 304 3502 v
322 3455 489 3512 aedificandam
508 3458 650 3518 absorptum
668 3476 719 3506 esse
737 3477 753 3505 a
770 3461 885 3508 similibus
903 3464 1047 3511 ductibusr.
1060 3463 1215 3523 faciundam,
1233 3464 1387 3523 neclegens

223 3552 278 3583 cnm
295 3537 362 3583 Leid.
375 3536 512 3595 faciendam
530 3544 627 3588 curauit.
646 3544 690 3589 cir.
709 3543 720 3605 5
741 3546 797 3591 140.

293 3670 305 3731 t
322 3670 363 3716 24.
386 3671 481 3726 Verria,
499 3673 626 3741 Βιρρεἷα,
644 3676 695 3722 dics
712 3677 812 3724 festus
804 3692 829 3724 ur
847 3679 898 3725 eius
916 3679 1042 3725 bonorem.
1059 3703 1089 3715 -
1114 3681 1201 3738 „qum
1218 3682 1243 3724 ire
1261 3670 1387 3735 counione]

225 3754 341 3802 Convivii
358 3755 456 3801 nomine
472 3756 576 3817 intelligi
593 3760 679 3818 epulas
696 3761 742 3807 illo
760 3762 816 3820 ipso
834 3762 873 3807 dis
891 3769 949 3821 post
969 3776 1040 3810 secra
1057 3763 1179 3809 institutas
1195 3778 1230 3809 ex
1247 3762 1304 3810 Act
1321 3764 1348 3818 9,
1363 3758 1386 3804 2¹

225 3845 250 3885 et
268 3839 309 3883 63.
335 3842 441 3898 patet.“'
460 3842 575 3889 Mnevis.
592 3867 627 3878 -·
643 3845 715 3888 ciuem
740 3844 799 3904 Ro]
825 3846 854 3890 P.
873 3844 991 3902 Gavium,
1027 3846 1174 3893 mannum.
1192 3847 1249 3893 Act.
1267 3847 1292 3904 5,
1310 3846 1349 3891 61.
1363 3862 1389 3879 ⁶
1412 3883 1413 3906 3

224 3923 318 3983 cerritis]
345 3923 405 3983 Res.
432 3925 499 3971 Leid.
517 3926 543 3971 Z.
571 3926 654 3987 Volgo
678 3942 712 3973 ex
737 3928 839 3986 interpr.
866 3929 944 3971 uenire
968 3930 1063 3974 nudetis.
1083 3953 1113 3964 -
1132 3931 1195 3985 apori
1212 3929 1324 3987 certunm]
1341 3926 1388 3983 liet·
1412 3915 1413 3978 l

226 4005 293 4051 Leid.
311 4006 338 4052 Ζ.
361 4007 467 4067 „Volgo
485 4010 547 4065 apud
563 4013 705 4070 senatorium
724 4012 842 4064 ordinem,
869 4013 936 4072 qnod
953 4011 1074 4069 iuepturns
1099 4018 1197 4058 senatus
1214 4014 1274 4057 ordo
1291 4017 1326 4058 est
1342 4006 1388 4056 ciri·

225 4089 297 4146 tatis,
324 4091 460 4139 senatorius
478 4094 541 4138 ordo
558 4092 695 4152 dignitas.“
721 4094 763 4138 Z..
784 4094 812 4138 lo
830 4094 878 4140 hoc
896 4107 993 4156 quoque
1011 4094 1056 4141 sibi
1073 4094 1172 4141 indulsit
1189 4095 1388 4154 grammaticorum

225 4174 311 4221 sedule
328 4173 428 4233 levites,
446 4180 472 4221 nt
489 4180 591 4222 rendunt
610 4176 766 4238 explicarent
782 4178 923 4223 recator-irem
940 4178 1060 4233 ordinem,
1085 4180 1152 4240 quod
1175 4178 1232 4226 aliie
1249 4177 1335 4226 deiude
1350 4185 1388 4220 em·

227 4256 290 4314 plius
307 4256 365 4318 quid
382 4271 411 4303 ac
428 4257 506 4318 ansgis
523 4271 639 4308 sonorum
656 4272 715 4324 curn
728 4259 865 4316 videretur,
889 4267 1040 4320 receperunt.
