2850 4759
98 347 103 352 ,
206 281 245 343 ⁵8
683 275 918 346 ClCERONlS

143 433 146 440 “
207 436 341 507 Cereris
366 435 571 503 Hennensis.
621 432 756 501 Etenim
779 431 888 501 multa
911 452 1013 516 saepe
1035 431 1192 516 prodigia
1220 432 1289 499 vim
1314 432 1385 501 eins

205 558 398 622 numenque
418 536 611 605 declarant:
635 534 751 604 multis
771 555 873 618 saepe
893 534 928 601 in
949 532 1149 602 difficillimis
1168 534 1269 601 reims
1288 554 1386 617 prae·

205 661 284 708 sens
309 640 474 708 auxilium
500 640 575 708 eius
604 635 755 706 oblatum
783 648 851 714 est,
883 647 922 703 ut
943 634 1029 703 haee
1052 633 1163 703 insula
1187 635 1228 703 ab
1252 655 1291 702 ea
1317 658 1385 702 non

89 775 92 782 ’
145 740 322 812 rossoton
354 739 464 825 diligi,
497 738 557 808 sed
575 740 692 806 etiam
723 737 827 806 incoli
847 737 1080 820 custodirique
1105 735 1270 805 videatur.
1312 738 1387 805 Nee

203 842 317 911 solnm
335 841 457 922 Siculi,
480 862 600 908 verum
623 840 725 906 etiarn
746 851 879 906 ceterae
901 851 1020 919 gentes
1046 839 1266 921 nationesque
1288 839 1382 907 Hen-

200 963 342 1010 nensem
371 942 531 1010 Cererem
555 942 704 1010 maxime
731 939 858 1008 colunt.
900 941 1054 1026 Etenim,
1075 938 1381 1008 sinitieniensiun

199 1065 300 1113 saera
332 1065 467 1113 summa
491 1043 676 1127 eupiditate
707 1055 932 1126 expetuntur,
963 1043 1005 1110 ad
1029 1064 1115 1127 quos
1141 1044 1245 1110 Ceres
1265 1045 1301 1109 in
1325 1042 1380 1112 illo

200 1167 319 1214 errore
352 1147 486 1235 venisse
514 1146 638 1213 dieitur
672 1147 857 1229 frugesque
897 1143 1069 1224 attulisse,
1111 1156 1271 1229 quantam
1298 1166 1380 1215 ,esse

200 1248 400 1329 religionem
430 1249 590 1317 convenit
610 1268 752 1326 eorum,
787 1245 876 1330 apud
905 1267 992 1328 quos
1014 1268 1089 1313 earn
1109 1258 1223 1313 natam
1246 1267 1327 1317 esse
1349 1259 1380 1320 et

199 1351 319 1433 fruges
340 1352 510 1420 invenisse
532 1350 695 1418 constat?
715 1349 836 1432 ltaque
853 1346 943 1431 apud
959 1358 1073 1429 patres
1088 1359 1247 1425 nostros,
1269 1350 1378 1417 atroci

200 1472 242 1520 ao
270 1451 393 1520 difficili
421 1454 469 1520 rei
496 1451 651 1535 publicae
678 1462 853 1534 tempore,
884 1469 962 1516 oum
991 1449 1046 1516 Ti.
1075 1449 1232 1517 Graccho
1262 1452 1378 1520 oeeiso

199 1561 410 1634 magnorum
437 1552 665 1636 periculorum
696 1564 808 1619 metus
839 1572 884 1617 ex
917 1553 1059 1620 ostentis
1093 1551 1378 1640 portenderetur,

137 1647 140 1654 ’
197 1656 238 1723 Ρ.
260 1656 378 1723 Mucio
399 1656 436 1723 L.
460 1653 644 1737 Calpurnio
667 1651 882 1730 oonsulibus,
897 1649 1041 1720 'aditum
1063 1664 1116 1721 est
1136 1651 1177 1721 ad
1198 1651 1305 1721 libros
1329 1658 1377 1725 Si-

198 1745 363 1838 byllinos:
398 1778 442 1824 ex
473 1759 595 1841 quibus
625 1757 801 1824 inventum
832 1766 885 1821 est
915 1755 1075 1823 Cererem
1108 1754 1375 1837 antiquissimam

197 1856 327 1941 planari
348 1870 521 1941 oportere.
573 1858 659 1925 Turn
687 1878 733 1923 ex
759 1855 969 1940 amplissimo
989 1855 1135 1937 collegio
1158 1856 1375 1927 decemvirali

197 1958 397 2027 sacerdotes
418 1958 537 2042 populi
557 1959 721 2037 Romani,
742 1980 821 2025 oum
843 1971 934 2027 esset
954 1958 988 2025 in
1009 1959 1093 2025 urbe
1108 1970 1226 2026 nostra
1241 1961 1375 2029 Cereris

196 2059 465 2143 pulcherrimum
488 2072 523 2128 et
543 2062 918 2141 magnifioeutissimum
934 2059 1117 2144 templum,
1140 2072 1252 2129 tamen
1267 2084 1376 2145 usque

195 2160 351 2229 Hennam
372 2163 519 2244 profecti
540 2174 631 2230 sunt.
683 2164 794 2231 Tanta
815 2163 997 2229 eratenim
1018 2164 1205 2238 auotoritas
1226 2176 1258 2229 et
1277 2176 1378 2230 retu-

195 2274 269 2331 stos
291 2262 381 2331 illius
403 2262 590 2346 religionis,
614 2276 668 2339 ut,
691 2286 771 2332 oum
792 2263 875 2332 illue
894 2265 998 2348 irent,
1019 2287 1088 2332 nou
1110 2263 1155 2330 ad
1174 2263 1290 2331 aedom
1314 2264 1377 2331 Ce-

136 2364 305 2444 tutareris,
326 2365 386 2433 sed
408 2365 451 2433 ad
473 2366 580 2449 ipsam
597 2366 757 2434 Cererem
778 2366 951 2450 proficisci
971 2364 1180 2433 viderentur.
1221 2366 1300 2433 Non
1315 2366 1374 2434 ob·

194 2467 337 2535 tundam
360 2468 500 2536 diutius.
541 2468 677 2535 Etenim
697 2466 897 2534 iamdudum
921 2488 1060 2549 vereor,
1083 2487 1126 2534 ne
1147 2470 1258 2562 oratio
1280 2490 1372 2548 urea,

192 2568 302 2635 aliena
323 2570 364 2636 ab
385 2570 589 2650 iudiciorum
610 2571 741 2636 ratione
762 2580 796 2636 et
816 2589 837 2636 a
857 2567 1027 2637 cotidiana
1042 2568 1176 2637 dicendi
1192 2583 1373 2638 eonsuetu-

85 2733 91 2742 .
193 2670 273 2736 dine
295 2690 370 2739 esse
392 2670 561 2738 videatur.
602 2670 679 2738 Hoe
700 2667 798 2752 dieo,
832 2668 920 2737 hane
941 2672 1049 2754 ipsam
1073 2672 1262 2749 Cererem,
1288 2673 1371 2739 anti·

192 2769 413 2852 quissimam,
445 2771 758 2853 religiosissimam,
789 2772 976 2855 prinoipem
999 2774 1151 2842 omnium
1172 2795 1371 2853 sacrorum,

193 2893 280 2956 quae
308 2873 398 2956 apud
426 2894 545 2942 omnes
574 2886 694 2955 gentes
715 2876 938 2958 nationesque
960 2876 1063 2955 fiunt,
1098 2898 1118 2944 a
1139 2877 1177 2943 C.
1200 2876 1309 2943 Verre
1328 2897 1372 2943 ex

125 2965 128 2970 ’
191 2976 263 3044 suis
286 2975 419 3058 templis
441 2997 481 3044 ae
501 2974 638 3045 sedibus
659 2996 735 3044 esse
755 2974 935 3050 sublatam.
985 2979 1054 3070 Qui
1075 2979 1268 3048 accessistis
1282 2980 1372 3046 Hen-

191 3091 290 3162 nam,
327 3079 458 3147 vidistis
485 3078 707 3148 simulacrum
741 3079 876 3147 Cereris
905 3097 927 3147 e
953 3103 1123 3147 marmore
1150 3096 1185 3148 et
1203 3083 1239 3147 in
1261 3080 1368 3148 altero

191 3180 319 3262 templo
340 3182 491 3249 Liberae.
531 3182 618 3249 Sunt
639 3201 678 3247 ea
699 3180 875 3262 perampla
897 3194 998 3266 atque
1013 3181 1203 3268 praeclara,
1226 3183 1368 3250 sednon

193 3282 241 3348 ita
264 3285 410 3365 antiqua.
454 3287 510 3350 Ex
537 3304 616 3351 aere
644 3283 707 3348 fuit
737 3283 908 3366 quoddam
932 3284 1065 3351 modica
1086 3285 1310 3368 amplitudine
1329 3306 1369 3355 ao

190 3383 354 3466 singulari
369 3406 489 3472 opere,
512 3407 589 3454 cum
608 3385 759 3467 facibus,
780 3386 1037 3469 perantiquum,
1054 3388 1206 3472 omniurn
1220 3387 1368 3466 illorum,

192 3578 419 3595 ..ιι-...α

256 3702 338 3765 llos.
355 3705 387 3750 P.
406 3705 484 3750 Murio
502 3700 560 3766 eet]
587 3718 611 3749 ι.
629 3718 653 3751 ιι.
671 3717 692 3750 e.
712 3704 772 3750 oet.
789 3728 823 3743 -
847 3707 949 3764 collegio
965 3703 1125 3769 decemuirali]
1151 3707 1211 3752 Sunt
1229 3707 1367 3754 Decemviri

187 3786 257 3846 (post
273 3788 365 3833 Sullam
383 3786 584 3847 Quindecimviri)
602 3788 678 3834 sacris
695 3787 828 3843 faciundis,
855 3789 944 3849 quibus
969 3789 1080 3836 custodis
1098 3790 1215 3837 utrorum
1233 3790 1366 3850 Sibyllino·

187 3884 240 3916 rum
256 3873 372 3920 mandata
389 3875 450 3916 erat.
469 3891 504 3906 -
522 3870 597 3916 Tanta
615 3875 667 3917 erat
683 3869 755 3933 enim]
773 3872 835 3931 Reg.
855 3872 930 3917 Tanta
948 3873 1008 3918 enirn
1025 3878 1076 3918 erat
1092 3873 1160 3919 Leid.
1185 3874 1212 3919 Z.

253 3975 266 4037 l
281 3976 337 4022 109.
354 3989 400 4021 uon
419 3977 543 4023 obtundam
560 3976 658 4040 diutius]
676 3980 738 4040 Reg.
756 3979 825 4028 Leid.
843 3980 869 4025 Z.
888 3980 967 4026 Codd.
985 3981 1069 4040 volgg.
1082 3994 1129 4026 non
1140 3981 1265 4026 obtundam
1277 3980 1365 4024 diutius
1420 3989 1421 4028 i

185 4071 253 4104 norea
269 4061 364 4104 vanos.
399 4060 484 4116 „Saue
501 4062 626 4107 obtundere
642 4063 702 4109 alibi
721 4066 786 4123 apud
806 4063 951 4110 Ciceronem
968 4076 1017 4108 nou
1035 4069 1071 4108 est
1083 4063 1134 4110 sins
1151 4062 1291 4109 accusativo
1302 4074 1360 4106 sno.
1419 4111 1420 4114 Ἴ

185 4141 276 4187 Verum
294 4142 420 4189 Terentius
437 4158 485 4191 non
503 4146 577 4192 semel
595 4146 708 4193 absolute
728 4147 786 4193 dicit
803 4148 834 4192 de
851 4146 898 4202 iis,
916 4145 957 4206 qui
974 4145 1100 4193 auditores
1117 4147 1222 4193 inaniter
1237 4145 1364 4205 loquendo

185 4222 299 4282 fatigant.
306 4226 322 4251 “
340 4225 366 4270 Ζ.
384 4226 465 4272 Etiam
483 4228 531 4275 hoe
549 4230 607 4275 loeo
624 4230 747 4290 antiquins
764 4227 881 4277 sermonis
895 4243 971 4290 genus
981 4236 1077 4276 secutus
1089 4229 1198 4287 videturs
1215 4240 1363 4291 quamquam

186 4304 267 4353 Livius
284 4321 382 4370 quoque
400 4310 443 4371 (ἲ,
464 4311 502 4358 15.
521 4318 545 4359 et
563 4313 611 4369 26,
630 4311 683 4371 38.)
701 4311 766 4359 idem
783 4325 832 4359 non
850 4312 950 4372 respuit.
