2850 4759
276 246 443 319 ORATIO
468 249 552 318 PRO
577 249 620 340 Q.
642 248 843 328 LIGARIO,
875 269 905 318 c.
924 251 954 317 7.
1135 251 1195 316 113

42 431 171 479 necesse
194 420 282 476 orat:
313 429 374 478 vos
396 421 468 477 tum
488 411 665 497 paruistis,
687 432 765 477 cum
790 411 902 492 paruit
925 432 1042 498 neruo,
1064 412 1119 495 qui
1138 435 1199 479 no·
1238 426 1250 434 ”

41 514 106 584 luit.
147 512 522 597 Repr·elrendoigitur·⁶.>
562 515 704 581 Minime
726 534 828 580 sero:
862 535 969 597 neque
994 518 1081 581 enim
1106 517 1200 583 licuit

40 618 129 685 aliter
149 628 265 684 vestro
288 618 421 702 generi,
444 618 589 694 nomini,
611 616 777 695 familiae,
801 616 1029 699 discipliuae‘
1048 618 1114 686 Sed
1133 618 1200 685 hoc

40 745 101 788 non
123 720 296 799 concedo,
318 733 372 806 ut,
394 720 512 802 quibus
538 721 636 786 rebus
661 719 847 800 gloriemini
872 724 904 790 in
929 722 1042 799 vobis,
1065 721 1198 790 easdem

41 826 70 890 iu
88 824 157 893 aliis
182 822 449 907 reprehendatis.
492 823 679 890 Tuberonis
699 845 775 891 sors
795 824 945 891 coniecta
967 816 1019 892 est
1040 847 1083 892 ex
1104 847 1199 892 sena·
1221 831 1259 892 tt

43 938 89 994 tus
116 928 295 1004 consulto,
322 949 400 994 curn
425 929 496 1010 ipse
521 949 588 993 uon
614 928 765 1003 adesset,
792 929 911 994 morbo
939 929 1038 995 etiam
1061 930 1201 1012 impelli-

42 1043 143 1121 retur:
174 1043 343 1099 statuerat
373 1051 546 1099 excusare.
596 1030 686 1096 Haec
721 1052 783 1110 ego
816 1033 895 1098 novi
919 1044 1058 1113 propter
1084 1055 1201 1101 omues

43 1135 318 1213 necessitudines,
346 1155 438 1217 onae
472 1134 550 1200 mibi
583 1146 662 1200 sunt
690 1156 766 1200 curn
798 1135 836 1200 L.
870 1136 1060 1202 Tuberone.
1102 1136 1203 1203 Domi
1274 1144 1278 1159 “

44 1258 100 1303 uua
125 1239 267 1325 eruditi,
303 1235 743 1323 militiacicoutubernales,
779 1250 855 1320 post
881 1240 1011 1317 affines,
1044 1239 1223 1307 inomni.

45 1340 176 1424 denique
200 1343 270 1407 vita
286 1340 490 1408 familiares:
514 1363 674 1420 magnum
699 1342 800 1407 etiarn
827 1341 1016 1417 vinculum,
1038 1342 1127 1425 quod
1148 1343 1204 1409 iis·

45 1441 111 1509 dem
138 1443 261 1512 studiis
292 1442 427 1525 semper
463 1444 515 1511 usi
548 1465 678 1513 sumus.
743 1445 819 1511 Scio
853 1445 954 1523 igitur
986 1447 1202 1513 Tuberonem
1260 1522 1264 1529 r

46 1543 127 1612 dorni
152 1567 290 1613 manere
313 1545 481 1615 voluisse:
518 1545 578 1613 sed
605 1547 649 1614 ita
678 1547 812 1630 quidam
841 1550 977 1628 agebat,
999 1548 1044 1613 ita
1070 1550 1116 1612 rei
1142 1571 1203 1630 pu-

46 1645 141 1714 blicae
173 1651 428 1718 sanctissimum
466 1671 588 1716 nornen
627 1653 836 1738 opponebat,
878 1664 914 1717 ut
948 1654 1077 1720 etiarnsi
1108 1652 1204 1718 aliter

47 1755 192 1832 sentiret,
225 1755 408 1821 verborum
441 1765 553 1820 tamen
589 1754 751 1837 ipsorum?
774 1753 906 1837 pondus
939 1755 1105 1821 sustinere
1135 1776 1203 1820 uon

46 1866 165 1933 posset.
210 1845 322 1923 Cessit
346 1857 536 1923 auctoritati
561 1857 758 1939 amplissimi
783 1860 844 1924 riri
870 1856 922 1923 vel
950 1860 1062 1940 potius
1082 1859 1203 1939 paruit.
1225 1870 1265 1931 22

47 1954 112 2023 Una
134 1971 186 2026 est
208 1961 383 2041 profectus
409 1981 485 2026 cum
505 1961 563 2038 iis,
586 1984 729 2043 quorum
752 1973 824 2026 erat
846 1982 913 2025 uua
937 1982 1056 2038 causa3
1078 1960 1204 2027 tardius

48 2057 216 2128 iterfccit.
269 2060 385 2144 ltaque
412 2064 444 2129 in
474 2064 626 2131 Africam
653 2065 834 2129 venitiarn
859 2075 1070 2143 occupatam.
1117 2064 1206 2130 Hinc

48 2161 77 2228 in
96 2164 269 2244 Ligariurn'
297 2167 424 2232 crimen
451 2168 558 2233 oritur
584 2165 638 2232 vel
663 2168 712 2231 ira
738 2167 868 2248 potius:
897 2189 995 2247 uam,
1026 2168 1054 2232 si
1076 2167 1206 2259 crimen
1275 2184 1278 2197 '

50 2279 93 2333 est
113 2266 219 2335 ullum
250 2267 416 2344 voluisse,
451 2293 519 2336 non
545 2270 654 2337 minus
686 2290 845 2349 magnum
874 2280 926 2335 est
952 2290 1015 2336 ros
1040 2270 1205 2352 Africam,

50 2391 150 2438 arcem
174 2368 326 2440 omnium
351 2373 601 2455 provinciarum
625 2384 738 2438 natam
760 2371 802 2436 ad
826 2368 949 2439 bellum
980 2383 1099 2437 contra
1118 2371 1206 2437 banc

49 2475 155 2543 urbem
181 2475 377 2561 gerendum
408 2476 557 2542 obtinere
589 2474 739 2542 uoluisse
763 2496 861 2558 quam
894 2472 1036 2557 aliquem
1065 2496 1102 2541 se
1134 2496 1207 2540 ma-

50 2574 150 2646 luisse.
202 2582 316 2663 Atque
348 2580 376 2646 is
411 2590 522 2647 tamen
555 2577 672 2662 aliquis
702 2579 854 2660 Ligarius
885 2579 1055 2645 nonfuit.
1099 2577 1206 2646 Varus

52 2715 269 2736 ξιξ-...ρ

109 2808 121 2871 1
137 2811 178 2857 21.
199 2811 315 2857 Tuberoni
337 2809 399 2870 egit).
416 2833 451 2850 -·
466 2810 548 2855 morio
571 2810 722 2868 impediretur
743 2808 860 2871 superscr.
883 2812 951 2856 etiam
968 2811 985 2857 l.
1003 2837 1035 2849 -
1052 2811 1121 2857 Fort.
1139 2824 1207 2855 eam-

54 2895 104 2939 aore‘.
120 2919 152 2933 --
167 2900 271 2953 propter
288 2896 388 2939 hominia
404 2893 428 2940 b.
444 2918 479 2930 -
495 2895 587 2938 domem
605 2896 691 2939 eruditi
707 2910 732 2955 g.
749 2920 783 2933 -
801 2898 871 2940 isdem
887 2911 911 2956 g.
929 2920 961 2932 ο-
985 2897 1066 2940 studiis
1084 2897 1119 2940 usi
1135 2895 1158 2941 b.
1175 2918 1210 2933 -·

53 2976 140 3039 agebat]
158 2980 188 3025 el.
206 2978 306 3037 agebant
321 2979 354 3038 gl.
372 2959 448 3023 aiebat
464 2991 487 3024 v.
505 2975 553 3035 (ite
570 2977 625 3036 quid
642 2981 665 3020 et
680 2980 764 3036 agebat
779 2994 897 3038 superest.
916 2980 1008 3038 qru'dom
1024 2981 1116 3024 aiebant
1131 2980 1163 3038 l.)
1174 3002 1222 3039 -.

54 3063 189 3117 opponebant
204 3064 238 3124 gl.
257 3062 317 3122 (non
335 3046 370 3121 e.)
387 3062 518 3108 obtinebant
534 3061 557 3107 b.
591 3060 714 3124 Rturqlem
732 3064 822 3122 probat
839 3063 946 3117 Soldau;
962 3064 1004 3109 sed
1021 3064 1151 3110 manifecte
1168 3064 1208 3111 blc

54 3141 108 3190 idem
123 3147 164 3193 illa
182 3147 344 3208 significatur,
370 3160 440 3207 quem
458 3147 543 3207 paullo
560 3151 618 3205 poet
634 3147 799 3203 amplissimum
817 3147 891 3189 uirum
909 3151 990 3192 vocat.
1021 3179 1024 3181 Α

114 3252 182 3314 1ἳ2.
200 3270 252 3301 erem
269 3257 305 3300 lu'e
321 3270 345 3315 g.
358 3279 392 3292 ·-
404 3255 495 3299 tordius
511 3252 636 3312 tepefecit
651 3270 675 3313 g.
688 3277 723 3288 -
736 3266 785 3299 om.
802 3268 841 3300 vs.
860 3254 922 3299 Nam
938 3256 960 3298 ti
971 3277 1005 3289 ··
1016 3268 1062 3298 aon
1073 3252 1125 3312 fuit
1140 3253 1209 3299 b.-

55 3339 85 3378 eel
99 3339 167 3384 ullum
183 3337 296 3402 voluisse]
311 3340 392 3385 Palat.
409 3345 473 3385 sext.
485 3344 510 3384 et
521 3351 605 3384 nonus.
619 3341 652 3381 est
663 3338 728 3381 illum
740 3338 837 3382 votuisse
849 3353 903 3397 egr.
937 3337 997 3383 item
1010 3338 1026 3382 1.
1038 3339 1078 3383 sed
1090 3351 1208 3396 superscr.

55 3416 122 3477 (poet
139 3438 161 3470 v.
179 3423 259 3485 iilum)
273 3424 413 3482 prosilere,
430 3430 456 3469 ut
473 3423 516 3469 sit:
535 3427 568 3466 eet
584 3423 649 3466 illum
665 3421 787 3477 prohibere
803 3421 908 3465 uoluisse.
919 3445 954 3457 -
970 3435 1045 3465 arcem
1057 3435 1117 3465 omu.
1129 3419 1208 3482 pron]

57 3503 98 3561 egl.
114 3519 171 3553 omri.
188 3522 256 3565 prov.
274 3521 349 3552 arcem
366 3521 389 3553 v.
408 3531 440 3543 —
464 3489 565 3552 obtinere
588 3507 686 3551 ootuieee
708 3519 776 3564 quom
798 3506 898 3564 aliquem
914 3518 937 3550 ae
953 3505 1068 3565 moluisse]
1086 3506 1132 3565 egi.
1151 3506 1210 3551 otti·

57 3597 117 3645 ποτε,
136 3604 203 3650 quem
220 3579 333 3651 aliquem,
355 3593 461 3637 maluisse
478 3605 502 3638 v.
799 3592 802 3599 '

117 3801 128 3862 1
145 3805 185 3851 21.
204 3805 254 3852 Cir.
272 3808 304 3851 aui
320 3805 367 3867 12.
380 3830 412 3844 -·
429 3802 538 3866 militiae]
557 3805 623 3851 bello
636 3804 744 3852 Marsico
755 3819 774 3851 s.
786 3804 886 3862 sociati,
903 3818 952 3866 quo
965 3805 1052 3851 Cicero
1063 3803 1088 3850 in
1101 3804 1211 3851 exercitu

60 3882 98 3931 Ca.
113 3887 225 3949 Pompeii
248 3891 371 3938 Strabonis
395 3891 442 3938 tiro
466 3891 511 3937 tuit
529 3905 552 3936 a.
570 3905 593 3936 u.
611 3903 632 3936 c.
651 3890 708 3935 665.
726 3890 835 3950 Philipp.
856 3890 901 3947 12,
922 3891 960 3936 ll.
977 3916 1012 3928 —
1034 3886 1137 3948 quitiam]
1159 3888 1211 3934 for·

60 3972 116 4016 tusae
132 3972 177 4025 Cn,
192 3974 323 4036 Pompeius
340 3976 406 4036 ipse,
436 3977 474 4022 vel
499 3982 525 4021 ut
549 3958 624 4022 visiun
642 3974 759 4027 Grutero,
786 3975 820 4019 M.
839 3975 910 4021 Cato.
946 3975 995 4021 Seri
1011 3977 1041 4020 de
1058 3973 1094 4019 hia
1111 3971 1212 4017 mortuis

61 4057 117 4100 tecte
133 4058 199 4119 loqui
215 4059 259 4108 vix
276 4062 405 4123 quidquem
423 4060 549 4106 attinebat.
583 4060 638 4120 Ego
656 4059 803 4118 interpretor
821 4060 850 4104 de
862 4059 897 4104 M.
909 4060 1040 4110 Marcello,
1058 4068 1127 4117 quem
1139 4052 1212 4111 signi-

62 4136 111 4184 ticat
136 4147 316 4200 tantummodo,
350 4160 381 4192 ue
412 4148 522 4193 Caesaris
548 4147 573 4193 in
599 4161 652 4192 eum
674 4144 757 4193 odium
780 4146 885 4192 refricet.
939 4145 979 4192 Sic
1003 4159 1036 4191 ex
1065 4141 1213 4201 optimorum

64 4216 284 4278 Codtsteatimonio
302 4230 351 4279 eius
369 4245 454 4277 nomen
473 4233 555 4278 siletur
572 4231 645 4276 ctiam
662 4231 687 4276 in
704 4229 715 4290 1
733 4227 775 4276 87.

122 4333 188 4395 192.
205 4338 282 4387 eatam
297 4342 329 4386 oet
345 4337 438 4402 beilum]
463 4340 497 4387 utl
514 4341 701 4391 demonstratum
719 4343 778 4387 erat
789 4339 857 4385 bellis
869 4337 977 4384 Punicis.
