2850 4759
282 242 450 359 onemo
472 288 557 358 eno
578 288 838 371 calamo,
865 313 897 358 c.
918 294 948 359 o.
1023 314 1028 323 ·
1137 292 1197 361 ras

47 450 240 522 illo'indioio
258 450 450 536 improbum
472 452 579 519 civem
601 471 675 520 esse
696 465 729 518 et
748 444 816 522 raon
837 451 1045 520 retinendum
1067 453 1101 521 in
1116 452 1197 522 civi-

47 568 124 637 ute,
153 557 210 641 qui
231 554 383 645 ¹hominis
402 554 567 623 'hostilem
587 555 621 621 in
642 553 780 623 modum
804 555 953 625 seditiosi
974 557 1119 638 imagine
1139 570 1198 625 aut

46 673 183 729 mortem
212 660 282 727 eius
308 659 519 738 honestaret,
551 669 610 726 ant
629 657 795 727 desideria
814 661 1047 742 imperitorum
1070 662 1199 728 miseri·

46 762 154 831 cordia
173 776 421 850 commoveret,
443 775 512 829 ant
531 783 627 844 suam
649 762 856 843 significaret
873 763 1053 832 imitandae
1072 764 1198 846 impro-

47 865 147 936 bitatis
168 863 389 951 voluntatem,
430 864 548 950 Itaque
569 863 650 933 milri
671 869 794 934 mirum
815 866 965 942 videtur,
995 866 1084 935 urrde
1110 866 1197 935 hanc
1216 865 1256 930 ²5

49 979 97 1046 tu,
122 968 280 1046 labieno,
305 969 502 1050 imaginem,
528 990 628 1052 qnam
649 967 769 1048 habes,
790 969 969 1037 inveneris.
1008 970 1095 1038 Nam
1116 970 1197 1040 Sex.

48 1071 127 1139 litio
147 1071 326 1149 damnato,
347 1070 403 1155 qui
422 1071 520 1140 istam
537 1071 659 1141 habere
673 1072 831 1153 auderet,
850 1074 1006 1141 inventus
1020 1085 1072 1142 est
1084 1096 1197 1145 nomm

50 1173 142 1266 Quod
163 1187 199 1242 tu
220 1176 250 1242 si
269 1174 420 1243 audisses
442 1187 500 1243 aut
518 1176 546 1243 si
561 1196 621 1259 per
634 1187 777 1251 aetatem
792 1177 880 1245 scite
895 1177 1080 1260 potuisses,
1101 1201 1199 1246 nuns-

48 1299 136 1362 quam
161 1277 319 1362 profecto
349 1279 448 1345 istam
473 1278 672 1360 imaginem,
704 1301 790 1364 quae
816 1279 916 1346 domi
932 1281 1042 1363 posita
1067 1293 1199 1364 pestem

49 1392 145 1471 atqne'
156 1380 296 1450 exilium
318 1380 395 1449 Sex.
417 1382 507 1448 Titio
530 1381 714 1460 attulisset,
744 1384 779 1450 in
799 1383 924 1452 Rostra
944 1395 1044 1468 atque
1064 1389 1098 1452 in
1118 1406 1200 1451 con·

50 1486 162 1554 tionem
183 1484 357 1555 attulisses
377 1506 441 1553 nee
460 1497 536 1554 tuas
557 1508 717 1570 umquam
739 1489 888 1557 rationes
909 1484 951 1555 ad
968 1507 1026 1555 eos
1040 1484 1200 1569 scopulos
1305 1516 1307 1521 v

50 1588 244 1673 appulisses,
275 1589 317 1659 ad
336 1590 430 1673 'quos
457 1589 535 1657 Sex.
558 1590 638 1657 Titii
659 1591 810 1660 afflictam
831 1611 950 1658 navem
973 1600 1006 1657 et
1026 1590 1060 1657 in
1081 1588 1201 1674 quibus
1242 1634 1244 1637 ·

51 1693 237 1763 unedoni
257 1694 466 1774 naufragium
490 1697 701 1761 fortunarum
723 1692 866 1764 videres.
908 1693 972 1762 Sed
987 1695 1020 1761 in
1033 1691 1085 1760 his
1100 1693 1203 1761 rebus

52 1799 192 1866 omnibus
213 1797 441 1882 imprudentia
461 1794 591 1865 laberis.
640 1796 784 1865 Causam
806 1799 894 1866 enim
915 1796 1094 1881 suscepisti
1115 1796 1203 1863 anti·
1268 1829 1271 1834 ·

51 1903 188 1985 quierem
209 1902 472 1981 memoria.tua3
506 1920 591 1983 quae
612 1912 811 1968 nauseante
839 1913 1069 1981 mortuaest,
1100 1921 1202 1991 quam
1260 1935 1264 1943 v

52 2016 83 2069 tn
105 1993 200 2074 natus
229 2025 339 2075 esses:
372 2005 498 2088 quain
523 2023 624 2071 causa
654 2016 724 2071 tute
744 2005 900 2087 profecto
922 2006 1063 2082 fuisses,
1093 2005 1203 2087 siper

53 2119 182 2177 aetatem
202 2130 281 2178 esse
300 2108 489 2193 potuisses,
511 2127 584 2175 eam
607 2127 744 2173 causam
765 2107 799 2174 in
818 2105 977 2173 indicium
994 2129 1108 2177 vocas.
1147 2109 1204 2175 An
1222 2107 1263 2173 26

53 2220 109 2278 non
126 2212 307 2293 intelligis,
339 2212 486 2295 primum
517 2229 600 2292 quos
627 2208 780 2298 homines
810 2221 845 2277 et
864 2207 979 2293 quales
997 2212 1093 2279 viros
1115 2232 1203 2277 mor·

53 2322 118 2382 tuos
137 2312 420 2386 summisoeleris
442 2313 591 2394 arguas?
612 2310 732 2380 deinde
752 2323 836 2396 quot
856 2311 978 2399 exiis,
1000 2314 1055 2396 qui
1077 2314 1205 2392 vivunt,

54 2416 157 2488 eodem
170 2417 322 2485 erimine
341 2419 375 2484 in
395 2438 567 2486 summum
584 2415 701 2498 capitis
715 2412 903 2497 pericnlum
918 2414 1097 2483 arcessas?>
1117 2415 1204 2483 Nam

54 2519 77 2585 si
95 2521 248 2613 ¹Rabirius
277 2519 432 2591 fraudem
463 2518 641 2604 capitalem
671 2516 824 2600 admisit,
854 2518 945 2603 quod
970 2541 1066 2587 arma
1086 2531 1206 2586 contra

54 2618 85 2691 l.
103 2625 317 2693 Saturninum
340 2614 430 2701 tulit,
450 2622 530 2691 huic
550 2622 684 2708 quidem
706 2624 825 2690 afferet
837 2621 982 2708 aliquam
997 2620 1206 2706 deprecatio·

54 2746 119 2797 nasu
141 2726 283 2813 periculi
311 2738 400 2807 aetas
425 2724 502 2811 illa,
534 2724 599 2811 qua
626 2739 697 2794 tum
726 2727 808 2796 fuit:
844 2727 887 2817 Q.
918 2749 1000 2794 vero
1031 2725 1207 2804 Catulum,

54 2843 169 2911 patrem
192 2832 323 2908 huius,
337 2830 371 2897 in
392 2853 459 2911 qno
480 2852 614 2900 suntme
634 2830 815 2914 sapientia,
845 2831 970 2898 eximia
989 2830 1113 2906 virtus,
1139 2830 1207 2897 sin·

55 2932 164 3012 aulatis
184 2936 377 3003 humanitas
398 2934 481 3014 fuit3
500 2935 553 3001 M.
576 2934 759 3011 Scantiam,
778 2931 834 3000 illa
849 2934 1031 3014 gravitate,
1051 2932 1108 3000 illo
1124 2946 1206 3001 con·
1263 3000 1267 3005 ,

56 3035 132 3115 silio,
160 3039 217 3108 illa
238 3038 435 3124 prudentia3
467 3037 550 3104 dnos
571 3037 728 3114 Mucios,
756 3038 793 3106 L.
813 3036 991 3116 Crassum,
1021 3037 1075 3105 M.
1096 3040 1207 3111 Anto·v

57 3141 154 3219 nium,
176 3130 234 3228 qui
256 3156 327 3213 mm
346 3153 446 3213 extra
466 3141 591 3211 Urbem
613 3158 691 3205 oum
711 3138 879 3221 praesidio
899 3140 982 3222 suit,
1007 3161 1152 3224 quorum
1172 3139 1207 3207 in

57 3239 110 3311 hae
132 3249 269 3315 ciuitate
294 3245 396 3327 longe
425 3245 572 3315 maxima
600 3240 741 3310 consilia
769 3256 869 3327 atque
897 3244 1031 3326 ingenia
1050 3244 1207 3324 fuerunt3

59 3361 175 3421 eeteros
205 3351 279 3436 pari
309 3349 471 3432 dignitate
497 3344 669 3431 praeditos
701 3348 862 3417 custodes
895 3351 1208 3432 gubernatoresque
1238 3383 1244 3393 «

58 3452 266 3550 reipublicae
286 3451 570 3540 quemadmodum
592 3461 748 3520 mortuos
770 3450 1018 3523 defendemus?
1053 3450 1143 3545 Quid
1163 3450 1206 3519 de
1228 3459 1268 3522 27

62 3607 269 3631 Q*

59 3725 132 3768 lmus
146 3721 249 3766 addicta
269 3722 385 3779 pependit.
420 3720 472 3766 Ser.
493 3733 581 3781 quoque
602 3717 688 3781 Titiam
707 3718 791 3763 similis
808 3731 872 3763 casus
891 3719 1029 3776 prostrauit.
1063 3717 1124 3764 Erat
1139 3718 1209 3782 linan-

62 3811 117 3855 oema
141 3808 190 3848 erat
207 3808 303 3863 agraria
323 3808 373 3864 lega
395 3806 512 3865 gratiosus
531 3802 593 3858 apud
610 3786 733 3860 populum,
769 3802 854 3847 Tamen
876 3804 929 3861 qaia
949 3803 1065 3849 Saturnini
1087 3804 1209 3861 imaginem

62 3877 114 3924 dorni
135 3885 256 3942 doluerat,
284 3884 406 3945 srqffragia's
430 3899 479 3930 earm
503 3888 551 3930 toto
577 3888 680 3944 cognitio
702 3889 825 3944 oppressit.
860 3886 915 3933 vat.
933 3887 1004 3933 Max.
1021 3887 1051 3942 8,
1072 3886 1092 3931 l.
1112 3910 1148 3922 -
1164 3899 1210 3931 non

62 3965 196 4031 rtllreudnm]
217 3971 289 4019 immo
312 3973 337 4021 in
359 3971 460 4018 exilium
481 3970 626 4017 mittendum.

118 4049 182 4111 525.
208 4071 274 4114 quam
294 4054 372 4117 holm]
397 4069 465 4115 qnam
489 4058 513 4098 tu
533 4052 601 4100 dalea
626 4053 709 4102 Ambe.
733 4055 822 4103 Frena.
839 4079 874 4091 -
891 4060 941 4101 tuas
968 4051 1079 4118 rationes]
1112 4060 1210 4111 „totum

23 4146 24 4149 ¹
64 4135 118 4179 tuum
136 4143 219 4186 etatum
236 4155 265 4186 ac
285 4141 426 4209 dignitatem
443 4140 466 4186 ln
485 4127 557 4199 repss‘
576 4140 638 4186 Mire
654 4139 783 4187 Pithoeus:
802 4145 942 4186 tuas-rates.

120 4219 130 4281 l
156 4224 195 4273 26.
218 4228 273 4272 dnos
299 4224 400 4287 Mucios]
430 4206 629 4278 muraenulam
652 4238 768 4284 augurem
796 4232 821 4272 et
846 4227 875 4278 Q.
903 4225 1045 4271 Scaevolam
1072 4219 1210 4280 pontificem

66 4303 233 4355 mximum...
250 4313 283 4357 dl.
304 4308 440 4371 Antonium]
462 4317 599 4362 oratorem.
625 4310 667 4373 qul
682 4323 748 4357 anuo
765 4317 821 4369 post
843 4308 925 4372 (655.)
945 4308 1028 4355 consul
1047 4306 1100 4352 luit.

120 4388 186 4451 §27-
207 4394 233 4441 t.
250 4395 373 4443 Valerium
388 4395 504 4443 Flaccum
522 4402 565 4442 aut
582 4393 713 4449 flaminem,
737 4398 778 4438 ant
797 4392 820 4438 io
842 4390 982 4451 pontificum
999 4397 1145 4446 anmantuus
1158 4385 1208 4428 col·
