2850 4759
322 284 408 356 ruo
428 284 475 354 a.
498 244 718 366 caecina,
740 305 772 352 ο.
787 285 827 349 ao
847 282 887 353 es
899 236 1005 354 21:³³
1048 238 1097 310 ³³
1121 224 1257 354 ·i·n‘1³'
1274 300 1276 309 a

118 446 206 513 XX.
249 443 340 535 Quid
369 441 482 522 erpo?
512 439 567 509 lsti
594 440 751 509 homines
778 440 896 509 Latine
923 466 993 510 non
1014 441 1229 528 loquuntur?
1249 445 1291 510 st

42 546 153 616 lmmo
176 567 259 613 vero
283 550 415 612 tanturn
436 542 642 626 loquuntur,
676 555 843 625 quantum
864 554 916 610 est
936 545 1020 613 satis
1039 544 1085 611 ad
1105 544 1231 623 intelli·

42 647 190 730 pendam
211 645 446 723 voluntatem
471 663 551 713 cum
571 643 633 710 sibi
653 642 722 710 hoc
741 645 1003 726 proposuerint,
1034 658 1072 712 ut
1094 667 1149 714 me
1170 668 1226 715 rea
1313 662 1317 667 '

41 753 182 833 stituas,
203 748 276 816 siue
299 760 334 814 tu
358 766 413 813 mc
434 745 598 812 deieceris
619 745 692 812 sire
716 756 852 812 tuorum
875 746 1042 828 quIspiam
1063 749 1136 814 aive
1155 768 1228 815 aer·

41 874 163 918 vorum
192 854 264 916 sire
292 847 499 922 amicorum,
533 856 571 909 ut
598 865 719 913 servos
747 868 814 913 nou
836 867 980 913 numero
1003 848 1226 931 distinguant,

43 953 104 1020 aed
125 948 295 1033 appellent
312 969 384 1014 ⁴uno
406 944 555 1015 familiae
575 947 734 1013 nomine:
769 945 811 1012 de
831 947 946 1016 liberis
968 961 1101 1028 autem,
1133 936 1227 1033 quis'·

44 1054 117 1136 quis
145 1062 216 1130 est,
248 1048 484 1132 procuratoris
510 1046 650 1112 nomine
676 1044 886 1129 appelletura
923 1071 992 1116 nou
1014 1073 1082 1132 quo
1105 1072 1226 1137 omnes

43 1156 109 1222 sint
129 1164 189 1218 aut
209 1149 422 1234 appellentur
442 1158 704 1230 procuratores,
736 1149 792 1230 qui
819 1151 946 1230 negotii
968 1153 1078 1219 nostri
1100 1150 1227 1238 aliquid

41 1264 182 1336 gerant3
202 1252 263 1321 sed
285 1256 319 1319 in
340 1250 405 1319 lrac
424 1269 462 1316 re
482 1248 621 1327 connita
641 1251 810 1317 sententia
829 1251 1001 1318 interdicti
1022 1254 1125 1319 verba
1145 1254 1227 1321 sub·

42 1355 143 1422 tiliter
175 1352 308 1435 exquiri
340 1350 456 1418 omnia
485 1347 679 1417 noluerunt.
721 1352 798 1418 Non
831 1354 921 1419 enim
948 1351 1012 1420 alia
1040 1374 1144 1423 causa
1172 1364 1227 1423 eat

42 1456 219 1539 aequitatis
240 1454 274 1519 in
296 1473 364 1519 uno
387 1471 510 1529 servo,
532 1461 566 1516 et
586 1451 620 1516 in
640 1449 816 1533 pluribus:
852 1476 922 1520 non
944 1453 1009 1520 alia
1031 1456 1118 1521 ratio
1139 1456 1223 1527 iuria

40 1560 71 1624 in
99 1557 167 1624 hcc
193 1575 318 1637 genere
344 1554 543 1630 dumtaxat,
577 1564 693 1620 utrum
722 1575 777 1620 me
806 1565 885 1622 tuus
906 1567 1114 1637 procurator
1134 1555 1225 1623 deie-

42 1659 141 1735 cerit,
164 1659 212 1733 is,
241 1657 297 1738 qui
312 1653 465 1735 legitime
479 1663 684 1733 procurator
698 1654 823 1721 dicitur
837 1658 989 1723 omnium
1007 1679 1120 1724 rerum
1137 1659 1223 1738 eius,

42 1760 150 1843 quiin
178 1757 275 1825 ltalia
295 1778 363 1822 nou
385 1756 431 1823 sit
451 1754 582 1821 absitve
612 1754 662 1821 rei
684 1754 847 1836 publicae¹
873 1779 994 1834 eausa,
1027 1761 1123 1842 quasi
1151 1761 1225 1843 qui·

42 1863 116 1929 dam
151 1854 259 1941 paene
291 1856 473 1933 dominus,
505 1854 573 1921 hoc
602 1854 678 1934 cst,
714 1855 814 1923 alieni
851 1858 935 1927 iuris
969 1860 1147 1939 vicariusa
1179 1883 1223 1943 an

40 1978 115 2030 tuus
141 1959 286 2028 colonus
314 1969 373 2024 aut
402 1957 533 2023 vicinus
560 1968 620 2022 aut
647 1956 752 2025 cliens
773 1970 833 2024 aut
852 1958 993 2028 libertus
1013 1964 1073 2028 'aut
1094 1962 1222 2048 quivis,

43 2065 95 2146 qui
121 2061 215 2129 illam
244 2061 313 2126 rim
340 2059 634 2141 deiectionemque
665 2071 724 2125 tuo
751 2072 876 2139 rogatu
904 2073 964 2126 aut
996 2075 1054 2129 tuo
1084 2065 1222 2131 nomine
1242 2063 1283 2152 ,⁵⁸

42 2165 170 2232 fecerit.
215 2161 331 2251 Quare
352 2162 381 2228 si
403 2158 445 2226 ad
467 2179 545 2224 eum
567 2160 839 2238 restituendum,
862 2163 917 2243 qui
940 2162 973 2227 vi
990 2162 1141 2233 deiectus
1156 2154 1221 2249 est,

43 2264 181 2333 eandem
202 2265 270 2333 rim
293 2261 396 2328 habet
417 2259 596 2343 aequitatis
619 2261 726 2352 ratio,
758 2280 798 2326 ea
824 2260 997 2328 intellecta
1024 2276 1117 2330 certe
1138 2265 1221 2332 nihil

41 2367 81 2434 ad
106 2388 177 2433 rem
198 2364 364 2448 pertinet,
387 2383 473 2445 quae
494 2361 677 2426 verborum
701 2361 752 2427 vis
773 2361 818 2427 sit
838 2381 878 2426 ac
898 2362 1090 2433 nominum.
1133 2365 1221 2441 Tam

41 2473 217 2543 restitues,
238 2466 267 2533 si
291 2477 369 2532 tuus
392 2484 448 2530 me
468 2460 609 2529 libertus
626 2461 806 2542 deiecerit,
828 2461 912 2530 nulli
928 2475 986 2547 tuo
1002 2467 1220 2554 praepositus

41 2570 195 2650 negotio,
218 2588 319 2651 quarn
341 2566 372 2635 si
392 2575 599 2648 procurator
621 2562 803 2644 deiecerit3
830 2588 900 2634 non
922 2589 989 2648 quo
1011 2589 1130 2635 omues
1151 2570 1222 2643 sint

41 2681 299 2752 procuratores,
334 2667 391 2748 qui
418 2665 543 2748 aliquid
571 2667 682 2733 nostri
709 2669 837 2747 negotii
866 2680 1010 2748 gerunt,
1045 2671 1104 2745 sed
1127 2670 1222 2754 quod

41 2771 72 2836 in
91 2770 155 2838 hac
176 2790 214 2836 re
235 2769 351 2851 quaeri
372 2766 454 2832 nihil
475 2767 608 2832 attinet.
650 2771 738 2839 Tam
760 2770 949 2855 restitues,
974 2773 1004 2838 si
1020 2764 1117 2838 'unus
1146 2794 1222 2840 ser.

41 2869 155 2955 nulus,
191 2871 343 2954 quamsi
372 2868 501 2934 familia
528 2869 649 2935 feccrit
670 2871 851 2949 nniversa3
884 2895 953 2945 nou
975 2895 1043 2956 quo
1065 2874 1153 2940 idem
1175 2856 1222 2957 sit

42 2971 192 3039 servulus
214 2992 319 3050 unus,
341 2970 432 3056 quoti
454 2969 600 3037 familia:
621 2991 740 3037 verum
764 2972 949 3054 quianon,
972 2974 1092 3058 quibus
1108 2965 1220 3044 verbis

42 3072 183 3157 quidque
205 3073 356 3150 dicatur,
379 3073 572 3154 quaeritur,
594 3071 655 3138 sed
676 3093 763 3154 quae
784 3093 839 3138 rea
861 3083 994 3150 agatur.
1036 3070 1162 3152 Etiam,
1177 3064 1221 3150 si,

43 3181 80 3235 ut
96 3171 231 3252 longius
253 3175 393 3240 averbo
415 3172 634 3250 recedamus,
656 3173 698 3239 ab
721 3174 892 3256 aequitate
904 3193 946 3239 ne
962 3173 1129 3249 tantulum
1147 3178 1222 3259 qui·

45 3270 134 3352 dem,
165 3275 195 3341 si
218 3288 296 3341 tuus
318 3296 439 3342 servus
461 3273 574 3341 nullus
596 3274 717 3352 fuerit,
753 3286 787 3338 et
809 3294 928 3353 omnes
948 3272 1047 3341 alieni
1069 3264 1221 3357 aornar.

45 3377 182 3454 senarii,
205 3389 320 3449 tamen
342 3388 377 3444 et
396 3376 460 3466 ipsi
483 3389 560 3461 tuae
580 3373 731 3447 familiae
751 3395 878 3458 genere
899 3387 934 3455 et
953 3378 1093 3455 nomine
1108 3381 1221 3464 couri.

43 3477 219 3545 nebuntur.
283 3541 285 3545 .
1186 3468 1190 3475 ’
1216 3546 1219 3557 ,

115 3580 228 3653 XXI.
257 3580 367 3661 Perge
388 3602 493 3665 porro
514 3578 581 3649 hoc
601 3579 691 3657 idem
713 3580 932 3652 interdictum
954 3582 1066 3665 sequi,
1102 3581 1226 3650 Hom-r
1240 3586 1280 3648 59

45 3697 138 3747 ursus
170 3703 328 3748 concers.
390 3682 569 3755 Neminem
601 3685 775 3764 coegeris,
809 3685 872 3766 ipsi
904 3686 1127 3752 convenerint
1158 3705 1221 3765 sua

45 3793 179 3861 sponte3
213 3796 307 3849 certe
328 3784 423 3862 cogit
443 3785 490 3859 is,
518 3783 574 3874 qui
596 3797 785 3864 congregat
805 3784 964 3855 homines
984 3798 1018 3852 et
1038 3797 1220 3868 corrvocatr

46 3879 154 3949 Coacti
175 3893 256 3950 sunt
277 3885 316 3962 ii,
339 3886 394 3966 qui
417 3886 458 3950 ab
479 3883 598 3966 aliquo..
613 3898 693 3953 sunt
708 3909 813 3951 unum
829 3886 862 3952 in
879 3885 992 3956 lucum
1009 3888 1220 3978 corrgrngati.

46 3978 160 4050 Sinon
183 3986 286 4051 modo
309 3989 490 4053 convocati
512 3999 699 4062 nunaunt,
735 3986 796 4052 aed
825 4008 868 4058 ne
890 4000 1125 4057 convenerunt
1146 3988 1220 4068 qui,

45 4081 231 4103 ἡ*

108 4130 120 4192 S
135 4133 175 4180 58.
185 4131 291 4193 jecerit]
309 4133 361 4178 Eri.
381 4133 491 4178 ddecm't
504 4133 535 4178 0.
553 4154 589 4168 -
605 4131 696 4187 Etiam,
712 4132 747 4184 si,
765 4134 791 4175 ut
809 4127 912 4189 longius]
934 4129 985 4174 Erf.
996 4130 1094 4178 -Etiam,
1127 4131 1152 4170 ut
1171 4127 1219 4167 ium

47 4211 132 4270 longina
150 4216 181 4262 0.
204 4218 274 4276 (post
290 4216 444 4274 parenthesin
456 4213 576 4282 ropetitur
590 4216 612 4259 si
619 4231 628 4268 ,·
649 4229 673 4262 r.
683 4209 786 4277 Klotz.)
795 4237 830 4251 -·
841 4216 863 4257 et
872 4208 960 4272 omues]
980 4211 1083 4258 Errant
1096 4217 1173 4253 curres
1185 4203 1216 4247 0.

107 4303 118 4367 l
134 4304 175 4358 59.
196 4304 349 4368 consuerunt]
374 4307 426 4354 Erf.
441 4309 605 4354 wunnereraul
620 4307 652 4353 0.
