2850 4759
165 214 168 217 ’
226 263 287 327 erc
591 282 595 289 -
699 202 941 328 crunnouts

228 421 307 489 dem
342 440 425 503 ego,
460 425 582 490 Patres
613 419 820 502 conscripti,
865 415 1014 501 qui'illa
1044 435 1216 500 uunquam
1247 418 1367 503 probavi,

230 537 344 593 tamen
365 525 410 591 ita
437 521 673 592 conservanda
696 519 905 590 concordiae
927 541 1031 588 causa
1053 520 1234 589 arbitratus
1251 544 1327 600 sum,
1341 534 1369 587 ut

228 651 299 697 non
324 626 447 704 modo,
483 647 567 710 quas
596 627 695 694 vivus
727 624 830 705 leges·
853 624 980 691 Caesar
1012 621 1165 696 tulisset,
1193 622 1368 689 infirmandas

186 776 189 785 ι
230 731 299 799 hoc
320 742 473 812 tempore
498 751 566 795 nou
592 738 767 810 putarem.
789 725 851 795 scd
875 748 917 794 ne
946 725 1021 793 illas
1049 725 1205 811 quidem,
1226 747 1300 809 quas
1317 738 1369 808 post

229 844 378 902 mortem
409 831 565 898 Caesaris
589 829 742 912 prolatas
771 849 847 897 esse
875 841 910 896 et
936 830 1023 896 lixas
1045 829 1179 898 videtis.

170 941 209 1004 il
310 935 358 1004 X.
401 932 451 1001 Dc
476 930 578 999 exilio
601 930 734 998 reducti
752 952 770 998 a
795 943 954 1009 mortuos
975 931 1096 1015 civitas
1117 930 1197 999 data
1212 955 1277 999 uon
1294 930 1369 999 sulm

230 1035 391 1119 singulis,
424 1034 484 1104 sed
514 1034 705 1103 nationibus
735 1051 769 1100 et
792 1035 978 1117 provinciis
1008 1035 1178 1103 universis
1210 1056 1229 1101 a
1255 1046 1369 1107 mortum

230 1137 673 1208 immunitatibus..infinitis
703 1135 838 1206 sublata
867 1137 1048 1218 vectigalia
1078 1158 1109 1203 a.
1128 1149 1276 1205 mortuo.
1309 1136 1368 1215 Ergo

231 1243 316 1310 ltaeo
342 1264 433 1329 uno,
477 1261 593 1307 rorum
615 1241 763 1325 optimo,
797 1253 940 1308 auctore
960 1239 1065 1308 domo
1086 1240 1236 1323 prolata,
1262 1238 1369 1306 defendi

232 1366 327 1413 mus:
358 1364 416 1412 cas
453 1342 567 1424 leges,
599 1365 682 1428 quas
716 1345 788 1426 ipsc
819 1343 916 1411 nobis
944 1344 1215 1425 inspectantibus
1242 1341 1368 1413 recitavit,

231 1446 483 1531 pronuntiavit,
519 1444 613 1525 tulit,
649 1445 771 1529 quibus
803 1443 878 1514 latis
905 1444 1119 1526 gloriabatur
1145 1448 1258 1529 eisque
1282 1443 1368 1525 legibus

232 1547 498 1632 rempublicam
524 1549 691 1616 contineri
716 1550 876 1630 putabatr
909 1548 951 1615 de
976 1550 1180 1630 provinciis,
1212 1548 1252 1615 de
1269 1546 1367 1615 iudicis.

233 1673 309 1735 eas,
330 1653 485 1738 inquam,
509 1653 665 1719 Caesaris
688 1650 807 1731 leges,-
823 1672 905 1726 nos,
928 1654 985 1734 qni
1007 1651 1222 1719 defendimus
1240 1650 1368 1718 astacu-

172 1758 212 1822 ts
233 1756 338 1829 saris,
360 1754 563 1822 evertendas
587 1755 777 1836 putamus?
818 1758 875 1820 Ac
895 1752 937 1820 dc
963 1754 1003 1823 iis
1027 1766 1138 1820 tauron
1160 1753 1302 1835 legibus,
1321 1768 1367 1834 qut

234 1855 472 1939 promulgatae
491 1867 590 1934 sunt,
611 1854 733 1924 saltem
759 1857 854 1939 queri
876 1876 1079 1938 possumus:
1102 1854 1145 1921 de
1166 1857 1223 1934 iis,
1246 1855 1366 1938 quaein

232 1959 323 2025 latae
348 1957 527 2038 dicuntur,
549 1979 592 2025 ue
619 1957 702 2025 illud
726 1958 862 2043 quidem
883 1961 992 2025 licuit.
1032 1957 1116 2025 lllae
1140 1960 1230 2025 enim
1255 1961 1319 2026 sine
1334 1952 1367 2020 ult

232 2058 507 2144 promulgatione
537 2060 627 2129 latae
651 2074 732 2129 sunt
758 2075 836 2128 ante
862 2083 964 2142 quam
993 2062 1154 2143 scriptae.
1198 2064 1367 2153 Quaeroru

236 2175 324 2239 tem.
354 2163 434 2247 qnid
456 2166 519 2235 sit.
551 2185 615 2232 cur
637 2177 699 2231 aut
720 2186 786 2245 ego
815 2178 876 2231 ant
898 2167 1075 2248 quisquam
1102 2166 1275 2239 vestrtim,
1299 2164 1380 2255 Patra

234 2268 440 2348 conscripti,
471 2266 568 2335 bonis
596 2267 740 2353 tribunis
764 2266 851 2349 plebi
874 2266 967 2348 leges
998 2266 1105 2335 malas
1139 2280 1280 2335 metuat.
1314 2258 1381 2340 lau-l

237 2380 290 2436 tos
313 2366 497 2445 habemns,
529 2368 586 2452 qui
614 2369 847 2448 intercedautt
880 2382 1039 2455 paratos,
1072 2372 1129 2453 qni
1153 2392 1227 2437 reru
1253 2366 1366 2452 publicu

237 2472 401 2554 religione
428 2469 632 2550 defendanta
660 2472 763 2538 vacui
790 2484 884 2539 metu
910 2493 986 2540 esse
1013 2474 1186 2541 debemus.
1206 2513 1245 2526 -
1270 2473 1380 2601 Qurstt*

237 2567 340 2645 mibi,
362 2569 486 2652 inquit,
507 2574 789 2652 intercessiones,
813 2597 898 2658 quas
918 2575 1127 2656 rettgtonrst
1143 2575 1264 2643 -Eas
1279 2572 1366 2642 scitica

237 2671 359 2752 quibus
384 2674 432 2739 rei
457 2673 612 2756 publicae
639 2675 733 2744 salus
764 2680 972 2745 continetur.
997 2717 1038 2729 -
1053 2677 1274 2759 'Negligimns
1297 2680 1366 2744 isnu

237 2771 338 2839 nimis
362 2776 498 2858 antiqua
525 2789 559 2844 ct
582 2778 687 2846 stulta
711 2779 883 2848 ducimus.
925 2781 1051 2849 Forum
1078 2785 1270 2864 saepietur3
1300 2791 1365 2847 outo

236 2871 439 2943 claudentur
463 2878 596 2960 aditns3
623 2887 745 2950 armati
770 2885 802 2950 iu
826 2885 1004 2968 praesidiis
1030 2883 1146 2952 multis
1169 2884 1255 2952 locis
1275 2878 1364 2951 cotton

175 2977 215 3038 26
237 2978 377 3047 buntur.
398 3014 436 3031 ·-
466 2983 557 3074 Quid
585 2986 687 3052 tum?
738 2986 840 3077 Quod
863 2988 910 3054 ita
932 2990 996 3054 erit
1016 3000 1172 3069 gestum,
1206 2989 1241 3054 id
1266 2977 1377 3055 teratu.

237 3093 272 3149 et
300 3084 332 3148 iu
362 3104 418 3151 aes
446 3084 547 3150 incidi
577 3087 753 3167 iubebitis,
789 3089 911 3177 oredo,
946 3089 1003 3156 illa
1037 3090 1203 3171 legitima:
1241 3093 1362 3158 Corano

238 3206 408 3254 rorvuvtn
437 3210 526 3255 trau
556 3209 825 3265 aoonvsavnr,
860 3193 998 3269 (hocine
1027 3214 1045 3259 a
1076 3194 1262 3261 maioribus
1289 3178 1362 3261 actttl'

240 3308 315 3355 mus
337 3288 389 3354 ius
411 3288 556 3370 rogandi
565 3291 604 3371 i)
625 3310 854 3377 Porvuvspvu
877 3317 963 3364 tvau
984 3318 1112 3365 sctvtr.
1157 3297 1225 3386 Qui
1248 3276 1360 3379 poputut

240 3387 331 3465 isuc,
353 3391 408 3471 qui
428 3390 589 3462 cxrlnsus
613 3395 694 3464 cst?
727 3396 806 3487 Quo
826 3397 927 3463 iure?
954 3421 996 3465 an
1017 3421 1078 3477 ec,
1100 3399 1192 3481 quod
1213 3399 1244 3464 vi
1263 3380 1359 3464 etantlis

240 3524 435 3541 m

309 3600 321 3663 l
338 3602 380 3649 24.
397 3602 540 3665 nationibus]
558 3607 590 3652 ad
609 3605 661 3652 nrt.
677 3606 722 3661 ld,
742 3607 782 3651 lii.
817 3608 933 3653 Antonius
951 3572 1046 3665 accepta
1062 3610 1151 3667 grandi
1164 3611 1263 3665 pecunia
1272 3606 1315 3666 firi!
1323 3600 1358 3651 ll*
1374 3590 1375 3649 l

240 3698 255 3728 a
267 3684 379 3730 dictatore
390 3690 491 3733 comdiis
502 3689 589 3743 latam,
608 3704 653 3748 quo
665 3691 739 3735 Siculi
750 3693 811 3736 cioca
824 3693 927 3736 Romani
934 3709 943 3742 t
963 3706 1028 3737 curua
1039 3695 1076 3737 rei
1086 3695 1139 3736 uiuo
1152 3694 1197 3737 ttto
1208 3691 1270 3737 nulia
1280 3685 1335 3736 „niu
1343 3695 1357 3709 ⁶

241 3769 433 3830 immunitatibus]
451 3773 495 3819 cfr.
512 3773 624 3833 Philipp.
635 3775 665 3830 2,
685 3775 727 3821 38.
746 3775 777 3821 de
794 3775 878 3827 Creta,
893 3802 925 3813 -
943 3774 1020 3838 nobis]
1036 3774 1092 3821 Vat.
1106 3774 1180 3821 Rern.
1193 3755 1356 3835 bladriwlll
1373 3768 1374 3801 t

309 3876 381 3939 tao.
412 3880 503 3934 Qrtrero
527 3880 614 3942 autem]
634 3881 693 3929 Vct.
711 3881 784 3929 Bern.
803 3883 885 3930 Guelf.
907 3880 1228 3939 (incorrumpendum
1245 3886 1283 3937 0.‚
1299 3862 1356 3929 lll'⁰⁴

241 3960 318 4007 minus
335 3963 452 4009 convenit
469 3965 634 4023 appellationi
651 3969 738 4012 Patres
757 3970 892 4025 conscripti.
906 3993 939 4006 -
958 3974 1057 4026 quor-tu
1073 3967 1147 4029 miii]
1166 3968 1243 4014 Pleno
1254 3957 1355 4014 Vnt-li*
1372 4008 1373 4011 ,

146 4040 151 4045 ’
241 4044 274 4101 t,
292 4045 334 4090 39.
352 4061 421 4104 quam
438 4048 496 4090 milri
513 4048 651 4104 religionem
668 4053 807 4095 narras?
828 4067 897 4111 quam
911 4056 1032 4111 poenam?
1049 4066 1115 4113 quem
1132 4055 1256 4098 tenutam?

310 4150 383 4211 526.
407 4153 489 4196 tactae
508 4147 643 4221 cet.]3lloc
661 4159 781 4209 vestrum,
807 4160 874 4218 quod
893 4160 924 4206 ab
943 4161 987 4208 illo
1005 4168 1089 4210 uetere
1107 4161 1246 4221 longissime
1262 4155 1315 4206 distri
1334 4139 1354 4183 l*

242 4247 297 4293 gem
314 4234 378 4279 euim
395 4233 493 4280 vocatis
510 4239 535 4278 et
551 4234 575 4278 iu
593 4249 636 4281 aer
653 4235 727 4282 incidi
744 4237 845 4296 iubetis,
876 4257 941 4303 qnae
959 4246 1017 4293 loro
1034 4244 1137 4305 saepto.
1169 4244 1236 4292 omni
1253 4226 1355 4291 adilldl'l

243 4321 296 4391 eet*
307 4317 359 4362 late
376 4316 416 4364 tlt.
433 4316 505 4361 Mart.
540 4315 639 4364 Rectius
656 4318 769 4366 scribitur
786 4323 868 4369 dociae
885 4334 959 4386 quam
977 4328 1073 4372 hoccine
1090 4331 1137 4372 cet.
