2850 4759
230 259 290 333 ιιι
628 338 631 344 ,
699 250 932 322 orenucurs

172 431 212 497 69
243 483 247 493 .
309 418 422 489 XXV.
452 420 533 486 „Iam
551 418 643 484 enim
658 414 807 497 ¹faciam,
838 412 1033 483 criminibus
1055 411 1209 481 omnibus
1230 409 1296 477 lere
1314 409 1365 476 dis·

222 524 369 606 solutis,
403 535 523 591 contra
548 535 647 605 atque
674 521 706 587 in
735 519 855 588 ceteris
883 518 994 586 causis
1014 517 1086 583 fieri
1107 514 1210 592 solet,
1243 526 1279 580 ut
1297 533 1365 580 nuuc

233 628 374 747 denique
401 627 442 695 de
469 628 535 693 vita
565 625 708 693 bominis
735 645 775 691 ac
801 621 841 689 de
862 623 1012 691 motibus
1033 620 1152 689 dicam.
1194 616 1364 685 Etenimle
1390 664 1391 717 3

232 732 397 817 principio
433 728 562 799 studuit
599 733 729 797 animus
765 747 945 794 occurrere
978 723 1197 807 magnitudini
1232 721 1391 821 criminiqq

233 837 428 905 satisfacere
449 835 692 917 exspectationi
713 830 908 911 hominum,
937 829 978 917 de
999 849 1053 897 me
1074 825 1227 911 aliquid
1219 848 1305 908 ipso,
1327 827 1391 937 qui
1390 832 1391 861 ι

234 949 411 1021 accusatus
433 958 542 1014 eram,
575 934 704 1016 dicere,
734 936 911 1005 nunciam
931 932 1114 1009 revocandi
1135 931 1217 1000 estis
1240 952 1294 1007 eo,
1320 951 1391 1011 qun

234 1063 296 1119 vos
317 1043 389 1124 ipsa
410 1063 528 1116 causa,
559 1042 659 1107 etiam
682 1052 812 1107 tacente
834 1059 909 1119 rne,
936 1038 1029 1119 cogit
1048 1037 1179 1104 animos
1202 1045 1367 1113 mentesque

234 1158 443 1214 convertere.
505 1144 666 1213 Omnibus
699 1144 734 1209 in
764 1144 886 1222 rebus,
919 1141 1068 1222 iudices,
1105 1160 1192 1224 quae
1226 1137 1392 1231 gravioresq

235 1250 446 1337 maioresque
468 1262 563 1328 sunt,
585 1245 664 1330 quid
679 1244 993 1331 quisquevcluerit,
1014 1245 1191 1326 cogitarit,
1214 1240 1367 1312 admiserit
1390 1244 1391 1265 ¹

235 1376 302 1439 non
324 1375 368 1420 ex
388 1353 545 1433 crimine,
566 1351 626 1419 sed
647 1370 690 1418 ex
709 1351 860 1419 moribus
874 1352 964 1430 eius,
986 1351 1042 1434 qui
1057 1349 1232 1432 arguitur,
1252 1358 1367 1428 estpou·
1390 1348 1391 1351 ’

237 1456 433 1539 derandum.
472 1457 590 1539 Neque
612 1455 700 1523 enim
721 1466 833 1538 potest
847 1455 1024 1538 quisquam
1040 1447 1369 1524 noeturnaubitofinqt

236 1582 349 1644 neque
371 1562 568 1645 cuiusquam
597 1570 735 1641 repente
761 1559 830 1624 vita
856 1558 980 1625 mutari
1005 1573 1065 1625 aut
1090 1567 1212 1624 natura
1234 1552 1391 1623 conuerti

179 1668 217 1732 70
238 1664 492 1746 Ci1cumspicite
513 1660 692 1745 paullisper
712 1660 879 1744 mentibus
900 1662 1040 1747 vestris,
1061 1658 1178 1728 utalia
1192 1660 1391 1795 omittamus,

239 1765 372 1835 hosce
364 1788 455 1850 ipsos
476 1764 651 1846 homines,
673 1768 729 1849 qui
749 1763 828 1830 huic
849 1765 960 1833 affines
980 1764 1099 1833 sceleri
1119 1764 1270 1831 fuerunt
1306 1734 1391 1825 Cati-l
1390 1800 1391 1869 ,

238 1869 306 1957 lina
329 1881 448 1941 contra
467 1890 538 1936 rem
560 1868 729 1950 publicam
751 1869 949 1936 coniuravit
1010 1870 1112 1935 Cuius
1133 1888 1234 1935 aures
1256 1881 1368 1946 unquau

238 1971 306 2041 hcc
320 1985 527 2055 ,respuerunt
548 1983 707 2040 conatum
730 1995 804 2043 esse
825 1972 995 2053 bominem
1018 1990 1125 2054 usque
1144 1969 1391 2053 apuentiann,

240 2075 351 2144 solum
379 2077 631 2160 intemperantia
659 2092 693 2144 et
719 2074 863 2162 scelere,
897 2074 957 2144 sed
979 2076 1080 2142 etiarn
1101 2070 1334 2142 consuetudine
1348 2074 1391 2131 ett

240 2180 351 2259 studio
374 2181 519 2248 inomni
538 2180 683 2260 flagitio,
709 2192 850 2261 stupro,
878 2178 980 2246 caede
999 2178 1201 2247 versatum?
1230 2177 1299 2261 quis
1317 2194 1368 2238 eun
1390 2202 1391 2265 ι

240 2299 359 2354 contra
385 2287 535 2378 patriam!
553 2295 761 2367 pugnantem
789 2283 917 2366 perisse
943 2282 1105 2359 miratur,
1139 2275 1243 2366 quem
1270 2268 1391 2358 s'ernpul

241 2412 357 2458 ornnes
385 2389 428 2454 ad'
456 2386 552 2459 civile
573 2387 785 2456 latrocinium
808 2402 924 2454 natum
946 2386 1180 2470 putaverunt?
1216 2386 1295 2477 Quis
1312 2370 1391 2447 Len-3

243 2494 301 2561 tuli
323 2495 501 2563 societates
522 2515 596 2559 curn
619 2492 804 2577 indicibus,
832 2493 905 2575 quis
925 2491 1088 2558 insaniam
1110 2488 1299 2572 libidinum,
1320 2483 1369 2566 quis

159 2664 162 2670 .
242 2619 437 2688 perversam
466 2610 563 2680 atque
591 2598 725 2679 impium
753 2596 952 2677 religionem
978 2594 1196 2672 recordatur,
1228 2595 1280 2678 qui
1305 2587 1370 2656 illun

244 2713 303 2770 aut
321 2701 448 2768 nefarie
476 2703 643 2782 cogitasse
664 2714 722 2768 aut
750 2698 853 2769 stulte
873 2719 1026 2790 sperasse
1047 2699 1218 2783 miretur?
1260 2689 1371 2766 Ouislt

246 2779 282 2875 O.
303 2804 453 2890 Cethego
475 2819 573 2888 atque
595 2807 666 2872 eius
688 2806 721 2870 in
742 2805 935 2887 Hispaniam
964 2802 1175 2884 profectione
1202 2824 1243 2872 ac
1268 2799 1303 2866 de
1323 2790 1371 2860 vol-

244 2932 323 2979 nere
347 2910 389 3001 Q
408 2907 535 2977 Metelli
553 2910 601 2975 Pii
621 2898 764 2988 cogitat,
787 2906 841 2973 eui
864 2930 933 2975 non
953 2904 995 2972 ad
1009 2904 1104 2976 illius
1126 2928 1267 2988 poenam
1287 2916 1370 2968 carcer

184 3021 222 3085 71
245 2992 443 3104 aedificatus*
460 3002 735 3098 esse‘videaturi
777 3011 904 3079 Omitto
927 3023 1078 3091 ceteros,
1099 3032 1141 3086 ne
1161 3013 1208 3078 sit
1228 3008 1370 3077 infinitum·

249 3121 441 3135 ———-

157 3247 159 3250 y
311 3184 322 3245 ι
340 3186 381 3231 69.
398 3187 426 3231 de
442 3201 477 3231 me
494 3184 552 3246 eet]
577 3189 604 3232 de
626 3152 664 3231 mi
684 3188 737 3242 ipso
759 3188 799 3244 qui
815 3190 932 3230 accusatus
949 3199 1027 3237 mam,
1055 3185 1144 3243 aliquid
1160 3184 1237 3228 dicere
1252 3181 1280 3227 P.
1308 3176 1371 3222 (2⁰lm

213 3273 221 3292 “
245 3268 306 3315 (iod.
324 3270 356 3315 H.
375 3271 502 3329 Stephani:
529 3273 557 3316 de
572 3285 608 3315 me
624 3272 712 3330 aliquid
730 3274 752 3314 et
768 3273 795 3315 tle
819 3272 885 3327 ipso,
908 3271 948 3328 qui
964 3268 1084 3314 accusamr
1101 3273 1135 3313 est
1149 3269 1172 3313 d.
1189 3290 1225 3304 -·
1242 3259 1371 3324 cogilffl

245 3358 370 3411 mentesque
393 3360 528 3400 convertere.
567 3356 685 3416 Omnibus]
707 3356 760 3404 Eri.
782 3358 854 3412 cogit.
898 3355 1006 3399 Omnibus
1028 3353 1153 3400 Pcrceusis
1176 3366 1215 3412 pr.
1238 3350 1296 3409 cogi!
1311 3343 1370 3389 Μ’

245 3438 346 3483 babetur.
385 3438 492 3484 Omnibus
509 3440 580 3486 Parc.
604 3442 673 3487 alter.
691 3443 755 3499 cogit
771 3433 862 3485 animas.
901 3439 1008 3484 Omnibus
1026 3436 1097 3491 Bern.
1114 3439 1206 3483 Manui.

315 3521 325 3582 b
343 3522 383 3568 70.
402 3518 469 3580 usque
485 3522 510 3584 ιι]
529 3541 543 3568 o
561 3525 589 3569 1).
609 3523 681 3570 Bern.
701 3551 732 3563 -
748 3524 873 3584 uersatum]
889 3529 1018 3582 morannum
1035 3520 1087 3568 Eri.

317 3599 332 3666 ι’
346 3607 386 3653 71.
405 3621 471 3664 quam
488 3607 578 3668 nostra]
598 3623 663 3666 quam
681 3624 695 3652 ιι
713 3614 792 3653 norma
809 3609 838 3655 P.
856 3634 890 3669 ·'·.
915 3610 962 3652 eius
979 3605 1070 3667 nomen]
1088 3608 1153 3652 buius
1170 3620 1194 3651 a.
1211 3605 1239 3652 P.
1256 3626 1287 3640 -·
1299 3609 1334 3644 ⁸0¹
1345 3602 1370 3635 ⁸¹⁸

247 3679 298 3734 cirta
321 3695 371 3735 arta
386 3680 549 3751 ‘uital'Berm
573 3674 658 3737 Coderl
687 3693 772 3738 Caroli
796 3693 921 3752 Stephani.
946 3693 989 3737 cfr.
1007 3690 1018 3752 b
1035 3692 1076 3737 77.
1112 3689 1229 3751 Reliquae
1245 3692 1302 3735 lectt
1316 3687 1370 3728 ⁰³⁸st⁸

247 3777 277 3819 de
296 3775 486 3834 interpolatione
504 3777 579 3836 magis
596 3786 722 3836 suspectae
740 3785 808 3823 suut:
826 3793 872 3823 noa
888 3793 928 3822 suu
946 3782 1028 3823 nubrru
1045 3791 1073 3821 cc
1090 3779 1137 3821 uita
1153 3776 1226 3821 Pare.
1242 3787 1283 3819 ιιοιι
1297 3771 1370 3813 ΝΜ·

247 3862 340 3907 erreturlo
357 3874 384 3904 oc
400 3862 448 3904 cita
465 3861 550 3919 lanta,
568 3861 666 3911 Arcena.
687 3861 760 3913 1531.
772 3863 866 3909 Manui.
884 3877 930 3906 non
946 3877 987 3907 suo
1003 3864 1058 3906 baec
1080 3864 1126 3906 citu
1145 3861 1229 3907 ch'el.
1247 3882 1278 3896 -
1293 3854 1315 3899 ¹⁷¹⁵
1325 3858 1369 3892 Ψ·

248 3954 294 3988 turn
312 3949 334 3988 et
350 3942 431 4005 armis]
455 3947 478 3989 vi
501 3950 522 3990 ei
546 3948 617 3991 armis
641 3947 724 3992 Lumb.
747 3948 815 3993 Fert.
837 3950 861 3992 ui
878 3951 963 3994 coactis
981 3952 1003 3992 et
1018 3950 1135 4004 armatis,
1165 3953 1190 3992 ut
1208 3960 1254 4006 pro
1269 3937 1333 3988 Ttffi⁰
1346 3926 1368 3975 Η·

248 4028 346 4074 Caecin.
365 4030 411 4083 21,
429 4028 469 4076 59.

315 4197 384 4258 570.
410 4199 505 4253 impium
525 4197 671 4255 religionem]
691 4197 835 4245 eleuarit.
852 4200 883 4254 3,
899 4198 911 4260 l,
926 4202 950 4247 9.
980 4200 1068 4251 Scluat
1093 4213 1115 4246 c.
1137 4199 1178 4245 47.
1222 4230 1224 4233 .

316 4281 328 4341 l,
347 4281 386 4326 71.
405 4282 432 4324 de
453 4280 477 4324 C.
492 4278 600 4338 carrega]
622 4281 720 4327 Videtur
737 4282 760 4326 in
773 4284 916 4341 Hispaniam
934 4285 1057 4344 proiectus
1075 4299 1129 4331 essev
1144 4285 1175 4330 ud
1188 4279 1309 4329 sinaitam
1321 4273 1367 4325 *Ψ*
1390 4270 1391 4273 ¹

251 4366 335 4410 volnus
354 4365 484 4424 aliquando
505 4363 620 4409 inflixisse
638 4366 665 4418 Q.
685 4365 787 4412 Metello
805 4366 860 4412 Pio.
