2850 4759
188 290 230 358 aa
417 236 419 244 ’
658 278 896 351 creunorus

190 469 303 518 mam:
334 467 455 515 corum
484 442 614 513 tabulas
653 441 890 525 exquirebam,
926 439 1065 507 iniurias
1097 436 1364 518 cognoscebam:

172 573 270 639 cum
299 551 426 617 diutius
452 547 486 614 iu
514 546 652 626 negotio
682 564 830 627 curaque
864 544 1013 618 fueram,
1054 552 1093 606 ut
1119 540 1365 622 requiescerem

87 636 91 645 ¹
191 670 376 732 curamque
397 649 496 715 animi
515 649 742 724 remitterem,
777 645 820 711 ad
843 645 1026 727 Carpinatii
1054 643 1249 728 praeclaras
1279 643 1365 708 tabu·

190 752 242 822 las
263 753 480 830 revertebam
511 751 567 817 ubi
590 770 668 816 cnm
698 749 866 831 equitibus
893 747 1077 825 Romanis,
1108 744 1307 814 hominibus
1330 764 1366 808 ex

115 885 117 890 ¹
190 853 249 922 illo
271 865 444 924 conventu
465 851 734 930 honestissime,
758 849 846 916 illius
869 848 1069 935 Verrucios,
1092 847 1279 930 dequibus
1300 859 1367 914 aute

191 957 281 1043 dixi,
317 955 547 1037 explicabam:
593 973 613 1019 a
644 951 867 1034 Syracusanis
899 972 1043 1032 prorsus
1073 949 1157 1016 nihil
1187 948 1368 1016 adiumenti

191 1077 302 1140 neque
328 1056 464 1142 publice
491 1074 602 1139 neque
632 1053 790 1136 privatim
820 1058 1060 1134 expectabam:
1096 1071 1206 1133 neque
1238 1064 1315 1118 erat
1341 1051 1368 1116 in

192 1160 307 1226 animo
329 1156 516 1244 postulare.
546 1158 646 1227 'Cum
669 1155 753 1220 haec
768 1171 931 1234 agerem,
962 1166 1101 1235 repente
1129 1151 1170 1217 ad
1201 1152 1369 1218 mevenit

167 1250 170 1253 ’
192 1258 390 1345 Heraclius,
412 1261 440 1325 is
461 1260 517 1341 qui
540 1268 612 1324 tum
634 1259 873 1338 magistratum
890 1256 1069 1337 Syracusis
1084 1253 1250 1330 habebat,
1272 1252 1368 1318 homo

192 1359 335 1440 nobilis,
357 1362 414 1446 qui
435 1358 597 1428 sacerdos
619 1358 710 1425 loris
733 1358 873 1442 fuisset,
895 1358 951 1439 qui
971 1355 1082 1422 honos
1103 1366 1156 1434 est
1170 1353 1260 1436 apud
1275 1354 1370 1435 Syra·

199 1458 348 1531 cusauos
370 1461 611 1544 amplissimus.
652 1461 736 1540 Agit
757 1481 893 1527 mecum
915 1471 949 1524 ct
970 1458 1172 1523 cumfratre
1193 1476 1295 1533 meo,
1315 1467 1370 1536 ut,

198 1564 228 1632 ei
248 1564 348 1632 uobis
368 1563 557 1641 videretur,
581 1562 751 1630 adiremus
773 1561 815 1629 ad
838 1583 955 1628 corum
977 1573 1152 1627 senatum:
1179 1559 1371 1639 frequentes

196 1682 272 1733 esse
293 1669 327 1732 ln
348 1667 459 1733 curia:
481 1685 519 1732 sc
539 1665 634 1731 iussu
654 1677 796 1732 senatus
817 1665 950 1740 anobis
964 1674 1095 1744 petere,
1116 1671 1155 1725 ut
1168 1660 1370 1729 veniremus
1424 1665 1425 1676 ¹

136 1765 314 1835 138Primo
335 1767 434 1834 nobis
457 1766 526 1837 suit,
543 1765 702 1851 dubium,
725 1766 803 1849 quid
826 1785 1020 1845 ageremus:
1053 1760 1173 1828 deiude
1195 1762 1265 1827 cito
1289 1762 1372 1826 venit

196 1868 231 1937 iu
260 1878 428 1948 mentem,
465 1890 535 1940 nort
563 1888 639 1941 esse
667 1867 844 1938 vitandum
872 1867 967 1935 illum
994 1865 1092 1933 nobis
1118 1872 1326 1935 conventum
1345 1871 1374 1926 et

195 1966 326 2037 locum.
1156 2022 1159 2024 ,

276 2069 385 2137 LXII.
421 2064 540 2154 Itaque
561 2070 745 2139 incuriam
769 2071 937 2140 uenimus.
977 2067 1173 2136 Honorilice
1193 2087 1277 2135 sane
1296 2088 1375 2134 con·

198 2171 372 2251 surgitur:
393 2194 458 2240 nos
473 2185 598 2254 rogatu
614 2176 834 2255 magistratus
850 2170 1051 2239 assedimus.
1092 2169 1216 2252 Incipit
1228 2170 1255 2236 is
1269 2168 1376 2251 loqui,

198 2273 256 2355 qui
278 2285 312 2339 et
333 2274 537 2350 auctoritate
559 2287 594 2342 et
614 2288 725 2341 aetate
741 2287 791 2349 et,
813 2287 852 2340 ut
869 2271 948 2339 mihi
964 2275 1075 2340 visum
1091 2284 1159 2356 est,
1180 2293 1247 2340 usu
1261 2292 1375 2337 rerum

175 2441 177 2447 ,
199 2375 440 2456 antecedebat,
462 2377 635 2444 Diodorus
656 2375 886 2453 Timarchidis
907 2374 1005 2440 cuius
1027 2373 1138 2441 omnis
1160 2373 1271 2439 oratio
1294 2371 1376 2437 hauc

196 2476 317 2543 habuit
338 2478 450 2558 primo
471 2479 691 2545 senteutiam:
713 2489 870 2549 senatum
894 2489 928 2541 et
947 2476 1112 2560 populum
1127 2474 1375 2553 Syracusanum

198 2576 585 2671 molestelgrariterque
605 2580 717 2656 ferre,
752 2579 842 2661 quod
873 2598 957 2662 ego,
995 2599 1075 2643 cum
1098 2578 1130 2643 in
1153 2576 1278 2642 ceter-is
1299 2575 1378 2642 Sici·

115 2723 117 2726 <
199 2680 266 2746 liae
287 2681 476 2749 civitatibus
496 2692 654 2748 senatum
675 2679 907 2762 populumque
929 2679 1141 2755 docuissem,
1164 2676 1247 2759 quid
1261 2678 1302 2744 iis
1317 2675 1377 2742 uti·

199 2782 322 2859 litatis,
356 2782 434 2867 quid
456 2782 776 2857 salutisafferrem,
812 2793 846 2846 et
866 2803 945 2847 cum
968 2782 1008 2847 ab
1031 2781 1187 2847 omnibus
1209 2778 1377 2860 mandata,

200 2883 352 2966 legatos,
384 2884 515 2950 litteras
545 2882 806 2973 testimoniaque
834 2884 1073 2965 sumpsissem,
1104 2883 1139 2948 in
1166 2879 1223 2947 illa
1245 2882 1378 2948 civitate

200 2985 282 3054 nihil
311 2985 479 3056 eiusmodi
510 2985 670 3050 facerem.
711 2983 902 3065 Respondi,
937 3004 1047 3067 neque
1076 2986 1206 3050 Romae
1234 2984 1270 3049 in
1301 3005 1380 3049 con·

201 3100 306 3155 ventu
335 3087 552 3167 Siculorum,
594 3107 673 3152 cum
703 3106 722 3152 a
751 3107 806 3155 me
834 3086 997 3157 auxilium
1026 3087 1199 3155 communi
1228 3087 1380 3156 omnium

204 3250 423 3267 *m

201 3370 294 3432 gistro,
313 3369 438 3430 improbus
456 3367 541 3416 Verris
564 3370 668 3416 assecla.
685 3369 742 3416 Act.
755 3370 783 3424 2,
802 3371 843 3416 70.
877 3371 906 3416 In
924 3371 1013 3418 tabulis
1028 3377 1110 3419 eutem
1128 3371 1198 3418 falsis
1218 3371 1247 3418 C.
1262 3371 1381 3425 Verruci,

123 3514 125 3517 v
202 3455 244 3516 qui
262 3468 384 3514 nunquam
401 3453 425 3499 in
450 3452 512 3501 rivis
534 3453 626 3508 fueret,
652 3454 734 3497 fictum
758 3466 846 3499 nomen
867 3454 950 3502 Verris
968 3455 1059 3502 nomini
1082 3455 1249 3503 substituerat>
1264 3456 1325 3503 ibid.
1343 3456 1381 3500 to.

202 3537 317 3583 Ceterum
335 3537 396 3595 Reg.
415 3535 482 3583 Leid.
508 3536 539 3581 ad
560 3537 722 3592 Carpinatium
735 3538 874 3592 praecurras
891 3539 996 3592 tabulas,
1024 3539 1090 3598 quod
1107 3553 1166 3584 sane
1182 3554 1227 3598 per
1245 3539 1383 3598 appositio·

201 3634 257 3666 nem
280 3619 404 3681 explicari
426 3618 518 3679 nequit.
553 3617 642 3665 Fuitne
669 3618 792 3673 Carpinati
809 3615 896 3679 (genit.
914 3615 1003 3678 antiq.)
1018 3621 1069 3662 iam
1082 3634 1124 3677 pr.
1142 3620 1173 3664 ai
1190 3643 1224 3655 -
1241 3622 1307 3665 illias
1330 3621 1382 3667 Kar·

201 3695 292 3761 rusios]
311 3699 328 3745 i.
346 3714 368 3744 c.
386 3699 566 3758 a-Carpinatio
584 3699 663 3744 lictus.
710 3698 749 3745 Sic
767 3701 865 3759 egregie
882 3700 943 3759 Reg.
963 3700 1030 3746 Leid.
1049 3702 1171 3762 ceterique
1188 3702 1311 3749 meliores.
1330 3705 1383 3748 illos

116 3826 119 3833 .
206 3783 273 3828 Verr.
292 3783 368 3842 Sgult.
386 3777 645 3843 Z.-magislrclum]
673 3796 824 3844 proagorum
842 3783 973 3830 vocabunt.
991 3784 1041 3829 Cfr.
1060 3799 1081 3830 c.
1098 3764 1140 3830 lis.
1158 3787 1277 3842 Syracusis
1294 3788 1336 3830 lex
1353 3789 1384 3828 est

202 3867 231 3911 de
248 3867 378 3922 religione,
407 3880 464 3923 qnae
488 3868 513 3909 in
530 3878 603 3910 aurcos
619 3868 725 3922 singulos
743 3867 808 3911 loom
824 3869 965 3911 sacerdotem
984 3861 1156 3933 (ἆμφίπολσν)
1173 3871 1259 3913 sortito
1277 3872 1334 3925 capi
1351 3870 1384 3912 iu·

203 3948 270 4001 leat,
291 3948 353 4005 quod
369 3949 432 4004 apud
450 3950 505 3993 illos
522 3949 692 4008 amplissimum
708 3951 863 3999 sacerdotium
876 3954 982 4015 putalur.
1008 3951 1063 3996 Act.
1074 3952 1103 4004 2,
1121 3950 1162 4000 at.
1177 3973 1212 3986 -
1225 3948 1320 4013 fratre]
1340 3965 1384 4009 pa·

203 4029 289 4088 tracti,
307 4029 392 4076 Lucio.

271 4135 283 4198 l
306 4137 362 4184 138.
387 4139 509 4184 Diodorus
527 4139 688 4198 Timarchidi]
710 4107 780 4186 filius.
809 4139 847 4184 sic
857 4139 918 4199 neg.
932 4139 999 4185 Leid.
1009 4141 1038 4187 Z.
1056 4139 1129 4184 Diod.
1148 4139 1307 4185 Timarchides
1326 4139 1384 4184 Em.

204 4220 250 4265 Sed
268 4220 378 4267 inaudito
404 4223 478 4269 ruodo
497 4224 546 4267 dno
564 4220 664 4266 nomina
682 4222 779 4269 Graeca
802 4222 837 4268 sic
859 4221 1029 4285 iungerentur,
1054 4221 1105 4268 alia
1127 4220 1192 4271 ratio
1216 4229 1252 4268 est
1278 4222 1385 4268 Cornelii

205 4303 364 4360 Apollodori,
382 4306 491 4363 Pompeii
507 4305 619 4351 Basilisci
637 4309 683 4349 cet.
