2850 4759
147 226 150 237 ’
235 274 294 345 m
564 320 568 328 .
701 270 937 343 cressonis
1042 325 1047 329 .

149 480 153 489 ι
236 434 410 509 audaciam
440 436 524 509 dicis
551 449 620 507 tam
648 434 878 520 impudenter,
909 435 989 516 sed,
1027 437 1104 522 quia
1133 429 1254 505 tantam
1278 457 1376 505 rerum

196 528 200 535 ’
236 541 493 628 repugnantiam
522 560 591 608 son
616 539 723 609 vides.
776 541 867 610 Nihil
892 540 1047 625 proiecto
1074 542 1178 625 sapis.
1228 541 1309 634 Quid
1333 557 1377 608 est

237 648 325 727 enirn
354 645 562 722 dementius,
594 666 712 731 quam,
744 664 822 713 cum
850 644 900 712 rei
926 644 1082 729 publicae
1101 629 1375 730 perniciosarum

178 750 216 816 tt
237 752 309 834 ipse
335 751 482 836 ceperis,
517 749 664 819 obiicere
685 746 788 817 *elteri
815 747 1004 818 salutaria?
1028 746 1090 816 vAt
1121 752 1221 818 etiam
1253 749 1376 834 quodum

237 853 314 923 loco
335 853 465 921 facetus
487 872 561 920 esse
582 850 731 921 voluisti.
774 853 886 944 Quam
906 852 942 920 id
963 865 1012 941 te,
1034 853 1080 920 dii
1101 854 1199 938 boni,
1219 854 1375 922 nondece·

239 958 310 1027 bat!
340 957 378 1029 In
407 978 473 1041 quo
501 969 553 1025 est
580 969 637 1026 tun
664 955 771 1040 culpo
790 955 964 1026 nonnulla.
1014 954 1152 1042 Aliquid
1174 956 1259 1024 euim
1278 954 1377 1023 salisa

239 1064 342 1132 rnima
354 1082 463 1131 uxore
477 1059 611 1128 trabere
626 1061 779 1144 potuisti.
821 1063 1090 1133 esbiornum
1109 1082 1238 1131 roenn-
1277 1059 1376 1152 Quid?

235 1170 311 1235 tlnu
339 1186 455 1235 nonne
483 1164 685 1232 cesserunt'l
725 1167 773 1233 At
801 1177 921 1250 postea
951 1166 1017 1235 tuis
1048 1166 1148 1234 armis
1179 1165 1278 1233 cessit
1304 1176 1376 1243 toga.

237 1269 454 1363 Quaeramus
473 1269 594 1350 igitur,
628 1281 743 1338 utrum
770 1268 891 1338 melius
910 1270 1014 1338 suerit
1032 1268 1181 1338 libertati
1199 1266 1307 1353 populi
1323 1269 1377 1335 lio·

239 1374 329 1442 inani
349 1372 591 1443 sceleratorum
613 1394 726 1454 erma,
759 1395 801 1441 an
821 1371 1011 1451 libertatem
1037 1383 1191 1441 nostram
1213 1375 1307 1442 armis
1324 1372 1375 1438 tuis

239 1477 373 1546 cedere.
412 1476 485 1545 Nec
510 1498 592 1545 vero
618 1470 676 1545 tibi
701 1476 746 1545 de
772 1476 925 1545 versibus
950 1475 1048 1560 plura
1067 1476 1296 1561 respondebo;
1321 1488 1375 1543 uu

240 1594 312 1649 tum
335 1578 443 1649 dicam
466 1580 614 1648 breviter
635 1593 668 1649 te
688 1602 796 1666 neque
815 1578 892 1651 allos
912 1600 1022 1664 neque
1041 1578 1129 1650 ullas
1155 1578 1291 1651 omnino
1306 1578 1375 1646 litte·

238 1706 295 1754 ras
317 1705 433 1753 nosse:
455 1704 510 1752 me
529 1704 593 1753 nec
613 1684 661 1751 rei
681 1683 834 1768 publicae
853 1704 917 1752 uec
936 1685 1053 1752 ann'cis
1075 1706 1224 1770 unquam
1245 1674 1375 1765 defuisse,

136 1854 138 1859 .
241 1801 275 1857 et
301 1800 413 1857 tamen
440 1789 533 1856 omni
559 1800 1005 1871 generemonumentorum
1038 1786 1195 1877 meorum
1208 1787 1374 1873 meriscissc

239 1891 351 1973 operis
372 1890 578 1974 subsecivis,
598 1903 637 1960 ut
657 1912 754 1963 meae
773 1890 906 1974 vigiliae
920 1891 1228 1976 meaequslittesae
1243 1893 1375 1981 etiuqen·

241 1996 305 2064 tuti
335 1993 488 2064 utilitatis
524 2008 558 2064 et
588 1996 718 2064 nomini
749 1998 903 2065 Romano
937 1996 1046 2067 landis
1077 1994 1203 2081 aliquid
1234 1997 1373 2064 afferrent.

240 2097 304 2168 set
328 2098 412 2169 haec
435 2123 504 2171 nun
527 2098 627 2170 buius
652 2101 830 2185 temporis:
850 2101 982 2169 maiora
999 2101 1191 2170 videamus,

181 2204 219 2269 tl
318 2206 381 2274 lx.
424 2204 470 2274 P,
492 2202 648 2272 Clodium
672 2226 749 2273 meo
774 2202 915 2272 consilio
938 2204 1155 2276 interfectum
1175 2226 1255 2274 esse
1278 2201 1374 2272 dixisti.

243 2305 414 2398 Quidnam
440 2307 594 2378 homines
621 2319 796 2397 putarent,
830 2309 859 2378 si
880 2322 952 2378 turn
976 2311 1110 2378 occisus
1129 2323 1241 2389 esset,
1271 2332 1337 2376 curn
1352 2318 1377 2371 tn

240 2408 391 2479 illumin
413 2411 511 2493 foro,
541 2414 752 2496 inspectante
776 2404 1108 2496 populo'llolunno,
1142 2411 1258 2495 gladio
1285 2411 1377 2481 stricto

242 2514 413 2584 insecutus
434 2537 470 2583 es
488 2517 729 2600 negotiumque
747 2517 991 2599 transegissent
1020 2518 1084 2586 nisi
1103 2537 1141 2586 se
1161 2515 1218 2584 ille
1242 2519 1277 2585 in
1296 2511 1378 2586 scalas

243 2614 400 2685 tabernae
423 2616 578 2687 librariae
601 2621 802 2689 coniecisset
818 2620 927 2702 iisque
947 2618 1104 2704 oppilatis
1120 2622 1286 2705 mpetum
1306 2624 1378 2688 nun

244 2721 527 2803 conpressisset
562 2722 665 2815 Quod
695 2721 830 2807 quidem
858 2742 922 2806 ego
953 2725 1081 2795 favisse
1114 2746 1169 2794 mo
1201 2720 1376 2795 tibt‘fncu.

243 2823 390 2893 suasisse
412 2846 455 2892 ne
483 2838 520 2893 tu
544 2826 680 2910 quidem
704 2826 798 2922 dicis.
853 2831 901 2896 llt
923 2827 1047 2897 Miloni
1065 2850 1108 2896 ne
1131 2825 1378 2915 fererclqsidca

242 2927 347 3011 potui.
387 2928 488 2997 Prius
503 2928 590 2997 euim
604 2950 678 2998 rem
694 2931 874 3015 transegit,
895 2956 995 3016 quam
1010 2934 1187 3017 quisquam
1202 2954 1282 3007 cerm
1292 2933 1377 3003 inlu·

129 3033 136 3045 ’
243 3056 319 3101 rum
340 3033 373 3100 id
391 3033 635 3118 suspicaretur.
673 3038 722 3104 At
740 3057 803 3118 ego
823 3038 928 3131 suasi.
968 3034 1104 3109 Scilicet
1128 3037 1156 3106 is
1176 3037 1307 3107 animes
1325 3041 1378 3101 crat

243 3237 358 3285 accierat.
391 3236 422 3282 In
439 3234 561 3296 Inscripti.
579 3218 742 3283 memorentur
759 3248 834 3296 usqne
850 3236 882 3282 ad
893 3242 949 3289 ,tres
959 3234 1113 3285 itte-aeorum
1130 3233 1376 3297 conone-pis·-

243 3325 315 3370 or'dcr.
349 3318 434 3386 Nicer]
459 3319 531 3367 Bern.
549 3335 565 3367 a
582 3334 630 3366 sec.
647 3334 678 3366 m.
696 3321 793 3366 firmans
809 3319 868 3367 Em.
884 3320 948 3367 coni.
965 3320 1074 3383 Miser.
1092 3321 1196 3381 Opuscc.
1211 3323 1287 3383 aeq.
1300 3335 1323 3381 p,
1336 3311 1376 3362 ill

243 3407 439 3467 quio-wideris.
474 3406 542 3452 Nini!
564 3404 644 3452 Vatic.
666 3400 853 3465 quinoidiac,
878 3407 937 3451 sitit
958 3405 990 3453 0.
1012 3420 1066 3453 cuin
1088 3405 1159 3453 Besn.
1183 3421 1201 3452 a
1216 3421 1257 3469 pr.
1273 3419 1304 3452 ιι.
1319 3395 1376 3449 Μ

245 3489 330 3538 Bamb.

312 3598 323 3661 l
340 3600 383 3650 20.
401 3615 416 3646 a
432 3601 503 3646 mimo
519 3599 603 3660 neore]
620 3614 636 3646 a
654 3598 797 3660 Cytheride,
825 3599 919 3646 famosa
936 3572 1000 3647 illins
1016 3599 1133 3660 temporis
1149 3599 1236 3658 mima,
1262 3608 1328 3662 qua!
1338 3580 1376 3640 Μ’

245 3682 371 3751 εἰρωνείαν
387 3684 438 3732 eius
455 3697 558 3732 uxorem
575 3684 640 3732 dicit.
652 3710 686 3723 -
700 3684 786 3730 Cedant
800 3699 866 3729 anca
883 3684 964 3748 rogae]
983 3687 1092 3731 concedet
1102 3687 1180 3731 buren
1191 3685 1285 3742 liuguae
1294 3696 1311 3729 s.
1321 3674 1376 3724 lali,

191 3782 196 3789 ·
246 3767 376 3816 versiculus
393 3784 407 3816 e
424 3768 475 3816 Cic.
492 3770 621 3830 poimete,
646 3771 711 3831 quod
731 3768 877 3814 mentone
897 3766 1032 3826 inscripsit,
1057 3773 1161 3827 propter
1176 3779 1247 3828 quem
1264 3757 1376 3815 verdei-

228 3862 319 3915 'sscpe
336 3853 417 3901 irrisus
434 3860 477 3902 est.

312 3961 383 4026 521.
407 3977 457 4009 cum
479 3967 504 4009 tc
527 3964 593 4009 illum
614 3961 671 4026 cet]
690 3963 750 4011 Cum
768 3961 835 4024 prius
850 3946 882 4012 Ρ.
901 3959 981 4008 Clodii
998 3959 1090 4007 amicus
1105 3959 1202 4014 fuisset,
1230 3962 1325 4020 propiet
1337 3946 1375 3996 Η·

246 4049 311 4096 viam
328 4049 435 4095 maxime
453 4047 476 4095 ei
492 4047 591 4096 infestus
607 4048 701 4097 videtur
718 4051 796 4096 factus
813 4062 877 4104 esse,
894 4046 958 4093 adeo
974 4051 1000 4092 ut
1017 4059 1042 4091 a.
1060 4059 1082 4091 ιι.
1100 4043 1192 4091 αἵθΙ.
1207 4056 1261 4090 enm
1271 4037 1374 4089 mrem·

186 4182 190 4195 ,
247 4140 388 4188 conaretur,
415 4133 439 4180 id
456 4135 522 4195 quod
539 4148 562 4180 a.
581 4133 718 4197 insequente
735 4140 862 4181 exsecutus
885 4138 922 4180 est
937 4130 967 4177 Τ.
984 4129 1076 4177 Annius
1092 4128 1163 4175 Milo.
1180 4154 1214 4167 -
1233 4127 1297 4182 Quod
1309 4117 1373 4183 μ’

142 4214 145 4219 “
246 4232 290 4275 ego
302 4216 403 4278 secisse]
421 4218 478 4265 Vat.
496 4219 539 4264 Sed
555 4221 629 4276 quid?
646 4235 689 4278 ego
700 4219 726 4279 f.
760 4217 904 4267 Beru..Eru.
919 4217 980 4272 Quid
988 4214 1068 4274 'ergcl
1078 4213 1172 4273 fouisse
1188 4213 1243 4259 Rau
1258 4203 1372 4258 tter-11⁸

248 4301 301 4350 Cic.
321 4303 405 4359 pr2b.
423 4301 578 4361 -‘Proptcr
599 4301 678 4352 Codd.
706 4302 893 4361 discrepantiam
916 4300 1053 4363 Madvigius
1075 4300 1182 4347 marolis
1198 4308 1266 4358 qaum
1285 4292 1372 4356 Μ

243 4381 362 4439 sucturum
379 4387 539 4444 suspicaretur.
573 4386 663 4435 Nostrn
680 4385 855 4434 lectiunititur
871 4386 1002 4434 Vaticano.
1223 4388 1224 4391 ’
