2850 4759
198 279 257 356 ton
677 274 917 344 CICERONIS

136 443 176 508 14
199 436 293 534 Quid
313 437 426 508 vcro?
460 456 586 520 nuper,
618 455 697 504 cum
720 447 833 504 morte
854 432 1042 517 superioris
1064 438 1184 506 uxoris
1205 437 1298 505 aroris
1315 460 1366 505 nu·

196 545 276 630 ptiis
298 541 440 610 domum
462 539 733 620 vacuefecisses,
756 560 869 607 norrnc
890 538 992 608 etiam
1014 537 1080 607 alio
1101 540 1288 610 incredibili
1305 564 1365 611 sce·

195 646 267 715 lere
289 644 355 714 hoc
377 642 490 714 scelus
513 642 724 711 cumulastis
751 640 843 725 quod
865 662 929 723 ego
951 637 1211 725 praetermitto,
1234 656 1268 709 et
1286 642 1367 710 facile

195 751 309 833 patior
330 747 440 829 sileri,·
460 769 503 815 ne
525 748 557 814 iu
579 747 644 840 lrac
665 747 802 814 civitate
825 747 909 813 tanti
929 746 1092 815 facinoris
1114 748 1305 813 immanitas
1323 756 1366 812 aut

196 852 370 921 exstitisse
392 846 538 919 autnon
562 850 732 920 vindicata
754 870 830 918 esse
850 848 1017 940 videatur.
1060 852 1299 918 Praetermitto
1313 850 1366 918 rui·
1411 851 1414 866 '

194 977 256 1026 nas
287 956 504 1022 fortunarum
537 966 693 1033 tuarum,
729 974 813 1036 quas
845 974 964 1021 onrrres
994 953 1191 1037 impendere
1221 956 1366 1045 tibi-pro·

195 1060 298 1127 xirnis
327 1059 440 1127 ldibus
467 1059 610 1128 senties:
646 1056 688 1125 ad
716 1055 773 1125 illa
801 1059 922 1144 verrio,
954 1080 1039 1141 quae
1061 1081 1130 1124 nou
1152 1058 1194 1124 ad
1217 1060 1367 1140 privatam

194 1163 416 1243 ignominiam
438 1163 597 1229 vitiorum
622 1172 779 1239 tuorum,
801 1183 870 1227 nou
893 1159 935 1225 ad
957 1160 1181 1227 domesticam
1206 1174 1299 1229 tuam
1318 1157 1367 1226 dis·

196 1265 384 1333 fieultatem
406 1287 447 1332 ac
470 1262 733 1347 turpitudinem,
766 1261 827 1331 sed
854 1261 896 1329 ad
918 1282 1090 1330 summam
1117 1287 1190 1330 reru
1214 1264 1366 1347 publicam

135 1380 174 1442 15
197 1382 297 1453 atque
320 1368 362 1435 ad
384 1368 537 1436 omnium
560 1363 717 1434 nostrum
742 1367 849 1433 vitam
868 1363 1280 1450 salutemquepertiuent.
1317 1369 1368 1434 Po·

197 1469 308 1538 testue'
331 1472 388 1538 tili
411 1470 495 1537 haec
515 1469 594 1556 lux,
631 1467 794 1546 Catilina,
828 1480 887 1535 aut
913 1467 1011 1539 huius
1040 1470 1124 1537 caeli
1146 1473 1290 1553 spiritus
1308 1492 1368 1540 esse

195 1575 384 1650 iucundus,
419 1581 498 1640 cum
527 1574 613 1640 scias
640 1570 766 1638 horum
798 1594 873 1641 esse
895 1574 1086 1651 neminem,
1122 1575 1178 1655 qui
1201 1575 1369 1650 nesciatis

196 1676 307 1759 pridie·
327 1676 500 1744 Kalendas
524 1677 697 1744 lanuarias
712 1675 842 1759 Lepido
864 1689 898 1744 et
917 1676 1018 1744 Tullo
1037 1675 1234 1745 coasulibus
1250 1677 1369 1746 stetisse

196 1781 231 1846 iu
254 1781 394 1848 comitio
417 1801 496 1845 cum
522 1777 617 1848 [etot
652 1801 793 1846 uranum
821 1779 1003 1847 consulum
1033 1793 1067 1846 et
1088 1781 1282 1863 principum
1304 1780 1370 1847 civi·

197 1883 274 1950 tatis
296 1883 611 1950 interficiendorum
633 1903 739 1948 causa
760 1873 1105 1963 paravisseaseeteri
1127 1906 1168 1949 ac
1190 1885 1301 1951 furori
1322 1897 1368 1951 tuo
1415 1951 1417 1954 .

193 2009 262 2053 uon
285 1998 433 2052 mentem
457 1985 603 2067 aliquam
627 1997 686 2050 aut
708 1986 865 2051 timorem
879 1997 1004 2065 duum,
1040 1974 1099 2052 sed
1121 1987 1299 2054 fortunam
1320 2010 1370 2070 po·

192 2088 262 2171 puli
280 2091 422 2156 Romani
446 2088 646 2155 obstitisset>
669 2088 807 2153 liciam
829 2085 885 2153 illa
909 2091 1029 2160 omitto
1052 2094 1177 2171 (neque
1198 2093 1288 2157 euim
1304 2101 1369 2159 sunt

137 2237 141 2246 .
192 2204 254 2257 aut
275 2193 422 2258 obscura
444 2205 501 2257 arat
525 2214 592 2257 non
615 2189 722 2257 multa
745 2202 824 2271 post
846 2193 1061 2268 contraissalt
1088 2195 1248 2275 quotiens
1273 2207 1306 2260 tu
1326 2213 1370 2259 me

193 2292 429 2374 designatum,
452 2295 609 2377 quotieus
631 2291 809 2361 consulem
831 2294 1024 2360 interlicere
1046 2306 1192 2363 conatus
1208 2296 1273 2369 es!
1299 2304 1370 2379 quot

193 2422 422 2440 -lu--n-——nnn

259 2506 270 2568 ᾗ
286 2508 326 2557 ll.
343 2506 602 2569 varuesoeisrerlTRP.
612 2497 809 2567 vacuamfecisaer
819 2508 899 2555 Codd.
908 2510 996 2569 volgg.
1004 2534 1039 2546 -
1048 2523 1098 2556 om.
1106 2511 1174 2554 sileri
1182 2509 1212 2556 T.
1225 2508 1286 2570 (uon
1296 2507 1336 2569 a.)
1344 2531 1370 2546 -
1415 2537 1416 2540 =

186 2594 310 2649 proximis
328 2592 371 2637 lidi
389 2592 531 2638 Arusianus.
545 2614 579 2628 -
593 2603 705 2638 rmnmarn
722 2608 772 2644 rem
787 2592 916 2656 publicam]
934 2594 964 2642 T.
982 2595 1014 2656 (r.
1028 2608 1056 2652 p.
1074 2594 1138 2655 (sic)v
1149 2590 1194 2655 ll.)
1212 2594 1369 2639 summonui-

187 2675 297 2733 puhlicne
314 2674 373 2720 Ern.

261 2782 272 2844 i
288 2783 326 2829 ta.
342 2785 398 2829 naec
413 2780 545 2847 tunultu.
559 2786 626 2830 liuius
639 2786 749 2830 vitaelun
759 2785 949 2831 tim-noram
962 2781 1018 2844 aare]
1032 2797 1079 2827 esre
1088 2785 1171 2830 luorum
1179 2784 1209 2830 lt.
1218 2783 1369 2829 iorurnT.-

191 2872 212 2914 le
230 2868 269 2914 II.
294 2869 350 2913 Kal.
369 2869 477 2914 Ianuarii
490 2870 519 2915 R.
538 2897 567 2932 ·f·
587 2870 675 2913 stetisse
693 2872 788 2915 cornilio
806 2870 836 2918 Τ.
855 2869 916 2930 (nou
934 2868 978 2930 R.)
998 2895 1030 2906 -
1054 2853 1161 2913 timorem
1180 2868 1254 2929 tunm]
1273 2871 1368 2913 timoren

189 2953 221 2999 R.
240 2956 300 3013 (upa
319 2949 359 3014 T.)
378 2973 413 2994 0-
428 2952 553 3010 jortnnam
567 2954 654 3011 populi
671 2953 730 3015 Ra]
749 2953 824 2999 TRP.
836 2953 900 3012 fort.
918 2956 955 2998 rei
967 2954 1077 3011 publicae
1093 2952 1153 2998 Era.
1172 2979 1205 2990 -
1223 2952 1305 3013 multa]
1322 2951 1368 2996 TR.

189 3039 263 3090 mullo
284 3037 343 3083 Era.
367 3063 398 3075 -
420 3040 542 3083 commissa
561 3042 645 3095 postea
666 3036 720 3084 ΤΒ.
761 3038 882 3099 (Videtur
905 3042 987 3082 tamea
1012 3038 1044 3082 ab
1066 3027 1202 3095 interprete
1226 3038 1369 3098 profectum

133 3167 137 3172 ,
190 3105 284 3179 recepit
302 3121 455 3183 Steinmetz.)
473 3107 635 3180 ..squatina
658 3126 682 3166 tu
706 3123 851 3179 designatum
874 3124 989 3166 consulem
1014 3120 1142 3177 interficere
1160 3123 1255 3165 voluisti
1272 3118 1327 3180 (sie)
1342 3118 1368 3163 il.

190 3208 295 3263 quotiens
312 3210 336 3250 tu
354 3221 389 3251 me
407 3209 565 3263 designatum,
593 3208 698 3264 quotiens
722 3219 778 3250 vero
802 3205 918 3250 conantem
942 3208 958 3252 i.
977 3210 1071 3250 conatur
1089 3220 1113 3249 es
1130 3204 1160 3249 T.
1181 3230 1211 3242 —-
1233 3219 1300 3261 posse
1318 3199 1368 3260 uon]

188 3286 265 3334 TltP.
282 3302 328 3333 uon
343 3304 412 3347 posse
429 3290 487 3336 Em.
500 3315 534 3333 -.-
545 3292 606 3336 nillil
621 3283 690 3353 agir]
709 3291 765 3336 Om.
784 3290 846 3336 liaeo
863 3304 917 3337 eum
935 3290 991 3337 aliie
1008 3289 1038 3335 T.
1050 3314 1084 3326 -
1099 3290 1160 3334 ninii
1177 3292 1271 3334 moliris
1289 3288 1367 3335 helem

192 3392 251 3404 ...n-

258 3484 269 3550 ᾗ
291 3485 329 3531 14.
348 3488 397 3532 a'io
416 3459 548 3533 Ιἑηοηιὶὶὺῖὶἱ
564 3486 660 3548 scelere]
680 3488 729 3533 Sal.
748 3502 771 3536 c.
786 3486 825 3533 15.
857 3485 986 3533 'Postremo
1003 3493 1083 3544 captus
1102 3502 1182 3531 amore
1194 3488 1304 3533 Aureliae
1317 3485 1366 3531 On·

188 3569 278 3618 stillae,
303 3570 385 3625 quoius
398 3573 494 3626 praeter
506 3567 614 3626 formum
632 3570 692 3612 nillil
709 3583 808 3628 unquam
826 3571 898 3615 dorius
915 3573 1032 3624 laudauit,
1055 3574 1117 3630 quod
1134 3586 1160 3615 ea
1180 3573 1263 3617 nubere
1280 3574 1315 3617 illi
1329 3570 1366 3614 dn·

188 3652 290 3705 ditabat,
319 3653 403 3695 timens
420 3653 559 3710 priuignum
582 3651 686 3694 adultum
709 3658 798 3707 aetate,
822 3669 872 3711 pro
895 3659 958 3699 cerlo
983 3656 1085 3699 creditur
1110 3660 1191 3699 necato
1206 3657 1266 3714 filio
1284 3667 1366 3700 vacuarat

188 3738 281 3781 domum
298 3726 407 3778 scelestis
418 3738 504 3791 nuptiis
514 3733 610 3793 secisse.
651 3735 713 3788 Quae
731 3739 821 3794 quidem
839 3752 876 3782 res
894 3740 953 3783 milri
970 3741 994 3783 in
1009 3740 1096 3796 primis
1111 3741 1202 3785 videtur
1221 3754 1288 3785 eausa
1299 3738 1366 3798 frua

180 3818 305 3877 facinoris
322 3819 465 3863 maturandi.
501 3818 539 3865 De
557 3818 660 3879 coniuge
679 3826 767 3866 necata
785 3822 847 3867 nihil
865 3822 941 3868 tradit
958 3822 1083 3870 Salustius.

257 3922 269 3986 ᾗ
290 3924 329 3974 15.
347 3926 439 3982 Lepido
457 3930 480 3970 et
499 3926 581 3986 Tullo]
607 3927 650 3973 M'.
676 3927 796 3977 Aemilius
820 3931 927 3992 Lepidus
949 3936 974 3978 et
996 3933 1024 3978 L.
1049 3931 1180 3979 Volcatius
1204 3934 1291 3981 Tullus
1310 3945 1364 3978 con·

187 4023 212 4054 a.
230 4022 254 4054 u.
271 4022 293 4053 c.
312 4010 371 4057 688.
392 4009 462 4056 Varr.
497 4012 559 4058 Rem
577 4018 662 4059 narrat
680 4014 730 4060 Sal.
748 4026 771 4061 c.
792 4016 831 4060 18.
870 4016 926 4061 Cam
952 4015 996 4062 Cn(
1016 4018 1105 4061 Pisone
1128 4017 1230 4063 Catilina
1248 4023 1271 4063 et
1286 4018 1363 4063 Ama

167 4091 239 4138 ‘nius
256 4095 355 4139 contritio
374 4097 542 4142 communicato
556 4098 676 4155 parabant
693 4100 718 4143 in
737 4098 855 4160 Capitolio
872 4101 929 4145 Kal.
947 4100 1068 4145 Ianuariis
1089 4100 1128 4162 (a.
1146 4100 1217 4163 689.)
1235 4104 1265 4150 L.
1285 4103 1363 4148 Colla*

186 4182 209 4222 et
226 4180 255 4225 1).
276 4180 418 4238 Torquatum
435 4191 493 4226 coss.
513 4182 649 4240 interficere.
685 4184 738 4229 Cle.
761 4185 832 4231 Orat.
859 4184 883 4230 iu
908 4190 968 4244 toga
987 4186 1092 4232 candida
1109 4186 1133 4232 iu
1151 4185 1247 4233 Baiteri
1263 4181 1363 4235 Asconii}

187 4275 213 4319 p.
231 4263 274 4308 93.
309 4265 436 4309 Praetereo
459 4264 665 4335 illumnesarium
687 4270 794 4310 conatum
815 4271 878 4313 tuum
903 4273 926 4312 el
939 4283 1014 4325 paene
1032 4255 1138 4326 acerbam
1155 4275 1179 4314 et
1195 4272 1316 4316 metrorum
1330 4266 1362 4311 πὶ

184 4346 386 4407 publicantium,
403 4362 454 4394 eum
473 4349 513 4395 Gn.
526 4349 614 4396 Pisone
631 4349 695 4396 rocio
713 4362 783 4409 neque
800 4354 849 4405 alio
867 4353 955 4397 nemine
973 4354 1064 4399 caedem
1082 4355 1221 4413 optimatum
1230 4353 1311 4415 facere
1326 4361 1361 4396 νο·
