2850 4759
238 297 406 368 ouurro
431 296 514 365 ruo
535 296 570 364 r.
592 254 749 377 sutus,
772 320 803 366 c.
825 302 864 365 u
884 310 917 409 et
935 303 985 367 aa.
1133 304 1191 367 au

36 462 195 545 suspici03
214 481 303 528 noua
326 458 489 542 quaedam
515 458 571 525 illa
591 460 781 527 inmunitas
806 470 928 527 exorta
949 471 1017 542 este
1047 461 1191 528 incredi-

34 565 98 634 bilis
117 566 187 632 *fuit
210 586 250 630 ao
275 562 455 644 singularis
480 563 595 641 luror‘,
616 584 659 629 ert
678 562 793 631 multis
812 565 852 630 ab
873 562 1098 632 adolescentia
1119 564 1190 633 col·
1261 634 1263 641 ,

30 669 117 736 lectis
145 668 355 752 perditorum
380 665 555 733 hominum
582 667 671 734 vitiis
695 678 833 749 repente
858 677 951 734 tauta
974 669 1039 735 ista
1063 671 1189 751 impor-
1227 698 1231 707 ·

30 774 146 843 tunitas
167 773 307 840 inauditi
329 769 468 839 sceleris
492 771 629 838 exarsit
681 769 812 846 Nolite,
841 769 987 848 iudices,
1018 771 1187 855 arbitrari,
1209 767 1248 831 76

30 875 197 943 hominum
225 874 322 942 illum
349 875 511 957 impetum
549 884 582 939 et
608 885 767 940 conatum
803 875 930 943 fuisse:
967 877 1188 958 nequeenim

29 979 90 1047 ulla
114 1001 199 1063 gens
229 993 297 1046 tam
328 979 470 1045 barbara
493 989 552 1043 aut
582 990 648 1044 tam
678 978 835 1044 immanis
859 999 1006 1061 unquam
1037 980 1120 1056 fuit,
1153 981 1189 1049 iu

30 1105 85 1166 qua
112 1074 311 1151 uou‘modo
341 1093 409 1159 tot,
443 1079 503 1148 sed
532 1101 617 1146 uirus
645 1092 712 1148 tam
742 1079 888 1149 crrrdelis
920 1079 1028 1150 hostis
1058 1084 1188 1165 patriae
1287 1080 1289 1087 ’

29 1188 65 1254 sit
82 1187 249 1253 iuventus.
310 1182 434 1252 Beluae
460 1182 623 1266 quaedam
651 1181 727 1251 illae
755 1205 799 1251 ex
826 1190 989 1266 portentis
1021 1185 1187 1253 immanes

29 1289 191 1363 colerae,
222 1288 334 1355 forma
361 1286 533 1353 homiuum
561 1288 714 1366 indutae,
747 1289 961 1356 exstiterunt.
1002 1288 1187 1371 Perspicite

30 1394 119 1460 etiam
144 1404 246 1475 atque
270 1393 390 1471 etiam,
413 1390 559 1467 ttidtoeu
578 1426 616 1441 -
635 1389 717 1459 nibil
741 1393 829 1458 enim
858 1403 927 1471 est,
948 1390 1038 1475 quod
1061 1391 1096 1459 in
1123 1390 1188 1458 hac

31 1516 121 1564 causa
145 1497 211 1563 dici
237 1495 345 1579 possit
371 1492 620 1570 vehementius,
639 1529 680 1541 -
708 1496 843 1578 penitus
866 1496 1075 1578 introspicite
1097 1495 1187 1562 (iati-

30 1596 124 1678 liuae,
137 1599 316 1685 Autronii,
332 1596 489 1678 Cethegi,
504 1595 636 1664 Lentuli
650 1610 912 1682 oeterorumque
925 1610 1067 1666 mentes.
1091 1597 1186 1689 Quas

30 1723 82 1772 tos
103 1705 138 1772 in
162 1703 216 1770 his
239 1701 410 1778 libidines,
432 1721 517 1784 quae
545 1700 686 1787 flagitia,
710 1723 793 1785 quas
819 1701 1059 1789 turpitudiues,
1081 1723 1186 1785 quan-

32 1819 72 1874 tas
94 1807 271 1890 audacias,
307 1826 404 1889 quam
431 1802 642 1872 incredibiles
668 1805 822 1885 furores,
858 1826 940 1889 quas
962 1818 1061 1874 notas
1080 1803 1188 1872 scele-

31 1932 110 1986 rum,
132 1932 219 1994 quae
237 1909 358 1977 indicia
378 1908 653 1991 parricidiorum,
675 1921 818 1991 quantos
838 1930 979 1977 acervos
995 1909 1185 1976 facinorum

30 2014 206 2095 reperietis!
259 2013 315 2080 Ex
342 2013 471 2093 magnis
500 2023 533 2077 et
569 2011 735 2078 diuturnis
765 2024 799 2077 et
833 2012 899 2077 iam
925 2011 1110 2093 desperatis
1135 2011 1186 2078 rei
1287 2014 1293 2023 “

32 2115 319 2197 publieaemorbie
342 2115 406 2181 ista
431 2119 640 2196 reponeris
663 2117 877 2196 erupit,·ut,
909 2134 948 2180 ea
973 2115 1129 2180 conlecta
1152 2126 1187 2180 et

33 2216 134 2299 eiecta,
152 2217 391 2286 convalescere
407 2216 585 2300 aliquamlo
604 2229 637 2284 et
651 2219 763 2287 sanari
782 2219 900 2284 civitas
917 2230 1045 2300 posset.
1066 2218 1186 2301 Neque

34 2324 106 2389 euim
123 2337 175 2391 est
196 2322 391 2405 quisquam,
413 2322 468 2403 qui
489 2322 688 2398 arbitretur,
710 2318 773 2386 illis
789 2319 928 2387 inclusis
948 2322 982 2387 in
998 2342 1035 2387 re
1051 2319 1186 2405 publica

32 2428 182 2511 pestibus,
220 2425 345 2491 diutius
373 2422 456 2490 baec
483 2436 574 2489 stare
602 2423 765 2506 potuisse.
817 2422 934 2506 ltaque
962 2444 1019 2490 eos
1047 2447 1115 2495 nou
1142 2424 1185 2490 ad

32 2528 258 2609 perficiendum
295 2518 426 2600 scelus,
457 2526 516 2594 sed
549 2526 591 2593 ad
620 2526 761 2593 luendas
792 2528 842 2594 rei
875 2526 1027 2609 publicae
1058 2549 1185 2611 poenas

32 2629 134 2700 Furiae
165 2630 331 2717 quaedam
357 2632 592 2701 incitaverunt.
641 2630 679 2696 ln
707 2630 797 2697 burro
824 2632 926 2711 igitur
951 2650 1090 2713 gregem
1122 2653 1185 2700 vos
1206 2627 1246 2691 77

33 2755 108 2802 ntruc
128 2738 162 2804 Ρ.
179 2734 330 2817 Sullam,
346 2733 493 2820 iudices,
517 2754 560 2800 ex
580 2733 652 2816 his,
674 2734 730 2817 qui
755 2756 833 2801 citur
855 2734 920 2802 lroo
944 2736 1063 2804 vivunt
1077 2746 1187 2819 'atque

33 2839 193 2917 vixerunt,
216 2839 533 2908 horreatissimorum
557 2830 730 2905 homiuum
756 2837 914 2918 gregibus
936 2838 1121 2906 reiicietisi
1142 2861 1186 2907 ex

34 2937 281 3012 hoc‘homiuum
306 2965 471 3020 nurnero,
494 2963 541 3008 ex
561 2940 624 3008 hac
645 2939 802 3008 Familiam
824 2938 985 3019 dignitate
1008 2943 1042 3017 jn
1065 2943 1187 3025 impio·
1271 2936 1273 2942 ⁸

34 3065 97 3116 rum
129 3061 261 3130 partem
292 3060 393 3129 atque
423 3045 460 3111 iu
490 3044 733 3127 parricidarum
763 3031 908 3110 coetum*
929 3064 968 3110 ac
1004 3066 1185 3112 numerum

34 3150 258 3218 transferatis?
289 3149 354 3221 Ubi
391 3150 455 3214 erit
483 3148 585 3228 igitur
615 3145 696 3213 illud
724 3146 949 3213 fortissimum
978 3148 1185 3230 praesidium

33 3251 183 3330 puderet>
219 3276 284 3337 quo
310 3253 342 3318 iu
367 3250 442 3318 loco
468 3251 562 3317 uobis
588 3263 656 3316 vrta
680 3261 758 3316 ante
785 3262 859 3315 acta
883 3248 1061 3333 proderit?
1095 3253 1186 3335 quod

29 3351 66 3418 ad
89 3369 217 3440 tempus
243 3355 500 3423 existimationis
527 3365 643 3435 partae
669 3355 802 3421 ferretus
827 3354 1073 3439 reservabitur,
1094 3358 1122 3423 si
1149 3357 1185 3424 in
1227 3407 1229 3410 ι

35 3470 170 3528 extremo
193 3455 385 3527 discrimine
406 3478 445 3524 ac
470 3457 860 3527 dimicationefortuuae
882 3457 1031 3540 deseret,
1062 3459 1092 3526 'si
1115 3482 1184 3526 non

35 3560 144 3638 aderit,
171 3565 199 3631 si
222 3563 301 3631 nibil
324 3562 521 3629 atttuvabitt

97 3666 258 3736 XXVlll.
289 3667 527 3759 ›Quaestioucs
550 3665 647 3733 uobis
668 3686 846 3739 servorum
872 3688 911 3733 ac
935 3679 1102 3734 tormenta
1129 3687 1184 3736 ac·
1205 3669 1244 3731 ts

35 3830 242 3851 Ἢ

44 3986 47 3995 ,
90 3933 100 3997 l
122 3939 160 3986 76.
180 3922 219 3985 red
238 3938 305 4002 unua]
325 3941 365 3985 sed
383 3954 422 3984 nec
445 3953 500 3984 uuus
518 3938 548 3985 P⁴
567 3966 598 3978 -
606 3938 701 3998 sermo]
713 3938 808 3997 formos
822 3939 901 3986 P..-
917 3939 1013 3998 posset]
1034 3939 1091 3985 Eun.
1109 3940 1184 3996 possit
1269 3957 1271 3960 >

36 4014 59 4061 P·
73 4017 142 4087 Bern..
155 4049 189 4061 -
202 4027 259 4085 lroec
278 4025 349 4084 eure]
371 4025 411 4071 stc
432 4025 504 4070 etiam
523 4024 550 4070 Ρ.
567 4026 611 4068 ltoc
631 4025 752 4080 imperium
771 4026 833 4066 stare
852 4022 945 4068 Manut.

92 4128 156 4191 lli.
175 4148 216 4179 cos
233 4131 304 4196 nunc]
325 4148 365 4179 uos
385 4134 455 4181 Alter
472 4133 594 4180 Torrentii
614 4133 676 4179 Cod.
697 4158 729 4170 -
744 4129 911 4195 fortissimam]
939 4133 1001 4187 „At
1018 4131 1079 4192 (scil
1098 4130 1180 4177 Latnb.

37 4211 101 4272 mllb)
115 4216 305 4274 firmusimuw‘
323 4219 404 4266 Tuan.
421 4244 455 4260 ·-
475 4232 504 4265 ac
520 4217 677 4277 dimicatione]
698 4220 730 4263 od
749 4220 883 4263 mutationes
902 4217 931 4261 lt
946 4243 981 4255 -
997 4212 1098 4278 daenes]
1119 4218 1180 4261 dese·

39 4295 65 4337 til
77 4296 102 4343 P.
122 4299 189 4348 Rern.
327 4293 332 4306 ²
587 4302 590 4307 ⁴

94 4404 104 4467 l
125 4410 163 4456 ts.
184 4417 302 4459 accusator
321 4410 451 4474 minitatur]
469 4415 588 4459 minitante
608 4412 636 4458 Ρ.
671 4411 727 4459 Non
745 4409 861 4470 duplicet.
879 4431 913 4447 -·
932 4414 957 4452 ut
975 4413 1000 4452 in
1019 4413 1075 4453 tot·
1086 4430 1097 4443 ·
1109 4409 1179 4463 reliu-
