2850 4759
214 251 403 362 'onnrro
429 292 482 359 ιν.
506 293 554 362 ru
573 289 849 376 curruum,
878 317 910 364 ο.
933 298 980 364 ro.
1132 295 1191 363 sss

31 474 128 539 paene
144 455 380 537 praecurritis,
401 455 604 536 excitarem,
627 457 762 526 loeutus
778 479 872 542 sum,
892 457 952 524 sed
967 469 1005 524 ut
1019 477 1094 526 mea
1107 477 1190 539 rox,

30 581 108 643 qrrae
133 560 235 625 debet
261 580 335 627 esse
362 560 396 627 iu
421 580 457 626 re
487 561 618 643 publica
642 564 815 648 princeps,
846 562 951 629 officio
970 562 1087 630 functa
1109 584 1190 633 con·

27 665 126 732 suiari
151 664 338 732 videretur.

100 769 146 835 X.
191 769 291 835 Nunc
315 782 506 851 antequam,
531 768 667 850 [Patres
686 768 905 852 conscripti),
928 768 970 837 ad
988 774 1187 842 sententiam
1208 774 1247 838 to

25 871 142 938 redeo.
171 872 216 937 de.
237 893 290 938 rue
313 893 420 954 pauca
441 871 561 939 dicam.
602 873 694 954 Ego,
721 887 844 956 qtranta
864 895 983 942 manus
1005 889 1057 943 est
1073 879 1189 945 eoniu-

28 989 193 1055 ratorum,
217 998 315 1058 quam
346 975 465 1044 videtis
494 998 567 1044 esse
592 999 830 1059 permagnam,
852 990 979 1045 tantam
1003 1000 1057 1046 rue
1081 981 1189 1049 iuimi-

29 1101 139 1146 cornm
158 1080 410 1147 multitudinem
429 1082 619 1164 suscepisse
641 1082 759 1160 video,
781 1078 842 1149 sed
862 1101 936 1149 eanr
958 1102 1033 1149 esse
1054 1097 1187 1167 turpem

30 1184 154 1264 indico,
183 1184 352 1252 infirmam
381 1195 414 1250 et
441 1186 617 1254 abiectam.
660 1185 763 1278 Quod
787 1187 816 1254 si
841 1184 1018 1270 aliquando
1047 1186 1188 1255 aiiouius

31 1290 138 1355 iurore
165 1301 201 1354 et
226 1287 355 1355 sceiere
384 1289 550 1356 coricitata
576 1311 697 1357 manus
724 1291 789 1359 ista
814 1288 889 1374 plns
913 1289 1059 1359 valuerit
1086 1312 1186 1375 quam

32 1404 134 1459 vestra
156 1413 196 1459 ac
217 1393 265 1457 rei
286 1390 439 1474 publicae
458 1390 618 1472 dignitas,
640 1414 693 1462 me
712 1406 821 1462 tamen
843 1416 996 1462 meorum
1015 1394 1186 1462 sactorum
1254 1465 1259 1476 .

33 1507 120 1578 atque
144 1494 365 1562 consiliorum
394 1515 583 1578 uunquam,
617 1499 732 1565 Patres
763 1498 964 1585 conscripti,
995 1500 1189 1581 poenitebit.

34 1598 154 1666 Etenim
177 1621 292 1677 mors,
322 1622 420 1682 quam
446 1598 528 1666 rnihi
553 1598 598 1665 itti
623 1600 769 1669 sortasse
792 1603 1004 1681 minitantur,
1031 1604 1186 1671 omnihus

34 1715 77 1767 est
100 1715 238 1785 parata:
279 1704 367 1769 vitae
398 1709 535 1770 tantam‘
557 1703 709 1793 laudern,
746 1718 868 1788 quauta
888 1728 951 1773 vos
983 1726 1038 1774 me
1063 1709 1186 1775 vestris

36 1796 166 1873 decretis
186 1807 406 1882 honestastis,
429 1831 526 1875 nemo
547 1820 599 1877 est
618 1822 803 1880 assecutus.
847 1808 975 1878 Ceteris
995 1811 1083 1878 enirn
1102 1813 1186 1878 bene

35 1922 133 1988 gesta,
164 1909 246 1976 urihi
271 1911 328 1975 uni
351 1925 550 1978 conservata
576 1933 613 1979 re
636 1913 768 1995 publica
791 1913 1050 1994 gratulationem
1072 1913 1187 1981 decre·

36 2015 216 2085 sistis-Sit
245 2012 354 2096 Scipio
388 2014 499 2083 clarus
530 2015 603 2092 itte,
638 2020 741 2085 cuius⁴
761 2018 901 2086 consilio
933 2031 1032 2101 atque
1060 2019 1186 2087 virtute
1206 2027 1244 2091 21

34 2113 183 2182 Hannibal
220 2118 253 2182 in
287 2118 437 2184 Africam
463 2119 570 2185 redire
603 2133 701 2203 atque
732 2121 827 2188 ltalia
856 2121 1019 2188 decedere
1047 2129 1186 2191 coactus

38 2232 95 2296 est3
122 2234 264 2289 ornetur
290 2222 373 2288 aiter
398 2223 520 2310 eximia
543 2223 642 2289 laude
662 2224 864 2310 ¹Africanus,
896 2226 950 2307 qui
975 2223 1059 2294 duas
1084 2227 1186 2294 urbes

38 2321 102 2387 huic
120 2325 264 2407 imperio
290 2327 524 2393 infestissimas
551 2326 796 2408 Karthaginem
824 2328 1107 2411 Numantiamque
1129 2329 1186 2396 de·

38 2420 120 2506 leuitt
147 2431 311 2496 hahentur
331 2431 382 2495 vir·
404 2431 561 2510 egregius
584 2429 717 2497 Paullus
739 2428 812 2509 itte,
841 2432 936 2498 cuius
962 2454 1101 2522 currum
1124 2454 1188 2501 rex

39 2533 277 2605 potentissimus
298 2533 476 2616 quondam
510 2548 543 2600 et
573 2534 800 2601 nobilissimus
832 2534 952 2603 Perses
980 2533 1186 2604 honestavit:

40 2632 75 2697 sit
90 2649 219 2704 aeterna
242 2636 351 2718 gloria
372 2638 521 2714 Marius,
543 2640 599 2722 qui
621 2640 667 2705 bis
689 2638 818 2705 italiam
845 2638 1018 2706 obsidione
1041 2651 1075 2705 et
1094 2650 1187 2705 metu

41 2741 194 2808 servitutis
223 2741 394 2822 liberavit3
425 2754 650 2825 anteponatur
679 2744 834 2811 omnibus
859 2743 1057 2825 Pompeius,
1085 2743 1187 2810 'cuius

40 2857 84 2906 tes
102 2857 212 2923 gestae
237 2855 336 2929 atque
353 2847 497 2914 virtutes
516 2845 655 2925 iisdem,
677 2847 796 2929 quibus
817 2844 898 2914 solis
916 2866 1055 2926 cursus,
1075 2847 1188 2927 regio-

43 2978 216 2998 Μαι-

94 3058 159 3121 520.
176 3064 231 3110 Om.
246 3068 326 3121 patrer
344 3076 432 3108 conam.
449 3060 523 3108 TRP.
540 3087 574 3101 -
591 3062 621 3107 ud
637 3063 758 3106 sententiar
773 3060 819 3107 Ed.
840 3060 912 3107 1474.
930 3060 1000 3119 proh.
1020 3059 1135 3106 Bnherio.
1153 3086 1187 3099 -

43 3143 116 3199 turpem
132 3149 220 3202 iudico,
238 3148 354 3206 infirmam
371 3152 394 3192 et
410 3144 531 3208 adiectum]
549 3145 578 3192 T.
596 3152 684 3203 turpem
701 3147 778 3192 iudico
795 3151 817 3191 et
833 3146 948 3205 infirmam
958 3136 981 3189 ct
991 3139 1036 3190 udi.
1049 3143 1100 3190 ΒΡ.
1111 3145 1187 3189 iudico

44 3229 116 3283 “ditm
132 3237 152 3276 d
167 3234 298 3292 unimam,
321 3238 472 3291 contemptam
489 3237 511 3276 et
527 3232 637 3276 abiectam
654 3231 711 3277 Eru.
729 3257 763 3268 -
773 3228 893 3289 sactorum
909 3243 1010 3275 meorum
1028 3230 1186 3274 consiliorum-

44 3314 340 3377 tueihtuonT.)-mihi
355 3318 448 3378 ilii]R.
472 3318 509 3361 illi
532 3319 590 3362 mihi
605 3316 663 3362 Eru.
682 3315 736 3361 0m.
754 3318 811 3360 mihi
827 3314 857 3361 T.
873 3314 925 3361 En.
943 3313 1050 3374 Madvig.
1068 3338 1102 3349 -
1117 3314 1187 3357 horre·

44 3399 96 3440 statu
109 3397 157 3447 Tit.
175 3430 204 3441 ·-
230 3406 310 3448 ceteris
331 3401 403 3466 enim]
426 3402 478 3447 ΤΚ.
504 3401 591 3448 salisb.
608 3401 660 3446 Ert.
683 3402 763 3445 ceteris
781 3399 840 3443 euim
856 3413 944 3456 semper
956 3400 1012 3445 Eru.
1028 3423 1058 3436 -
1076 3402 1163 3457 gesta·
1176 3422 1187 3432 -

45 3490 157 3530 consumta
173 3503 198 3532 re
213 3488 251 3548 μ]
268 3487 341 3534 ΤῙίῬ,
358 3487 410 3533 Erf.
427 3492 504 3546 gestae
516 3511 527 3522 -
538 3511 550 3522 ·
562 3490 707 3530 conseruntur
724 3487 759 3529 rei
772 3499 799 3542 p.
817 3483 874 3530 Em.

99 3590 162 3650 itt.
183 3601 248 3655 utque
270 3594 352 3661 Italia]
375 3597 427 3642 TR.
452 3601 518 3654 utque
540 3612 570 3641 es·
592 3597 663 3641 Italia
685 3595 744 3642 Ern.
767 3596 846 3656 (utque
867 3595 962 3641 Italiam
978 3597 1079 3640 deserere
1094 3592 1137 3653 Ρ.)
1155 3622 1187 3636 .-

46 3667 95 3719 Voc.
111 3680 260 3728 atter-Codd.
276 3664 376 3729 Oxouu.
395 3683 499 3728 omnium
517 3682 664 3727 auctoritate
682 3683 807 3727 delendum
825 3682 948 3728 existimet
961 3680 1068 3739 Madvig.
1082 3680 1186 3740 Opuscc·

47 3766 66 3810 p.
83 3757 130 3807 194.
162 3764 271 3812 Retinent
293 3764 366 3811 TRP.
385 3792 417 3803 -
434 3781 463 3811 ex
486 3769 557 3811 nimia
580 3768 645 3812 laude
667 3767 697 3811 R.
716 3768 775 3822 (npu
794 3764 835 3825 T.)
853 3791 886 3803 -
903 3765 1078 3827 (infestissumuc
1095 3765 1137 3825 T.)
1155 3793 1188 3806 .-

47 3837 124 3889 huietur
145 3847 172 3894 R.
195 3850 254 3911 (nou
281 3849 321 3909 T.)
341 3877 372 3887 -
389 3865 437 3898 om.
459 3854 496 3896 vir
517 3851 547 3897 P.
567 3880 594 3890 -
615 3849 722 3910 Paullus]
746 3849 798 3895 Tu.
822 3849 873 3896 Erf.
898 3852 928 3896 L.
952 3851 1049 3895 Paullus
1073 3850 1129 3896 Em.
1153 3873 1187 3888 ·-

48 3923 72 3964 u't
84 3930 174 3993 uuernu]
191 3932 242 3981 Tu.
259 3935 310 3981 Erf.
328 3938 360 3980 cit
376 3936 399 3979 in
416 3940 507 3981 aeterua
525 3936 580 3982 Em.
599 3961 633 3972 -
650 3937 753 3982 terminis
771 3937 896 3979 continetur
913 3934 943 3980 R.
960 3934 1098 3996 (continetur
1116 3919 1186 3980 isdem

48 4018 66 4060 i·
80 4023 96 4054 ³·
112 4028 129 4058 t.
145 4031 165 4061 r.
181 4034 207 4062 uc
225 4024 240 4065 t.
258 4009 386 4065 continet&
402 4016 443 4078 T.)

51 4124 217 4155 ..N

104 4214 165 4274 tet.
186 4227 223 4283 qui
239 4227 273 4271 tir
290 4224 397 4287 Italiam]
413 4226 439 4274 in
457 4231 545 4287 quarto
562 4228 687 4274 consulatu
705 4241 729 4273 a.
748 4242 771 4274 u.
789 4242 811 4274 c.
829 4228 887 4274 652.
920 4226 1037 4274 Teutonis
1053 4225 1100 4286 (sic
1117 4226 1198 4273 Fasti

52 4290 175 4358 Ctrtrotrn,
190 4322 248 4372 uong
268 4309 414 4369 Teutoaidur)
436 4317 461 4356 et
483 4309 642 4358 Ambronibus
666 4314 731 4371 apud
750 4312 837 4375 ⁴hquus
855 4313 968 4371 Sextias,
991 4312 1015 4359 iu
1033 4311 1117 4371 quinto
1134 4325 1184 4357 cos.

52 4373 97 4423 ⁶53·
116 4384 209 4436 Cimbris
225 4393 247 4439 iu
265 4394 356 4453 campis
375 4395 473 4442 Raudiis
490 4396 581 4443 deletis.
