2850 4759
251 276 422 347 ORATIO
440 220 529 348 l'RO
552 275 673 347 LEGE
695 277 909 365 Mantele,
931 298 963 348 e.
986 281 1036 344 14.
1177 282 1236 347 119

47 436 130 504 novi
153 445 224 503 tarn
246 432 404 502 celeriter
425 436 459 503 iu
479 434 615 506 ultimas
638 447 747 507 terras
762 436 994 519 pertulerunt,
1016 440 1076 506 eed
1092 459 1152 508 cae
1165 463 1235 527 res,

48 558 139 620 quae
160 550 296 605 cetcrm
318 539 485 606 remorari
506 538 634 616 solent,
654 561 725 606 uon
747 539 984 620 retardarunt3
1004 563 1073 608 non
1095 544 1236 611 avaritia

48 641 92 706 ab
113 640 274 707 instituto
296 663 400 710 cursu
421 641 463 708 ad
483 639 646 725 praedam
669 640 816 723 aliquam
832 640 1028 726 devocavit,
1050 664 1119 709 non
1131 641 1234 710 libido

48 738 95 805 ad
119 738 353 823 voluptatem,
374 763 442 808 non
463 741 652 809 amoenitas
675 741 716 807 ad
738 739 1019 828 delectationem,
1048 765 1117 811 non
1139 744 1235 812 nobi·

50 839 132 908 litae
151 843 246 911 urbis
268 841 311 908 ad
333 841 585 923 cognitionem,
608 865 678 912 non
699 840 844 925 denique
864 841 963 909 labor
983 845 1057 926 ipse
1076 844 1118 911 ad
1141 848 1234 929 quie·

51 954 134 1009 tem.
176 932 478 1024 Postrerno'srgno
498 955 534 1011 et
555 941 684 1011 tabulas
706 955 888 1026 ceteraque
909 957 1109 1012 ornamenta
1130 949 1236 1014 Grae·

49 1064 174 1111 eorum
197 1043 417 1126 oppidorum,
444 1065 530 1128 quae
551 1044 658 1111 ceteri
681 1042 831 1111 tollenda
852 1066 928 1114 esse
949 1048 1173 1126 arbitrantur,
1196 1067 1236 1114 ea

49 1145 114 1213 sibi
136 1144 256 1210 illene
277 1145 418 1213 visenda
439 1144 575 1228 quidem
598 1144 821 1215 existimarit.
863 1147 981 1230 ltaque
1003 1168 1123 1216 omues
1144 1166 1235 1215 nunc
1255 1145 1294 1209 41

48 1247 86 1312 in
112 1246 155 1313 iie
179 1244 269 1314 locis
293 1247 357 1314 Cn.
385 1247 587 1329 Pompeium
611 1247 703 1316 sicut
728 1245 876 1329 aliquem
897 1269 967 1314 non
995 1268 1039 1314 ex
1066 1247 1131 1316 lrac
1150 1251 1236 1317 urbe

50 1346 215 1426 missum,
250 1346 311 1415 sed
343 1345 385 1413 de
414 1345 510 1415 caelo
545 1346 723 1429 delapsum
749 1348 943 1427 intuentum
974 1369 1065 1416 nunc
1092 1348 1236 1430 denique

48 1447 219 1531 incipiunt
245 1445 406 1526 credere,
440 1447 546 1517 luisse
578 1447 735 1517 homiues
762 1450 937 1518 Romanos
965 1448 1029 1516 hac
1054 1449 1235 1533 'quondam

49 1549 283 1626 continentia,
305 1547 397 1631 quod
419 1549 485 1617 iarn
507 1550 703 1618 nationibus
725 1551 853 1618 exteris
874 1547 1071 1616 incredibile
1093 1569 1132 1615 ao
1147 1548 1234 1616 salso

50 1653 242 1717 memoriae
261 1649 434 1733 proditum
457 1649 663 1719 videbatur..
689 1652 790 1720 Nunc
804 1651 937 1734 imperii
953 1650 1058 1718 vestri
1074 1648 1236 1732 splendor

48 1749 117 1818 illis
139 1750 299 1832 gentibus
321 1749 434 1831 lucet,
456 1772 548 1819 nunc
569 1751 763 1836 intelligunt
784 1774 853 1820 non
872 1752 947 1820 sine
967 1773 1072 1818 causa
1087 1752 1235 1820 maiores

47 1872 134 1920 suos
155 1863 249 1930 tum,
271 1873 351 1919 curn
371 1873 413 1920 ea
435 1855 657 1936 temperantia
678 1855 901 1933 magistratus
916 1852 1142 1933 habebamus,
1163 1873 1235 1921 sera

48 1955 123 2020 vire
152 1953 282 2036 populo
311 1955 467 2022 Romano
499 1977 599 2038 quam
632 1956 802 2038 imperare
832 1954 904 2024 aliis
936 1954 1108 2022 maluisse.
1161 1955 1234 2022 larn

49 2075 133 2121 vero
157 2056 205 2120 ita
226 2054 344 2122 faciles
367 2055 479 2124 aditus
500 2056 542 2123 ad
565 2078 642 2123 cum
664 2058 900 2142 privatorum,
931 2057 978 2123 ita
1005 2054 1131 2122 liberae
1152 2077 1235 2139 que-

48 2156 216 2223 rimoniae
237 2155 280 2223 de
301 2155 446 2224 aliorum
475 2159 605 2227 iniuriis
626 2178 702 2225 esee
723 2158 903 2237 dicuutur,
930 2168 969 2223 ut
984 2159 1032 2235 is,
1054 2159 1110 2239 qui
1125 2157 1235 2237 digni·

50 2266 121 2321 tate
141 2258 352 2338 principibus
373 2258 531 2345 excellit,
552 2258 715 2326 facilitate
738 2259 863 2325 infimis
884 2276 946 2340 par
967 2276 1044 2323 esse
1065 2257 1234 2324 videaturt

48 2356 120 2423 lam
144 2370 309 2440 quantum
332 2358 495 2442 consilio,
532 2371 696 2442 quantum
727 2358 861 2425 (licendi
882 2358 1052 2438 gravitate
1080 2368 1114 2422 et
1135 2358 1235 2438 copia
1255 2353 1294 2415 42

48 2457 177 2535 valeat,
198 2460 231 2525 in
253 2482 321 2543 quo
342 2461 416 2541 ipso
437 2461 526 2528 inest
546 2460 713 2543 quaedam
736 2459 881 2540 dignitas
902 2458 1138 2541 imperatoria,
1160 2478 1234 2540 vos,

49 2559 223 2646 Quirites,
260 2559 326 2628 hoc
347 2561 422 2644 ipso
445 2580 490 2629 ex
511 2562 587 2629 loco
609 2582 711 2644 saepe
735 2561 960 2640 cognovistis.
1014 2558 1129 2625 Fidem
1152 2579 1234 2625 vcro

48 2665 120 2728 eius
150 2674 310 2744 quantam
338 2664 428 2730 inter
455 2664 579 2749 socios,
601 2663 791 2729 existimari
811 2662 957 2746 putatis,
993 2682 1094 2743 qnam
1117 2658 1234 2727 hostes

49 2783 169 2830 omues
193 2764 345 2831 omnium
366 2785 532 2844 generum
553 2766 805 2833 sanctissimam
827 2762 1037 2828 iudicarint?
1071 2762 1236 2827 Humani·
1327 2774 1329 2779 ’

50 2875 118 2929 tate
140 2863 209 2930 iam
233 2875 325 2932 tanta
346 2877 416 2942 est,
438 2877 476 2931 ut
496 2865 629 2933 difficile
650 2865 745 2932 dictu
766 2866 829 2942 sit,
851 2876 967 2930 utrum
990 2862 1107 2930 hostes
1123 2862 1233 2939 magis

49 2965 212 3030 virtutem
235 2967 306 3031 cius
328 2978 518 3047 pugnantes
542 2968 735 3043 timuerint,
771 2988 813 3033 an
836 2964 1130 3031 mansuetudinem
1154 2963 1233 3028 victl

50 3064 244 3132 dilexerint.
291 3066 336 3132 Et
366 3069 546 3149 quisquam
575 3068 759 3144 dubitabit,
791 3068 871 3149 quin
900 3065 977 3131 lruic
1005 3062 1072 3131 hoc
1100 3075 1232 3129 tantum
1313 3094 1315 3098 ³

51 3164 176 3232 bellum
199 3167 499 3234 transmittendum
522 3170 584 3244 sit,
607 3168 663 3249 qui
686 3165 727 3232 ad
751 3168 864 3233 omnia
885 3177 1025 3233 nostrae
1047 3163 1234 3230 memoriae

52 3265 138 3333 bella
159 3268 370 3335 conficienda
389 3267 503 3336 divino
521 3267 668 3352 quodam
685 3265 829 3335 consilio
846 3279 945 3337 natus
961 3266 1233 3335 escenderunt

51 3385 244 3403 ῃ

119 3447 131 3509 l
150 3449 193 3494 11.
215 3446 305 3508 omnes]
321 3448 441 3507 Pelimpa.
459 3445 489 3495 E.
510 3461 589 3493 omnes
605 3436 697 3508 quidem
710 3447 764 3507 (P.)
775 3448 835 3493 Ern.
871 3446 973 3505 Ingrata
985 3452 1021 3491 est
1033 3445 1148 3505 repetitio
1161 3461 1233 3505 proe-

52 3531 156 3577 ecdentla
173 3532 274 3590 quidem.
284 3556 316 3569 -
328 3529 370 3591 iit]
388 3531 497 3590 Madvig.
516 3531 638 3577 Benecke.
656 3533 693 3576 tte
712 3532 791 3577 Codri.
808 3530 867 3575 Ero.
878 3555 909 3567 -·
923 3531 950 3574 dc
968 3531 1032 3574 caeto
1044 3533 1133 3585 tapsum
1145 3531 1234 3573 mirara-

53 3618 89 3658 ων
104 3614 134 3659 P.
149 3639 182 3655 -
201 3612 353 3673 continentia]
371 3613 490 3673 Palimpa.
512 3614 542 3659 E.
562 3615 700 3659 abstinentia
720 3612 773 3675 (Ρ.)
792 3613 851 3658 Em.
870 3637 906 3649 -
924 3612 1030 3669 gentibue
1053 3613 1125 3656 lucem
1148 3610 1234 3669 offerre
1304 3674 1308 3679 .

53 3698 128 3752 coepit
143 3696 263 3755 Palimps.
282 3695 312 3742 Ε.
330 3695 385 3742 Col.
406 3694 518 3754 Madvig.
561 3696 608 3742 Sed
627 3696 671 3742 cir.
690 3701 791 3754 praeter
812 3695 961 3741 Banerltium
981 3694 1056 3740 etiam
1074 3694 1145 3740 Bake
1169 3694 1232 3739 Bibl.

54 3778 103 3823 crit
118 3792 141 3824 u.
158 3776 188 3833 5,
206 3780 234 3828 2.
253 3793 278 3836 p.
297 3777 355 3825 510.
373 3803 403 3814 -
421 3775 459 3838 ea]
477 3778 596 3837 Pallmps.
609 3780 653 3823 itae
672 3778 702 3824 Ε.
720 3779 779 3824 Ern.
795 3802 828 3816 -
846 3781 869 3822 in
912 3775 1005 3837 tepor]
1023 3776 1141 3835 Palimpe.
1159 3776 1188 3822 Ρ.
1202 3776 1231 3820 Ε.

50 3871 94 3912 pn
113 3860 198 3919 ammo
214 3860 273 3907 arn.
748 3846 755 3857 ’
1107 3928 1110 3931 γ

115 3948 183 4010 tta.
204 3952 256 4007 ipso
274 3956 309 3995 eat
327 3951 357 3997 Ρ.
373 3974 404 3989 -
421 3965 451 3996 α
468 3949 532 4015 toro]
550 3950 669 4011 Palimps.
690 3952 721 3997 E.
738 3955 762 3996 r‘n
777 3953 830 3996 toro
851 3950 905 4010 (Ρ.)
922 3950 981 3995 Ern.
993 3974 1023 3985 -
1037 3945 1188 4010 cognovistis]
1202 3950 1231 3993 tt.

55 4036 166 4088 cognomi
185 4033 246 4078 Ero.
265 4034 407 4090 cognoscitis
428 4034 458 4079 P.
475 4060 510 4073 -
527 4040 635 4094 quantam
652 4037 712 4080 inter
731 4032 818 4093 socios]
838 4033 957 4091 Palimpe.
975 4032 1005 4076 Ε.
1023 4035 1082 4075 inter
1097 4045 1144 4076 sne.
1159 4045 1232 4087 quun·

54 4115 98 4155 teta
112 4113 168 4160 Ero.
187 4139 220 4153 -
237 4119 346 4173 quantam
371 4118 510 4161 existimatis
531 4117 561 4162 Ρ.
580 4143 611 4154 -
632 4120 708 4162 tontes
735 4128 813 4161 omncs
836 4117 937 4159 omnium
965 4112 1086 4173 generem]
1112 4113 1234 4177 Palimps.¹

54 4191 84 4235 1).
94 4192 122 4238 E.
142 4195 251 4256 Madvig.
273 4197 334 4243 B'en.
352 4200 426 4244 lrostes
443 4200 544 4244 omnium
561 4203 662 4257 gentiam
678 4200 738 4246 Eru.
755 4223 790 4235 ·-
808 4199 965 4244 iudicauerunt
976 4196 1006 4242 Ρ.
1022 4222 1056 4236 -
1071 4200 1115 4241 tor
1131 4188 1230 4248 tantam]

55 4270 165 4333 Palimpe.
179 4275 210 4322 E.
228 4281 318 4322 tontum
338 4276 396 4325 Ero.
