2850 4759
225 285 286 370 lid
593 281 597 290 ⁴
688 289 921 363 CICERONIS
954 273 956 276 ¹

129 545 134 554 ι
190 507 191 513 1
225 472 364 541 senatu,
398 459 535 528 caedem
560 470 592 534 te
619 457 831 544 optimatium
860 456 1046 527 contulisse
1071 458 1105 526 in
1128 468 1205 540 ante
1228 449 1313 525 diem
1331 447 1368 522 V,

224 561 395 633 Kalendas
421 564 646 644 Novembres,
680 575 770 642 tum,
802 584 880 630 cum
910 548 1006 629 nanlti
1038 549 1206 646 principes
1225 561 1364 629 ¹civitatis

223 669 333 752 Roma
355 690 424 736 non
450 679 516 736 tarn
540 667 590 736 sui
615 664 856 746 conservandi,
877 687 975 751 quarn
1001 677 1139 734 tuorum
1163 663 1365 734 consiliorum

223 771 514 857 reprimendorum
546 791 647 842 causa
674 769 909 854 profugerunt.
960 770 1051 837 Num'
1070 769 1205 836 infitiari
1228 778 1366 853 potesta

223 874 282 943 illo
308 876 381 959 ipso
407 874 459 943 die
486 875 568 945 meis
596 873 785 960 pr'aesidiis,
816 894 891 943 inea
911 872 1081 957 diligentia
1107 871 1365 957 circumclusum,

224 997 442 1047 commovere
469 990 501 1046 te
524 991 643 1049 contra
664 985 737 1048 rem
762 977 923 1068 publicam
943 1000 1011 1047 non
1036 979 1208 1062 potuisse,
1237 999 1312 1046 cnm
1329 985 1366 1051 tu,

225 1079 376 1152 discessu
392 1093 592 1160 ceterorum,
613 1095 730 1152 nostra
749 1094 871 1164 tannen,
893 1081 948 1166 qui
969 1080 1262 1158 remansissemus,
1283 1075 1369 1145 cattle

85 1207 87 1214 ‘
126 1187 131 1192 ’
184 1197 421 1278 scontentum
452 1197 484 1252 te
508 1206 582 1253 esse
609 1185 774 1258 dicebast,
812 1183 932 1278 Quid?
967 1205 1044 1253 curn
1075 1194 1112 1264 tu
1139 1194 1172 1250 te
1204 1172 1368 1250 Praeneste

61 1341 65 1354 .
135 1292 139 1314 ¹
225 1287 387 1360 Kalendis
412 1289 491 1372 ipsis
516 1289 762 1357 Novembribus
791 1299 1036 1372 occrrpatururn
1064 1277 1234 1354 nocturno
1259 1287 1368 1368 impetu

227 1397 302 1462 esse
328 1392 531 1462 consideres:
565 1394 741 1463 sensistine
768 1392 858 1461 illatn
884 1383 1051 1460 coloniam
1075 1411 1152 1459 meo
1181 1393 1277 1460 iussn
1302 1391 1367 1455 meis

224 1496 397 1579 praesidiis
425 1495 585 1568 custodiis
622 1496 810 1581 vigiliisque
834 1517 908 1564 csse
935 1496 1129 1563 monitans
1172 1493 1269 1564 Nihil
1295 1494 1373 1574 agis,

226 1596 309 1667 nihil
333 1598 476 1675 molinis,
506 1599 587 1668 nihil
612 1602 760 1682 cogitas,
796 1599 885 1685 qnod
915 1621 979 1682 ego
1009 1623 1077 1667 non
1105 1597 1209 1666 modo
1242 1596 1370 1671 audian,

227 1701 288 1771 sed
308 1703 407 1770 etiam
430 1699 560 1772 videam
582 1703 746 1790 planeque
763 1707 926 1774 sentiam.

227 1928 387 1974 admirandam
409 1932 442 1974 eat
462 1927 491 1976 P.
507 1952 543 1967 -
563 1897 717 1990 optimdtium]
741 1927 794 1975 PR.
818 1923 953 1985 optimatem
977 1927 1035 1975 Em.
1053 1952 1086 1966 -
1108 1924 1196 1988 Roma]
1222 1928 1312 1973 Romae
1332 1922 1370 1969 nn

227 2013 323 2060 onttttt
338 2027 362 2061 v.
379 2015 454 2060 Roma
473 2014 497 2061 b.
514 2015 530 2060 Ι.
554 2013 616 2062 cod.
633 2013 704 2060 Parc.
722 2001 906 2075 trinspoditque
923 2019 980 2063 ante
995 2029 1020 2063 n.
1038 2001 1212 2073 profugeraatn
1241 2026 1292 2074 pao
1307 2023 1371 2069 saspa-

227 2103 292 2166 dum
307 2099 334 2145 nt
350 2100 380 2146 de
396 2099 469 2163 glosa.
487 2121 518 2137 -
535 2099 585 2145 Nec
601 2098 699 2158 infitiari
717 2098 746 2146 R.
764 2099 824 2160 (aon
841 2095 895 2162 Τ.)ι

294 2206 306 2270 5
330 2189 359 2255 8.Ι
380 2213 404 2255 ia
429 2207 460 2271 te]
483 2208 513 2256 T.
533 2212 577 2254 iata
600 2208 660 2258 Ern.
680 2212 704 2253 ta
727 2208 779 2255 RF.
797 2189 1025 2269 -NooembrnmJ
1049 2206 1101 2255 ΤΒ.
1119 2206 1369 2261 Nummio-ialin.-

227 2295 284 2341 meis
297 2290 432 2357 praesidiis]
453 2292 506 2340 nn.
531 2295 654 2352 praesidiis
676 2293 734 2339 Ero.
751 2292 815 2340 coni.
833 2318 862 2332 -
875 2292 940 2337 ninii
958 2296 1062 2350 cogitas,
1086 2293 1146 2337 aiiii
1160 2294 1256 2337 moliris
1274 2291 1315 2347 Ρ.,
1334 2300 1370 2334 noa

173 2437 177 2440 ἑ
228 2379 280 2426 nn.
298 2404 329 2417 —
350 2380 411 2439 qnod
430 2373 484 2441 ego}
502 2378 579 2425 Codd.
603 2377 663 2425 noti.
686 2379 740 2437 pain
756 2392 799 2436 ego
818 2376 926 2436 Madvig.
943 2376 1021 2432 coni,
1053 2391 1100 2439 qua
1119 2392 1178 2423 sane
1197 2379 1295 2423 tollitur
1311 2373 1370 2422 omnia

229 2464 278 2512 loci
295 2464 427 2510 difficultas.
462 2463 501 2508 Sic
520 2476 566 2522 pro
589 2462 694 2509 Caecina
712 2461 725 2523 b
742 2463 795 2520 39„
828 2467 853 2508 nt
868 2461 892 2508 ia
911 2461 1028 2521 Madvigii
1045 2462 1227 2517 emendatione,
1257 2458 1371 2510 comannis

229 2549 308 2598 verbis
321 2541 438 2595 alanino
457 2546 573 2595 connexis
593 2546 753 2607 praeponitur
769 2545 879 2606 negatio:
906 2560 933 2591 ae
953 2561 998 2591 nont
1019 2548 1088 2591 modo
1104 2549 1207 2601 intrare,
1222 2561 1304 2592 neema
1318 2546 1371 2589 etiaa

229 2634 346 2689 adspicere
358 2634 496 2689 ··possim.
513 2639 543 2670 -4
563 2646 607 2677 nora
625 2633 694 2678 modo
714 2629 817 2692 audiam]
837 2630 866 2676 Τ.
883 2627 937 2678 cuna
957 2630 1077 2693 plerisque
1095 2631 1170 2677 Codd.
1188 2646 1243 2677 aon<
1255 2633 1321 2677 modo
1336 2640 1371 2673 aa!

230 2718 321 2763 audiam
339 2716 390 2762 ΗΡ.
406 2716 465 2762 Ean.
479 2719 563 2763 -sad
581 2720 648 2762 ctiam
666 2715 764 2777 uideam]
785 2709 1089 2764 manumettendi.
1106 2723 1204 2776 praeter
1221 2715 1371 2766 cmadmra.

230 2801 283 2864 qui:
306 2804 346 2849 aad
362 2806 429 2849 etiam
449 2815 494 2849 non
515 2801 606 2850 uideam
627 2803 707 2865 sicque
725 2803 916 2858 tam-mecam
932 2805 1022 2849 tandem
1034 2803 1065 2849 R.
1078 2799 1215 2866 -priors]
1233 2803 1289 2849 ΤΒ.
1307 2799 1372 2859 primi

230 2887 287 2935 Ean.
302 2913 328 2923 -
343 2886 440 2949 Menae]
464 2889 502 2935 Sic
521 2885 608 2935 nummi
626 2894 651 2935 et
668 2887 726 2935 Cld.
746 2888 853 2937 Graevii.
888 2887 1031 2934 laccacTR.
1043 2887 1141 2933 Ern-
1153 2890 1213 2931 enim
1228 2903 1278 2933 esse
1293 2883 1335 2945 ite]
1349 2881 1371 2927 T·

230 2974 289 3017 enim
305 2974 343 3018 nic
353 2987 404 3030 ¹case
416 2972 446 3019 n.
463 2976 521 3018 enim
539 2976 578 3019 liic
596 2974 698 3021 Wunder
714 2980 739 3021 et
757 2974 865 3035 Madvig.
889 2987 943 3020 cum
963 2973 1025 3020 cod.
1042 2971 1152 3020 Lambini
1169 2977 1195 3018 et
1210 2970 1331 3020 Passenni·
1345 2991 1372 3009 ⁴

225 3053 338 3124 samniti]
364 3057 417 3105 Til.
429 3059 498 3120 fuere
513 3058 572 3106 Era.
633 3107 636 3113 ,

231 3272 292 3314 tores
310 3269 337 3324 0.
355 3270 478 3327 Pompeius
494 3265 568 3327 Rasna
587 3266 701 3324 Capuam,
730 3266 757 3321 0.
774 3267 878 3313 Metellus
897 3267 961 3313 celer
978 3268 1005 3336 in
1018 3279 1100 3324 agnam
1119 3263 1230 3310 Picenum
1248 3264 1313 3310 misai
1326 3260 1372 3308 aad

231 3352 280 3398 sa.
297 3366 318 3399 e.
335 3353 376 3399 so.
632 3343 634 3346 ’
860 3339 861 3342 ’
1156 3359 1158 3361 ’

297 3460 309 3524 5
326 3462 350 3508 8.
367 3458 501 3521 Praeneste]
519 3461 566 3507 hoc
584 3461 701 3520 oppidum
718 3460 793 3518 Latii,
811 3459 884 3507 bodie
900 3460 1048 3512 Palestriaa,
1067 3473 1102 3505 cc.
1119 3456 1203 3504 stadiis
1220 3457 1254 3503 ab
1271 3456 1332 3503 Urbe
1345 3450 1373 3497 di·

231 3552 295 3593 etam
313 3560 341 3593 ac
358 3545 536 3592 munitissimum
553 3543 576 3590 in
595 3535 676 3605 primis
693 3552 778 3606 aptum
796 3551 849 3591 erat
866 3546 897 3590 ad
914 3557 951 3589 res
968 3558 1044 3590 novas
1061 3543 1208 3598 moliendis,
1225 3548 1253 3588 nt
1265 3556 1298 3588 ex
1309 3540 1372 3585 altura

226 3636 302 3691 parte
318 3631 419 3692 Capua,
448 3644 520 3692 quara
544 3630 646 3676 tentavit
668 3644 713 3690 per
735 3630 762 3675 C.
780 3630 921 3676 Marcellam
939 3644 954 3675 a
971 3627 999 3673 P.
1018 3627 1095 3675 Sestio
1112 3627 1167 3673 inde
1184 3625 1372 3672 exterminatum

231 3715 266 3777 (r.
284 3713 433 3777 Sestianae·§
450 3713 486 3774 9.)
509 3715 610 3775 Incepta
634 3715 694 3760 haec
711 3714 826 3761 Salustius
842 3714 878 3761 his
894 3730 934 3763 nv.
954 3728 975 3760 c.
992 3713 1033 3759 24.
1051 3712 1194 3772 complexus
1212 3725 1265 3757 esse
1281 3709 1371 3757 videtur=

230 3814 296 3846 arana
308 3814 353 3858 per
369 3799 463 3844 ltaliam
481 3801 539 3844 locis
556 3800 692 3856 opportunis
706 3812 801 3856 parare.
826 3805 851 3845 et
867 3800 943 3859 magis
961 3798 1034 3844 etiam
1051 3785 1170 3858 apposite
1182 3809 1203 3842 e.
1222 3796 1264 3840 27.
1282 3791 1372 3838 mamm

232 3886 351 3941 Faesulas,
378 3871 508 3946 Septimium
525 3885 634 3945 quendam
655 3884 778 3929 Camertem
795 3885 819 3928 in
835 3899 918 3942 agrum
934 3885 1057 3936 Picenum,
1089 3882 1113 3926 C.
1131 3882 1218 3925 Iulium
1236 3882 1260 3925 in
1277 3877 1371 3935 Apulam

229 3970 328 4026 dimisite
341 3974 462 4028 practerea
479 3972 550 4030 atium
566 3969 627 4025 alab,
645 3984 709 4029 quem
726 3968 805 4027 abique
822 3973 974 4026 opportunam
985 3961 1029 4011 otii
1035 3965 1093 4025 fore
1105 3966 1216 4009 credebat.
1252 3956 1371 4020 Ibidiff·

230 4054 273 4100 nea
290 4053 340 4108 tlte,
370 4068 426 4114 qnos
447 4049 498 4099 ante
523 4055 622 4101 Catilina
644 4037 777 4106 dimiserat,
806 4053 930 4097 inconsulta
953 4066 980 4096 ac
1002 4053 1072 4096 oetati
1090 4064 1135 4107 per
1157 4049 1291 4093 dementiam
1307 4044 1370 4089 asad·

228 4141 297 4186 mmai
313 4139 424 4199 agebant,-
449 4142 565 4185 nocturnis
581 4140 697 4192 conciliis,
725 4151 841 4183 armornm
857 4141 923 4196 atque
940 4137 1036 4182 telorum
1051 4125 1370 4202 portanontamssesaaaato

229 4225 340 4282 agitando
365 4226 440 4270 omnia
462 4227 517 4282 plus
539 4222 629 4269 timoris
650 4234 717 4280 qnam
735 4221 836 4279 periculi
859 4220 986 4277 ffcmant.
1003 4247 1036 4258 -
1054 4221 1077 4265 in
1094 4219 1128 4266 M.
1145 4217 1243 4279 Laecae]
1262 4211 1370 4279 prosit·

185 4309 189 4318 ’
229 4306 298 4369 552.
325 4315 349 4355 et
373 4322 425 4370 sqq.
451 4309 588 4365 Irrtcmpeata
610 4308 675 4350 nocta
698 4304 863 4349 coniurationis
882 4304 1002 4360 principes
1025 4309 1135 4349 conuocat
1156 4319 1202 4361 per
1226 4304 1258 4348 M.
1275 4300 1370 4349 ennea

229 4392 335 4440 Laecam.
