2850 4759
205 258 277 375 'ru
691 303 922 375 c1oaaonrs

159 472 198 538 ld
267 468 335 539 κν.
378 471 432 536 An
456 487 557 547 vero,
588 469 616 537 si
640 467 729 536 actio
747 466 822 539 ista
850 463 1023 550 popularis
1045 477 1135 535 esset
1162 476 1195 532 et
1225 466 1253 533 si
1280 461 1366 532 ullam

217 585 347 657 partem
376 572 553 656 aequitatis
574 566 713 639 haberet
738 582 795 638 aut
821 571 920 647 iuris,
951 570 989 640 G.
1010 566 1183 637 Gracchus
1207 589 1278 636 eam
1301 566 1362 636 reli·

217 675 373 762 quisset?
416 675 551 742 Scilicet
586 675 642 743 tibi
671 675 863 755 graviorem
895 671 1047 741 dolorem
1076 672 1186 757 patrui
1214 673 1362 741 tuimors

217 780 330 851 attulit
354 801 454 864 quam
483 780 523 846 C.
554 777 709 844 Graccho
738 782 871 857 fratris;
905 790 940 845 et
964 779 1022 849 tibi
1047 777 1200 845 acerbior
1224 780 1293 845 eius
1316 797 1362 860 pa·

218 886 284 952 trui
309 895 491 979 moreest,
522 903 620 967 mrem
649 904 832 966 numquam
857 880 986 967 vidisti,
1017 903 1117 963 quarn
1144 879 1192 947 illi
1217 883 1287 948 eius
1307 882 1362 947 fra·⁴

217 989 295 1064 tris,
325 988 461 1073 quicum
486 984 753 1057 concordissime
777 986 924 1053 vixeratz
955 998 989 1052 et
1011 983 1129 1052 similis
1154 986 1217 1051 viri
1243 997 1277 1052 tu
1293 981 1362 1051 ulei-

217 1094 322 1160 sceris
346 1092 454 1175 patrui
486 1102 649 1169 mortem,
685 1101 785 1172 atque
808 1087 864 1155 illc
894 1100 1154 1171 persequeretur
1176 1088 1363 1162 fratrissa,

217 1197 245 1267 si
266 1196 327 1263 ista
349 1195 478 1263 ratione
494 1214 595 1277 agore
616 1191 793 1262 voluisset:
824 1203 858 1259 et
873 1213 937 1274 par
955 1190 1157 1259 desiderium
1177 1193 1230 1260 sui
1248 1191 1362 1275 reliquit

217 1299 305 1382 apsrd
337 1298 498 1382 populum
534 1301 724 1368 Romanum
760 1294 924 1363 Labienus
956 1286 1039 1380 iste,
1076 1307 1217 1379 patruus
1253 1306 1362 1367 vester,

217 1404 365 1485 quisquis
395 1401 477 1478 luit,
510 1422 551 1469 ao
573 1399 626 1469 Ti.
655 1398 832 1468 Gracchus
858 1397 1066 1483 reliqueratffl
1106 1403 1161 1466 An
1190 1401 1297 1482 pietas
1320 1411 1363 1464 tua

144 1522 147 1537 ·
185 1497 188 1504 ’
217 1506 341 1582 maior,
362 1526 460 1588 quam
481 1503 654 1574 Gracchi?
675 1502 892 1572 arserimus?
914 1524 955 1570 an
980 1501 1185 1571 comitium?
1207 1524 1251 1570 an
1273 1499 1362 1583 opest

218 1631 259 1677 au
282 1608 495 1679 atsctoritasl
521 1629 562 1675 an
583 1606 799 1693 eloquentia‘.l
830 1627 932 1690 quae,
954 1607 982 1674 si
1008 1606 1041 1677 in
1065 1604 1121 1672 illo
1139 1606 1277 1673 minima
1296 1605 1364 1671 luis·

154 1715 196 1776 15
217 1725 309 1787 sent,
333 1724 444 1779 tamen
460 1732 541 1795 prae
561 1714 625 1779 tuis
643 1711 859 1781 facultatibus
877 1710 1025 1778 maxima
1040 1722 1255 1794 putarentur.
1295 1710 1364 1777 Cum

218 1837 299 1905 vcro
324 1813 375 1887 his
400 1817 500 1884 rebus
523 1817 679 1884 omnibus
704 1815 741 1881 G.
769 1813 946 1883 Gracchus
968 1835 1086 1882 omnes
1106 1815 1242 1893 vicerit,
1279 1835 1364 1898 quan·

217 1933 291 1993 turn,
321 1918 534 1986 intervallum
568 1917 703 1987 tandem
735 1919 822 1985 iuter
853 1929 886 1983 te
915 1931 1013 2000 atque
1045 1916 1137 1987 illum
1169 1918 1363 1985 interiectum

214 2022 345 2107 purast>
376 2022 440 2091 Sed
459 2035 649 2090 moreretur
663 2022 756 2105 prius
776 2022 992 2089 acerbissima
1010 2034 1121 2089 ruorte
1137 2021 1259 2091 millies
1277 2021 1364 2088 Grac-

217 2127 316 2205 chus,
351 2148 449 2212 quam
487 2127 518 2192 in
550 2127 621 2193 cius
653 2127 812 2193 contione
842 2125 994 2193 car-rrifcx
1026 2127 1246 2207 consisterem
1283 2144 1363 2209 quem

216 2255 284 2299 non
316 2229 418 2298 modo
448 2230 545 2307 foro,
579 2227 638 2297 sed
668 2230 764 2295 ctiam
789 2227 883 2296 caclo
912 2227 977 2295 boc
1000 2250 1040 2295 ac
1063 2230 1182 2311 spiritu
1207 2227 1364 2297 censoriae

138 2324 142 2335 ⁸
216 2335 429 2418 legeratque
450 2334 550 2404 Urbis
570 2331 741 2401 domicilio
764 2352 880 2423 carere
902 2333 1093 2400 voluerunt.
1135 2333 1198 2400 Hic
1217 2355 1257 2401 se
1275 2353 1364 2417 popu·

215 2439 321 2507 larem
344 2437 456 2529 dicere
481 2439 602 2515 audet,
634 2458 689 2507 me
708 2435 853 2503 alienum
879 2457 898 2503 a
919 2437 1109 2505 commodis
1132 2440 1271 2507 vestris:
1303 2456 1365 2501 cum

216 2545 279 2612 iste
305 2563 421 2608 omues
444 2553 478 2607 et
498 2539 743 2624 suppliciorum
767 2552 801 2606 et
824 2540 1005 2608 verborum
1025 2540 1223 2611 acerbitates
1248 2564 1312 2608 uon
1332 2558 1365 2605 ea

217 2705 442 2720 *-

217 2828 269 2875 fere
287 2828 431 2875 litterarum.
467 2827 631 2888 supplendum
654 2828 750 2876 videtur
771 2829 893 2877 Verbercto
916 2843 950 2876 ex
967 2829 1071 2883 formula
1088 2829 1198 2877 Liviana.
1213 2855 1249 2868 -
1267 2821 1363 2884 ramas]

217 2914 346 2969 tonnulae.
381 2914 419 2960 Sic
437 2912 511 2960 etiam
529 2912 610 2959 Livius
626 2914 643 2959 1.
656 2914 673 2959 l.
686 2939 719 2952 -
731 2913 851 2993 oppressa]
869 2915 985 2962 Notabile
1002 2924 1116 2976 zeugmat
1132 2916 1187 2962 luce
1199 2916 1262 2962 enirn
1274 2930 1308 2961 res
1317 2924 1364 2972 pro·

168 3012 172 3020 ·
216 2998 335 3060 pria'non
353 3000 529 3057 opprimuntur,
547 2998 588 3043 sed
602 3000 815 3056 prestringuntur.

283 3109 295 3172 l
314 3106 465 3170 14.'patrui]
483 3109 513 3162 0.
532 3106 631 3155 Labieni
649 3123 696 3154 una
714 3122 768 3155 curu
786 3108 914 3158 Saturnino
932 3108 1015 3156 occisi.
1026 3135 1062 3147 -
1073 3111 1156 3156 similis
1173 3108 1235 3171 oiri]
1254 3104 1363 3156 Hersilia
1404 3072 1407 3179 l

215 3195 239 3241 h.
256 3196 274 3241 t
291 3176 430 3247 Erbentium
447 3195 559 3253 adeoque
576 3192 692 3249 Rectius,
711 3208 765 3240 cum
782 3192 805 3239 iu
823 3194 907 3240 Oxou.
925 3206 955 3260 ψ.
972 3194 1002 3242 sit
1019 3196 1103 3240 similia
1115 3196 1177 3249 iuri,
1195 3194 1297 3241 coniecit
1306 3190 1364 3236 siniti

215 3281 273 3324 iare.
292 3277 394 3337 Recepit
411 3276 556 3323 Schuetzius.
591 3278 680 3324 Verum
699 3277 747 3323 boc
764 3277 783 3324 si
802 3278 929 3333 voluisset.
948 3280 1091 3339 mopinot,
1111 3280 1211 3326 dixisset
1229 3281 1304 3324 eodem
1318 3278 1362 3320 ist<-

216 3364 262 3409 Sed
281 3367 346 3409 recte
362 3377 388 3408 se
404 3361 478 3407 habet
495 3361 555 3407 haec
573 3361 616 3408 etsi
634 3361 781 3422 perplexior
798 3361 860 3409 inter
873 3363 1004 3410 Labienum
1022 3371 1047 3410 et
1062 3365 1199 3412 Gracchum
1217 3360 1362 3424 comparatio.

216 3447 260 3492 Est
275 3446 348 3492 enirn:
366 3445 507 3500 „similesne
523 3429 568 3492 riri
586 3446 682 3493 luerunt
698 3447 727 3500 Q.
738 3447 856 3494 Labienus
873 3450 945 3496 etTl.
956 3450 1094 3496 Gracchus?
1111 3449 1211 3496 Minime
1225 3464 1291 3498 vero.
1315 3446 1361 3492 Per·

216 3528 328 3591 magnoni
345 3529 418 3591 igitur
435 3530 560 3578 discrimen
578 3531 676 3578 interest
693 3531 755 3577 inter
773 3533 900 3590 ultionem,
924 3533 1005 3582 cuitu
1023 3537 1113 3591 studes,
1141 3542 1164 3582 et
1182 3550 1249 3592 earn,
1270 3527 1363 3596 quamsi

215 3615 344 3670 voluisset,
368 3614 494 3663 Gracchus
511 3631 604 3663 sumere
621 3616 746 3676 potuisset.
755 3619 773 3642 ‘⁶
787 3642 821 3654 -·
836 3621 931 3674 patruus
948 3616 1031 3679 aester]
1058 3617 1174 3683 Suspecta
1192 3619 1252 3664 haec
1268 3611 1363 3661 Erosstio

216 3706 240 3745 et
259 3698 360 3745 Be'ckio.
396 3699 441 3746 Sed
458 3699 536 3761 ipsum
553 3716 577 3749 v.
595 3704 667 3745 vester
685 3697 796 3760 (‚‚qoem
814 3708 838 3747 tu
857 3701 940 3764 tuique
956 3717 1050 3761 semper
1067 3702 1210 3761 crepatis,“
1225 3682 1310 3748 dictum
1324 3708 1362 3744 aon

216 3785 267 3831 sine
285 3789 453 3847 contemptur)
480 3786 560 3849 arguit
584 3798 666 3835 rerum
683 3799 736 3831 esse
753 3799 797 3831 nec
815 3784 846 3832 ab
863 3786 1042 3848 interpolatore
1064 3787 1211 3847 profectura,
1240 3787 1279 3848 qui
1296 3781 1364 3845 potltt

217 3868 358 3916 inculcasset
366 3875 464 3929 patruus
476 3874 533 3916 tuus.
557 3869 625 3915 lnlra
636 3868 647 3932 l
659 3868 700 3916 82.
711 3869 783 3915 iterna
799 3873 872 3914 cester
879 3873 990 3926 patruum
1007 3867 1047 3914 ubi
1058 3882 1137 3916 rursus
1146 3869 1222 3915 haesit
1234 3863 1363 3914 &oneratas

281 3979 293 4040 l
316 3980 354 4026 15.
373 3978 531 4039 acutissima]
549 3992 598 4025 aon
615 3978 799 4037 ‚,imrnatura,“
816 3986 842 4024 ut
858 3979 912 4026 volt
930 3978 1068 4035 Turnebus,
1085 3990 1135 4038 quo
1153 3977 1284 4038 significatu
1294 3984 1363 4033 super

115 4118 122 4129 '
176 4097 179 4101 f
215 4064 293 4112 latiro
312 4067 380 4131 locus
402 4079 451 4127 non
474 4070 524 4117 est.
549 4064 591 4109 scd
612 4064 842 4120 „termodestone
858 4089 892 4103 -
909 4063 972 4109 urbis
988 4058 1119 4125 domicilio]
1137 4062 1261 4109 Caruidcis
1277 4055 1362 4106 domici·

216 4148 273 4193 lium
291 4146 336 4193 tuit
351 4134 425 4192 extra
443 4144 525 4191 urbem
543 4152 567 4191 et
584 4145 742 4194 adhibebatur
759 4150 791 4194 erl
809 4146 930 4208 supplicia
946 4161 1070 4194 serrorum
1082 4154 1106 4194 et
1117 4148 1308 4208 peregrinorum,
1323 4153 1362 4188 ¹¹⁰¹¹

216 4232 316 4299 cisium..
330 4229 408 4276 Bacis.
442 4228 551 4275 Adhibiti
574 4235 654 4276 umen
671 4237 725 4277 sunt
743 4232 865 4278 carnifices
882 4232 906 4278 in
923 4232 952 4278 Ρ.
970 4233 1072 4279 Lentulo
1095 4233 1155 4279 Sura
1173 4232 1301 4294 ceterisque
1315 4239 1362 4274 css·

114 4378 116 4381 ι
216 4312 437 4381 internoscenda.
473 4312 519 4358 Sed
536 4314 605 4370 ride,
633 4329 706 4376 quam
731 4316 837 4363 studiose
860 4316 937 4375 ipsum
959 4317 1076 4375 carnificis
1100 4318 1244 4366 vocabulum
1263 4309 1362 4362 deviarit

217 4396 344 4453 Salustius,
370 4395 442 4444 Catil.
461 4412 481 4444 c.
501 4398 540 4445 55.
566 4400 664 4445 uindices
687 4414 763 4446 rerum
786 4402 918 4459 capitalium
935 4401 1058 4466 raruilices
1075 4402 1174 4452 scmus.
1195 4429 1227 4445 -·
1246 4390 1361 4453 natvm]
