2850 4759
158 277 241 348 ete
608 357 613 364 ,
654 269 892 341 creuaoms

178 435 251 506 riae
279 433 408 514 marie,
440 430 605 515 egredere
634 452 713 500 curu
744 433 942 515 importuna
974 430 1223 508 sceleratorum
1251 452 1362 511 manua

156 538 299 610 <confer
323 534 419 604 teari
446 533 624 615 Malliuin3
651 537 788 604 concita
812 533 967 618 perditos
995 536 1108 615 cives3
1128 555 1271 603 secerne
1290 549 1363 603 tea

180 642 297 721 bonis,
328 640 415 707 infer
439 638 568 721 patriae
594 636 742 720 belluim
775 637 911 706 exsulta
933 637 1038 721 impio
1060 637 1263 715 latrocinio,
1291 651 1363 705 uta

181 765 237 812 me
256 767 326 812 nou
341 744 472 810 eiectus
491 740 533 810 ad
553 740 702 826 alienos,
719 740 779 810 sed
797 742 958 809 invitatus
974 740 1015 808 ad
1034 754 1112 810 tuos
1130 742 1200 809 isse
1215 741 1362 810 videaris.

120 862 160 926 24
182 847 402 939 Quamquam
425 843 504 928 quid
523 864 588 925 ege
609 855 642 910 te
664 843 825 919 invitem.
848 845 1037 927 equolam
1057 845 1165 913 sciam
1185 866 1264 913 esse
1279 865 1363 928 prae-

180 941 405 1035 missos,'qui
425 947 483 1015 tibi
505 946 547 1016 ad
568 946 692 1014 Forum
713 944 892 1039 Aurelium
912 945 1208 1030 praestolarentur
1225 950 1364 1016 arniati?

181 1053 238 1121 cui
262 1055 368 1121 sciam
390 1062 525 1135 pactam
554 1062 588 1118 ct
616 1049 840 1117 constitutam
864 1070 944 1118 cum
963 1050 1082 1119 Mallio
1109 1050 1229 1138 diem?
1263 1074 1282 1118 a
1306 1071 1363 1133 quo

183 1156 284 1226 etiam
309 1152 456 1237 aquilam
479 1151 571 1220 illam
598 1163 817 1233 argenteam,
849 1175 950 1236 quam
981 1155 1037 1223 tibi
1064 1175 1105 1222 ao
1128 1155 1197 1222 tuis
1218 1156 1365 1222 omnibus

182 1261 411 1346 perniciosam
446 1278 521 1325 esse
554 1255 688 1323 confido
716 1274 757 1322 ac
786 1255 960 1324 funestam
985 1254 1158 1335 suturam.
1191 1258 1250 1326 cui
1285 1255 1365 1323 dom

184 1374 263 1430 tuae
295 1360 485 1429 sacrarium
512 1357 683 1428 scelerum
717 1371 857 1427 tuorum
893 1360 1118 1427 coustitutum
1145 1360 1235 1446 suit,
1270 1362 1365 1430 seiani

184 1485 261 1533 esse
286 1463 539 1547 praemissam?
571 1462 625 1530 Tu
653 1473 692 1528 nt
720 1460 778 1529 illa
805 1483 923 1531 carere
953 1460 1081 1530 diutius
1109 1462 1243 1545 possis,
1276 1485 1366 1545 quarn
1418 1495 1419 1502 .

184 1567 341 1634 venerari
365 1564 407 1632 ad
432 1563 571 1631 caedem
597 1565 822 1647 proficiscens
847 1565 1012 1634 solebas?
1044 1586 1064 1631 a
1088 1566 1189 1632 euius
1205 1563 1368 1633 altaribus
1417 1631 1419 1635 Α

183 1691 287 1754 saepe
305 1668 566 1765 istam‘impiam
588 1666 766 1735 dexteram
789 1666 832 1735 ad
853 1689 974 1735 necem
994 1668 1120 1735 civium
1145 1667 1367 1738 transtulisti?

124 1800 164 1865 25
263 1774 310 1841 X.
352 1772 421 1839 lbis
452 1768 588 1838 tandem
613 1769 815 1854 aliquando,
842 1794 910 1855 quo
937 1783 970 1839 te
999 1769 1214 1854 iampridem·
1233 1783 1290 1839 tua
1313 1773 1369 1839 ista

185 1875 355 1960 cupiditas
373 1875 537 1942 effrenata
559 1895 599 1941 ae
616 1873 749 1942 furiosa
766 1875 929 1957 rapiebat.
970 1874 1088 1957 Neque
1105 1876 1197 1943 enim
1219 1876 1277 1942 tibi
1295 1875 1368 1941 haee
1418 1911 1419 1962 3

185 2000 241 2048 res
273 1980 375 2047 affert
399 1977 574 2057 dolorem,
608 1975 669 2045 sed
695 1975 864 2061 quandam
892 1977 1124 2046 incredibilem
1151 1978 1368 2062 voluptatem.
1417 2012 1419 2050 1

185 2082 241 2151 Ad
273 2082 361 2151 hanc
399 2094 432 2150 te
462 2081 646 2150 amentiam
680 2094 805 2149 natura
834 2080 1174 2165 petierim-voluutas
1206 2084 1369 2155 exercuit.
1417 2114 1419 2120 ¹

185 2185 327 2254 fortuna
364 2187 526 2255 servavit.
567 2185 752 2270 Nunquam
782 2196 818 2252 tu
851 2207 920 2251 uon
946 2183 1051 2251 modo
1082 2186 1212 2264 otium,
1244 2185 1304 2253 sed
1333 2206 1369 2256 ue
1417 2220 1419 2272 r

185 2287 313 2358 bellurn
336 2287 472 2374 quidem
497 2289 563 2357 uisi
587 2289 756 2356 nefarium
782 2288 984 2370 concupiui.
1027 2287 1159 2355 Nactus
1179 2310 1217 2356 es
1238 2311 1283 2355 ex
1299 2310 1370 2371 per·
1418 2321 1419 2330 ¹

187 2390 265 2474 ditis
294 2404 396 2477 atque
423 2392 464 2462 ab
489 2392 582 2460 omrai
612 2414 681 2459 non
710 2390 815 2459 modo
847 2390 1004 2468 fortuna,
1037 2387 1157 2466 verum
1185 2392 1287 2460 etiam
1316 2410 1370 2474 spe

127 2504 166 2569 26
187 2493 381 2572 derelictis,
403 2497 584 2561 coiitlatam
608 2494 845 2577 improborum
873 2514 1025 2561 titanum.
1062 2493 1134 2561 llio
1156 2505 1192 2563 tu
1220 2516 1285 2577 qua
1308 2494 1371 2561 lae·

188 2596 262 2664 titia
293 2596 499 2680 perfruere?
535 2596 656 2679 quibus
681 2595 815 2678 gaudiis
848 2596 1046 2666 exultatis?
1076 2609 1202 2682 quauta
1224 2600 1259 2666 in
1282 2597 1371 2667 volu·

257 2817 270 2881 5
288 2819 330 2884 ²5¹·
349 2819 444 2864 irritem
461 2822 483 2864 ie
500 2817 531 2866 T.
549 2817 611 2881 (nou
629 2815 675 2880 n.)
691 2842 724 2857 -
742 2834 815 2880 aquo
832 2822 883 2865 reio
901 2822 948 2866 iam
969 2834 1017 2867 erre
1034 2822 1066 2867 n.
1084 2817 1144 2881 (uon
1162 2817 1296 2882 T)-qni
1310 2826 1370 2866 ten
1412 2811 1415 2820 ¹

186 2903 361 2963 praestolentur
379 2902 443 2962 (eie)
457 2903 489 2948 R.
502 2901 561 2965 (non
574 2900 617 2962 Τ.)
631 2926 665 2938 -
680 2905 718 2948 eui
734 2903 818 2965 eciam]
832 2905 947 2954 Gulielm.
965 2918 1016 2949 eum
1033 2906 1106 2948 teiam
1117 2903 1171 2951 ΤΒ,
1188 2908 1261 2950 sciam
1274 2906 1329 2952 Eru.
1340 2927 1370 2942 ι-

188 2990 261 3033 teiam
279 2989 326 3033 ium
343 2991 435 3045 pactam
444 2986 538 3033 TR.-
548 2985 705 3048 constitutam]
725 2987 779 3034 TR.
797 2992 944 3035 eonatitutam
961 3002 1008 3032 erae
1025 2987 1084 3035 Em.
1094 3012 1127 3025 -
1141 3003 1169 3033 ac
1180 2988 1369 3051 funestam]'1'li.

188 3076 212 3117 ct
222 3069 247 3132 f.
269 3071 329 3119 Em.
346 3096 381 3109 -
404 3072 484 3117 domui
506 3070 561 3118 ΒΡ.
584 3073 644 3130 (nun
667 3071 709 3132 T.)
733 3098 767 3110 ·-
790 3078 881 3118 tuorum
902 3074 1013 3117 eceteram
1036 3071 1065 3118 P.
1088 3068 1150 3128 (nou
1167 3070 1234 3135 TR.)
1251 3096 1284 3111 -
1300 3084 1370 3117 cerere

188 3154 286 3215 diatim]
304 3155 357 3202 ΒΡ.
374 3155 462 3201 diutius
480 3170 559 3201 carere
576 3155 606 3202 T.
618 3155 677 3202 Eru.
695 3155 807 3217 (Habent
819 3159 887 3202 utam
899 3157 995 3214 impiam
1006 3157 1126 3202 ἀπέστω
1137 3155 1213 3202 TRP.
1231 3170 1293 3205 nou:
1309 3158 1368 3201 uiuat

188 3239 309 3286 aratam
326 3236 443 3300 impiam.)
788 3227 789 3230 Ἴ

257 3345 269 3410 5
286 3346 328 3394 25.
348 3348 393 3392 iata
410 3349 449 3392 tua
467 3345 497 3392 Ρ.
515 3343 576 3405 (nou
594 3346 737 3409 TR.)-ta
749 3362 796 3393 uon
812 3349 886 3393 otium
903 3347 934 3393 u.
944 3345 1004 3408 (non
1015 3343 1215 3422 T.)-5Nanctur
1224 3346 1254 3393 T.
1263 3345 1319 3406 (uon
1330 3342 1367 3404 li.)
1415 3341 1416 3406 i

247 3454 568 3518 §26.quautauotu1rtata
587 3455 618 3501 lt.
636 3470 651 3501 a
670 3472 709 3515 pr.
727 3471 759 3502 m.
776 3468 895 3515 ruperecr.
913 3455 947 3500 iu.
965 3437 1076 3515 (Ocresia
1094 3454 1191 3516 Lamb.)
1204 3481 1239 3493 -
1250 3450 1367 3511 Aetates]
1414 3437 1416 3504 l

188 3538 243 3585 Til.
254 3538 290 3586 At
299 3539 366 3584 tutus
377 3536 436 3585 Eru.
449 3553 501 3606 err.
509 3543 611 3600 typogr.
618 3564 653 3577 -
663 3546 717 3586 suut
728 3538 776 3601 itit]
787 3539 816 3586 T.
829 3541 868 3584 illi
878 3543 931 3584 runt
942 3540 973 3585 R.
985 3538 1043 3585 Bru.
1056 3538 1106 3600 (itti
1118 3540 1223 3585 meditati
1233 3544 1286 3585 rent
1295 3538 1367 3598 P.)-

192 3644 388 3659 ···········
1415 3645 1416 3678 t

258 3728 330 3792 524.
357 3728 443 3773 Forum
468 3726 591 3773 Aurelium
614 3729 645 3787 (a.
670 3726 774 3784 Aurelii)
799 3743 902 3788 parrum
925 3728 1040 3777 Etruriae
1062 3728 1182 3790 oppidum
1198 3728 1264 3777 inter
1280 3727 1366 3798 demitti

191 3814 334 3861 Armentnm
352 3811 451 3871 (liora)
469 3818 494 3858 et
512 3812 631 3870 Martum,
649 3824 698 3857 nou
718 3814 806 3872 procul
823 3828 840 3858 a
856 3814 919 3859 muri
938 3820 1071 3870 remotum,
1095 3816 1161 3876 quod
1179 3828 1268 3862 nomeu
1286 3820 1310 3862 et
1324 3810 1367 3860 ori·

189 3898 271 3960 giueru
294 3894 530 3962 habuisse—ridetur
551 3895 583 3941 ab
606 3891 714 3942 Aurelio·
734 3897 856 3956 quodum,
883 3897 925 3958 qui
949 3897 1014 3945 riam
1032 3897 1158 3945 Aureliam
1176 3913 1191 3944 a
1211 3881 1295 3944 Roma·
1308 3896 1367 3942 rear

162 3964 165 3967 ⁴
190 3996 266 4044 usque
284 3980 395 4028 munivit.
413 3981 569 4027 Sraruucaz.
586 4005 619 4017 -
635 3977 751 4039 aquilam]
771 3980 820 4025 Sul.
838 3994 860 4027 c.
879 3981 920 4027 59.
939 3980 985 4043 (ln
1004 3982 1103 4043 proelio
1121 3980 1249 4043 Catilina)
1267 3984 1366 4039 ipaactn

191 4066 282 4112 libertis
298 4068 322 4110 et
339 4066 430 4111 coletur
444 4067 544 4123 propter
560 4064 663 4122 aquilam
679 4064 789 4118 attairtit,
814 4077 882 4123 quam
900 4065 961 4111 bello
982 4065 1097 4111 Cimbrico
1118 4065 1143 4112 C.
1160 4066 1253 4111 Mariua
1271 4067 1295 4110 itt
1310 4075 1365 4109 erar

190 4152 237 4216 citu
253 4149 359 4195 tutatae
376 4149 503 4195 dicebatur.

258 4255 271 4319 5
288 4258 331 4304 26.
349 4257 440 4302 laborer
457 4253 507 4315 tui]
525 4255 604 4300 Sole.
615 4254 639 4300 5.
660 4255 750 4312 Carpus
764 4258 857 4314 patirur
875 4259 980 4308 inediae.
998 4259 1100 4316 otgario,
1118 4259 1216 4315 uigiliae
1228 4264 1365 4316 supraque!
1414 4281 1415 4290 .

192 4342 298 4400 cuiquam
321 4340 430 4386 credibile
454 4342 494 4384 eat.
518 4350 565 4397 pro
587 4336 677 4383 Caelio
699 4337 711 4398 5
733 4340 771 4386 12.
808 4341 898 4386 Staduit
924 4341 1039 4387 Catilinae
1063 4341 1161 4387 Caelius.
1197 4341 1230 4386 Et
1253 4342 1317 4387 mutii
1330 4339 1366 4382 iot
