2850 4759
323 307 493 379 ORATIO
517 310 544 376 l.
570 307 617 376 ΙΝ
638 306 905 378 CATILINAM.
1136 308 1199 373 181

54 471 146 543 serbis
173 484 311 553 tangens
338 470 535 538 relationem
566 468 778 539 consularem
808 470 891 553 Cap.
915 471 963 537 ὅθ.
992 468 1136 538 Verum
1164 468 1198 537 id

50 578 118 645 olim
139 579 250 646 rreccio
271 577 326 644 eui
352 576 494 643 invidiae
516 577 549 642 in
564 576 766 644 Ciceronem
783 571 956 643 mortuum
979 576 1198 653 tribuebatur,

49 675 139 759 adeo,
160 691 352 765 utpropter
375 678 406 746 id
432 681 560 762 ipsum,
583 677 763 762 quadres,
792 679 844 745 uti
864 689 979 763 gestae
1000 689 1110 755 eraut,
1132 689 1199 746 tra·

50 785 336 855 dideratsummus
350 785 516 870 scriptor,
539 782 650 851 malus
672 783 746 850 veri
769 796 888 851 auctor
908 806 928 851 a
950 780 1116 867 plerisque
1137 780 1198 850 ha·

49 889 182 958 beretur.
1062 917 1065 923 ·
1128 919 1130 922 ’

114 992 191 1070 set..
219 1006 275 1073 ut,
305 991 395 1061 unde
418 991 577 1074 degressa
600 1003 671 1068 est,
701 1003 893 1060 revertatur
912 992 1034 1071 oratio,
1065 1013 1197 1061 errores

48 1095 104 1174 illi,
133 1120 221 1182 quos
249 1098 370 1164 Cicero
401 1096 473 1180 ipse
500 1097 531 1163 iu
566 1116 603 1163 se
633 1095 816 1163 admittere
844 1118 1017 1178 rruuquam
1045 1108 1196 1182 poterat,
1276 1163 1278 1168 Α

49 1200 135 1267 tribui
156 1202 278 1270 debent
301 1202 422 1285 partim
448 1197 635 1268 incredibili
659 1197 881 1281 negligentiae
903 1199 993 1267 illius
1013 1198 1198 1268 Pseudoc-

46 1293 333 1390 cerouumpaene
364 1303 506 1371 dixerim
535 1315 664 1388 sectae,
701 1304 756 1387 qui
787 1300 945 1374 lromines-
969 1305 1073 1371 verta
1097 1306 1197 1372 turice

48 1413 204 1493 captantes
230 1431 346 1477 rerum
368 1429 488 1492 parum
510 1407 656 1489 religiosi
678 1419 775 1473 eraut
797 1406 1074 1488 investigatores,
1094 1408 1198 1476 ctiam>

47 1514 94 1580 ubi
112 1512 305 1596 lacellimum
325 1524 416 1580 esset
438 1517 557 1578 verum
581 1513 614 1578 in
638 1510 779 1593 siugulis
800 1510 898 1580 dictis
920 1511 1084 1595 factisque
1104 1513 1198 1580 iure-

47 1617 123 1696 nire‚
142 1616 235 1684 velut
260 1618 386 1684 intuta
410 1615 473 1683 hac
498 1625 613 1693 causa,
634 1613 825 1697 diligentius
847 1614 1016 1700 aliquanto
1039 1615 1196 1699 perlectis

48 1722 280 1790 commentariis
290 1720 483 1799 Ciceronis,
505 1721 622 1798 attici,
644 1718 798 1799 Salustii;
817 1723 939 1803 partim
955 1722 1061 1804 repeti
1075 1719 1197 1789 debent
1243 1726 1252 1733 '

47 1824 195 1894 eiusmodi
216 1825 331 1910 lapsus
353 1847 372 1893 a
393 1827 484 1894 tristi
501 1826 717 1902 necessitate,
738 1847 837 1908 quam
856 1824 1009 1908 ipse'sibi
1027 1824 1197 1907 memus

47 1941 96 1996 rat
115 1931 260 2013 scriptor
290 1932 490 2015 praesertim
520 1944 675 2013 quartae,
704 1952 782 1997 cram
816 1930 1018 1997 Ciceronem
1048 1949 1091 1996 ee
1115 1927 1195 1998 loco

45 2034 130 2100 veria
149 2034 328 2102 facientem
346 2033 538 2112 induceret,
561 2057 626 2118 quo
644 2047 711 2102 tam
730 2033 863 2116 longam
881 2037 1069 2102 orationem
1081 2054 1196 2117 ‘neque

46 2131 144 2204 habuit
171 2158 281 2222 neque
312 2138 450 2205 omuino
479 2136 601 2205 habere
630 2150 784 2221 poteram
811 2159 876 2222 que
906 2137 948 2206 de
973 2156 1019 2206 re'
1036 2136 1194 2210 consulas

47 2235 112 2308 licet
129 2240 214 2311 illius
240 2240 496 2309 declamationis
518 2242 844 2325 interpretationem.
905 2247 907 2252 ’

21 2415 23 2418 .
111 2344 212 2436 Quod
240 2346 273 2414 si
297 2345 380 2413 Tiro
401 2367 547 2429 ‘prorsus
574 2344 659 2413 liber
689 2360 751 2413 est·
776 2368 795 2412 a
824 2343 945 2431 culpa,
976 2346 1072 2415 cums
1099 2368 1195 2435 earm,

46 2445 270 2525 vere'dicami
303 2439 464 2532 perquam
500 2448 624 2516 irritus
660 2452 835 2529 accusavi,
869 2448 924 2518 alii
960 2448 1090 2518 rhetori
1123 2452 1195 2526 eius

46 2549 283 2633 seqrrali'erunt
312 2551 554 2620 adiudicandae
581 2565 614 2621 et
641 2565 711 2621 tres·
736 2555 914 2623 orationes
929 2556 1133 2639 posteriores
1160 2569 1195 2625 et
1277 2587 1279 2591 ¹

44 2647 125 2721 locus
151 2655 205 2722 ille
239 2668 483 2725 controversus
511 2656 598 2740 Epo
633 2657 678 2724 ad
707 2660 778 2725 au.
802 2662 839 2736 2,
860 2662 907 2735 1.,
939 2681 1141 2743 quamquam
1164 2662 1193 2730 si

45 2754 98 2823 suit
110 2759 225 2829 aliusa
245 2761 389 2838 Tirone,
411 2758 574 2828 difficilius
590 2773 642 2828 est
652 2761 842 2841 intellectu,
863 2786 929 2846 quo
945 2763 1051 2831 modo
1064 2786 1195 2849 quaque
1222 2775 1224 2784 ²
1331 2755 1334 2758 ¹

45 2869 104 2926 arte
121 2860 215 2932 locus
235 2866 300 2931 iste
320 2866 351 2930 iu
373 2862 492 2936 harrrm
515 2863 743 2947 Epistularum
761 2865 916 2949 exempla
932 2865 1120 2936 inculcatus
1138 2869 1194 2940 sit.

45 2957 152 3034 Verum
184 2981 224 3037 ut
256 2965 342 3041 dixi,
372 2964 680 3050 quomodocunque
703 2966 769 3034 lroc
793 2970 1010 3042 factumest,
1041 2971 1087 3036 ita
1109 2971 1194 3039 hacc

45 3081 109 3136 sunt
135 3072 219 3140 iuter
241 3093 279 3141 se
299 3092 452 3139 connexa
479 3082 514 3137 et
530 3070 719 3154 implicata,
748 3082 841 3139 utet
867 3073 1035 3139 orationes
1055 3095 1074 3139 a
1094 3074 1192 3141 uobis
1220 3075 1222 3077 ’
1285 3137 1290 3164 ,

45 3167 237 3255 impugnatae
271 3188 306 3243 et
331 3174 531 3258 particulam
560 3174 651 3242 illam
676 3173 836 3259 epistolae
857 3189 914 3242 aut
934 3199 997 3259 pro
1023 3177 1110 3244 reris
1135 3187 1193 3245 aut

45 3292 95 3351 pro
111 3277 504 3360 adulterinishabeamus
524 3300 662 3346 necesse
680 3281 742 3358 sit;
763 3303 827 3346 uua
845 3292 954 3360 stant,
975 3280 1193 3353 unacadunt.
1307 3289 1309 3294 ’

108 3375 317 3450 Postremum
340 3396 451 3452 autem
474 3382 540 3451 hoc
562 3386 624 3450 erit
643 3397 780 3452 nostrae
800 3407 921 3453 causae
940 3398 1191 3467 argumentum,
1231 3462 1237 3468 ,
1279 3378 1285 3396 ’
1336 3441 1341 3454 s

46 3482 119 3561 qrrod
145 3487 281 3567 Cicero,
300 3490 374 3572 (qui
400 3489 472 3570 ipse
492 3511 626 3571 quoque
650 3489 779 3571 primae
800 3492 960 3557 orationis
986 3491 1190 3559 mentionem

45 3580 132 3653 iniicit
149 3590 182 3657 iu
207 3592 361 3686 Oratoris
385 3598 403 3673 ς
426 3595 494 3660 les.
520 3614 544 3658 a
564 3593 664 3661 notis
682 3591 792 3658 homo
812 3593 1074 3664 audacissimus
1094 3592 1192 3662 Cati*
1222 3615 1224 3620 ’

45 3682 115 3772 ίὶηιιι
131 3693 166 3758 in
196 3708 324 3762 senatu
352 3708 543 3764 accusatus
572 3697 785 3791 obmutuitr)
816 3697 938 3767 uudtas
967 3700 1122 3782 profecto
1158 3712 1192 3767 et
1269 3771 1272 3772 a

46 3795 242 3867 srenissimas
267 3821 386 3869 causas
411 3797 567 3878 habuisse
591 3798 743 3879 videtur,
765 3805 826 3868 cur
853 3804 892 3868 ab
920 3800 992 3872 aliis
1018 3803 1050 3869 iu
1076 3801 1190 3871 Catili·

45 3896 140 3966 uarios
168 3901 379 3972 elaborandis
412 3916 512 3986 atque
540 3904 682 3972 edendis.
709 3925 852 3986 prorsus
881 3904 1080 3985 abstinerem
1110 3927 1189 3974 cum

45 4005 225 4073 praesertim
260 4018 365 4074 totam
402 4007 642 4076 coniurationis
676 4007 797 4075 scriem
832 4006 1038 4077 Consulatus
1073 4012 1126 4077 sui
1156 4023 1191 4078 et

47 4113 276 4181 commentariis
310 4125 343 4180 et
375 4119 531 4196 po'e'mate
561 4116 641 4183 satis
678 4134 845 4197 superque
874 4116 940 4181 iam
975 4112 1190 4197 explicasset.

47 4201 129 4294 Quae
149 4213 280 4296 quidem
304 4216 429 4299 scripta
453 4216 557 4298 louge
577 4218 693 4287 miuus
712 4220 874 4286 invidiosa
900 4230 1013 4298 erant,
1034 4242 1131 4303 quam
1159 4218 1189 4290 si
1280 4224 1282 4228 ⁴

46 4309 157 4390 primae
190 4330 256 4388 tres
291 4319 372 4387 alias
403 4321 571 4390 orationes
601 4326 743 4389 comites
774 4320 999 4401 adiunxisset,
1036 4323 1187 4404 quasab
1220 4348 1222 4352 ·

49 4416 184 4489 cunibus
215 4434 247 4492 et
277 4424 394 4494 amicis
425 4410 625 4494 etinimicis
652 4423 761 4494 multo
790 4422 975 4492 studiosius
1005 4442 1104 4504 quam
1130 4421 1187 4490 illa
