2850 4759
227 263 286 328 111
698 253 936 333 CICERONIS

228 425 470 503 imperatores,
505 430 544 485 ut
574 418 616 485 ab
647 415 704 485 illo
738 417 881 496 insignia
909 414 1090 489 victoriae,
1122 417 1192 481 hon
1221 413 1381 479 victoriam

225 533 449 603 reportarent.
473 516 732 599 'triumphavit
755 519 791 583 L.
815 517 927 592 Sulla,
950 514 1172 596 triumphavit
1197 516 1231 584 L.
1257 517 1383 603 Murem

225 623 268 687 de
299 621 514 702 Mithridate,
546 620 615 685 duo
647 618 824 685 fortissimi
852 619 976 681 viriet
1006 619 1143 682 summi·
1164 619 1382 697 imperatores,

223 722 283 789 ssd
310 725 355 788 ita
384 719 653 802 triumpharunt,
675 731 711 782 ut
735 716 791 782 ille
816 715 935 797 pulsus
956 730 1204 799 superatusque
1232 727 1381 795 regnaret.

223 822 465 888 Verumtamen
500 820 565 886 illis
600 819 860 899 imperatoribus
886 816 959 883 lans
994 828 1046 884 est
1076 804 1274 894 tribuenda,
1313 816 1381 897 quod

223 908 382 1003 egerunt,
411 922 508 987 venia
541 917 669 995 danda,
706 918 807 999 ,quod
834 916 1062 997 reliquerunt3
1096 926 1283 998 propterea
1312 915 1382 998 quod

222 1026 264 1091 ab
293 1045 333 1089 eo
357 1020 455 1089 bello
469 1018 596 1087 Sullam
619 1021 653 1085 in
676 1018 889 1083 ltaliamres
910 1014 1064 1097 publica,
1095 1016 1280 1082 Murenam
1311 1016 1382 1082 Sulla

220 1123 409 1192 revocavit.
603 1136 606 1143 ’
1297 1182 1299 1185 ,

180 1220 201 1281 9
298 1223 363 1286 lV.
405 1209 624 1287 Mithridates¹
647 1231 760 1285 autem
788 1237 890 1285 omtre
919 1216 1083 1299 reliquum
1112 1230 1249 1299 tempus
1272 1238 1334 1283 non
1352 1215 1383 1282 ad

219 1321 425 1388 oblivionem
448 1322 573 1387 veteris
598 1314 692 1395 belli,
713 1317 774 1384 sed
798 1319 838 1384 ad
865 1319 1261 1398 comparationemnori
1286 1329 1384 1382 coruu-

213 1421 275 1487 lu:
307 1423 363 1502 qui
387 1432 610 1502 posteaquam
636 1416 803 1485 maximas
836 1417 1049 1484 aedificasset
1069 1414 1302 1499 ornassetque
1316 1416 1384 1480 elas·

219 1541 299 1597 ses,
331 1521 570 1601 exercitusque
604 1539 840 1599 perruagnos,
876 1519 1131 1599 quibuscunque
1163 1518 1380 1596 exgentibus

217 1620 404 1702 potuisset,
434 1629 667 1699 comparasset
686 1630 720 1683 et
742 1637 778 1684 se
796 1617 1019 1697 Bosporanis,
1046 1616 1198 1682 finitimis
1223 1620 1310 1692 suis,
1331 1614 1383 1680 bel·

217 1722 289 1786 lum
318 1720 444 1784 inferre
465 1717 660 1805 simularet,
695 1738 803 1798 usque
833 1719 867 1782 iu
896 1717 1092 1796 Hispaniam
1117 1716 1255 1794 legatos
1281 1738 1318 1782 ac
1342 1714 1382 1779 lit·

218 1814 419 1884 teras'misit
436 1818 478 1883 ad
497 1839 557 1884 eos
580 1818 703 1894 duces,
724 1818 927 1898 quibuscum
947 1832 1017 1881 tum
1036 1816 1160 1881 bellum
1181 1819 1380 1897 gerebamus,

218 1929 277 1994 ut,
299 1939 378 1985 cum
400 1917 531 1991 duobus
554 1918 586 1981 iu
613 1915 698 1983 locis
730 1916 985 1983 diiunctissimis
1016 1918 1233 1996 maximeque
1256 1917 1379 1982 diversis

218 2038 287 2082 uno
315 2015 457 2086 consilio
491 2038 509 2082 a
538 2018 626 2082 binis
652 2015 803 2083 hostium
830 2019 935 2096 copiis
965 2015 1089 2081 bellum
1118 2029 1208 2081 terra
1246 2017 1380 2095 marique

202 2108 413 2197 Ι3111111111,
436 2137 496 2182 vos
517 2116 654 2198 ancipiti
674 2118 893 2181 contentione
914 2114 1058 2181 districti
1077 2116 1119 2180 de
1138 2117 1283 2196 imperio
1300 2116 1379 2181 dimi-

158 2216 197 2277 tb
217 2212 356 2283 caretis.
397 2214 463 2281 Sed
492 2228 605 2280 tamen
634 2215 775 2282 alterius
802 2217 908 2298 partis
936 2215 1144 2300 periculum,
1178 2217 1379 2282 Sertorianae
1409 2260 1414 2315 Ι

283 2398 295 2460 1
316 2401 340 2446 9.
359 2401 415 2445 belli
431 2402 513 2444 ueteris
530 2399 559 2445 P.
577 2413 627 2445 uon
645 2400 674 2446 E.
692 2425 726 2437 —
738 2400 872 2460 simularet]
890 2401 919 2447 P.
938 2401 967 2447 E.
984 2403 1114 2446 simulasset
1130 2401 1187 2447 Ern.
1204 2422 1235 2437 -·
1251 2416 1279 2446 nc
1296 2395 1378 2455 litteras]

215 2480 245 2526 P.
263 2480 292 2524 E.
315 2482 440 2524 Ecbatanis
463 2481 562 2525 Ascens.
590 2481 663 2525 1531.
686 2481 795 2525 11111-
815 2483 926 2526 Firmant
949 2483 978 2528 P.
1001 2484 1031 2528 Ε.
1048 2485 1105 2529 lect.
1122 2499 1137 2529 a
1155 2484 1215 2530 linis
1233 2497 1282 2544 pro
1298 2484 1325 2528 ab
1340 2482 1378 2525 1111

215 2560 468 2605 Manna-Firmum
484 2561 514 2605 Ρ.
532 2561 561 2605 Ε.
578 2563 680 2605 districti
697 2575 745 2620 pro
762 2564 869 2618 distracti
882 2564 950 2616 Man.

283 2648 295 2709 b
315 2649 354 2693 10.
375 2647 595 2710 rerumgestarum]
615 2651 644 2695 P.
662 2650 691 2696 Ε.
708 2656 766 2709 gest.
784 2666 861 2697 rerum
879 2654 938 2710 Ern,

282 2806 338 2876 111.
359 2818 516 2893 1111111αηί1]
539 2820 632 2867 scrobs
661 2820 769 2880 Bospori
794 2824 931 2880 Cimmerii,
961 2825 1046 2885 quibus
1069 2827 1112 2872 sub
1135 2825 1266 2885 imperium
1290 2825 1377 2872 reductis

212 2898 367 2946 Mithridates
384 2900 525 2949 Macharem
542 2903 618 2959 filium
636 2918 717 2962 regem
734 2904 859 2964 imposuit.
876 2907 986 2965 Appiam.
1003 2908 1086 2953 Mltbr.
1100 2909 1143 2963 64,
1161 2910 1225 2953 Bais.
1238 2933 1274 2946 -
1296 2912 1318 2953 s's
1340 2908 1376 2950 fli-

183 3028 186 3035 .
212 2982 330 3048 spartium]
349 2987 381 3030 ad
394 2986 422 3039 Q.
436 2987 569 3034 Sertorium
587 2989 687 3048 legatos
703 2988 767 3063 misit
784 2989 812 3032 L.
825 2988 934 3046 Magium
946 2994 970 3033 et
983 2990 1009 3034 L.
1022 2990 1149 3035 Fannium.
1163 2989 1234 3036 verr.
1251 2990 1332 3046 rste,
1343 2988 1375 3047 ⁸l·

279 3074 291 3136 b
314 3077 355 3133 llis
377 3077 417 3122 Cn.
435 3072 564 3138 Pompeii]
582 3092 606 3123 a.
625 3092 648 3124 u.
667 3092 688 3124 c.
708 3079 767 3137 682.
786 3091 840 3122 cum
857 3078 967 3123 Sertorio
984 3094 1000 3122 a
1017 3080 1052 3124 M.
1069 3080 1197 3138 Perperna
1214 3079 1375 3126 (11111οΡ11-

210 3156 281 3215 peius
298 3158 449 3217 Perpernam
468 3161 559 3206 rictum
577 3165 727 3219 captumque
743 3158 834 3204 occidit
852 3158 989 3225 bellumque
1006 3162 1121 3207 confecit.
1138 3162 1250 3221 Appiae.
1268 3163 1297 3206 B.
1314 3160 1338 3206 c.
1354 3159 1375 3209 l·
1411 3192 1412 3217 3

213 3240 385 3298 11811111-
395 3241 425 3284 L.
441 3239 551 3300 Lucullo]
570 3241 612 3301 qui
629 3243 662 3285 ad
679 3240 809 3298 Cyzicum,
827 3242 913 3286 eodem
932 3255 954 3286 a.
971 3243 1030 3295 682.
1049 3245 1148 3300 proelio
1161 3244 1252 3290 rictum
1261 3240 1375 3299 Mithrida·

209 3326 258 3365 tem
276 3320 300 3365 in
318 3321 424 3366 Pontum
442 3321 554 3381 refugere
571 3322 668 3380 coegita
693 3336 821 3383 rursusque
839 3325 925 3377 eodem
944 3337 1008 3379 anno
1026 3326 1058 3368 ad
1076 3326 1166 3372 cabira
1185 3327 1222 3371 ita
1239 3325 1301 3371 fudit
1317 3324 1375 3380 top·

210 3401 293 3461 vitque
302 3402 376 3448 Ponti
385 3416 474 3461 regem,
492 3408 517 3448 ut
528 3405 559 3448 ad
569 3403 699 3462 Tigranem
711 3403 860 3461 profugeret.
874 3429 904 3439 ·-
918 3410 1035 3459 extremo,
1054 3422 1111 3464 quus
1123 3406 1206 3466 reaper]
1225 3422 1248 3452 a.
1260 3422 1283 3452 u.
1295 3420 1315 3449 c.
1327 3403 1374 3446 637-

208 3482 363 3555 Mithridates
389 3489 414 3528 et
436 3483 555 3541 Tigranes
581 3483 640 3530 victi
662 3486 694 3528 ad
712 3485 820 3529 Arsacen
840 3484 988 3532 Parthorum
1006 3503 1088 3546 regem
1105 3490 1268 3547 confugerant
1286 3497 1373 3543 eumque

207 3564 322 3611 adversus
340 3565 467 3609 Romanos
485 3564 687 3610 sollicitaverant.
735 3566 789 3616 Qua
814 3579 840 3609 re
858 3569 958 3625 cognita
977 3571 1090 3615 Lucullus
1108 3585 1162 3615 cum
1179 3569 1203 3614 in
1221 3570 1326 3614 Parthos
1341 3578 1373 3609 es·

206 3650 256 3690 stra
275 3657 375 3690 movere
392 3644 527 3697 statuisset,
554 3645 675 3691 seditlone
692 3646 795 3691 militum
813 3653 947 3706 exceptus,
973 3648 1015 3707 qui
1033 3648 1191 3706 asperitatem
1209 3649 1272 3693 caeli
1290 3654 1314 3691 et
1329 3645 1372 3687 luu-

205 3725 366 3785 glnquitatem
385 3725 553 3783 expeditionis
577 3739 607 3770 ac
625 3726 790 3772 difficultatem
808 3742 857 3773 non
875 3729 952 3787 magis
970 3730 1171 3787 reformidarent,
1200 3743 1273 3789 quam
1291 3721 1372 3772 incitati

205 3807 314 3853 maxime
332 3822 348 3851 a
367 3806 472 3862 Clodio,
491 3806 589 3853 homine
607 3807 725 3853 seditioso
743 3812 878 3868 eodemque
895 3811 982 3856 uxoris
1001 3812 1095 3855 Luculli
1113 3811 1201 3865 fratre,
1219 3810 1372 3856 austeritatem
1409 3816 1410 3833 ³

157 3891 158 3895 ’
204 3888 273 3933 ducis
290 3889 481 3944 detestarentur,
508 3889 588 3934 redire
606 3895 706 3934 coactus
724 3896 768 3934 est.
804 3892 859 3943 Quo
877 3893 946 3937 facto
965 3892 1118 3937 Mithridates
1136 3892 1160 3936 in
1178 3892 1285 3938 Pontum
1302 3901 1370 3936 rerer·
1409 3864 1410 3925 l

203 3983 258 4022 sus,
276 3970 305 4022 Q.
323 3969 419 4020 Fabio,
437 3982 507 4027 quem
525 3970 640 4015 Lucullus
656 3971 680 4015 in
698 3970 781 4017 Ponto
799 3974 831 4017 ad
849 3970 998 4029 praesidium
1015 3971 1160 4029 reliquerat,
1184 3970 1266 4026 ricto,
1285 3978 1370 4027 equum
1409 3953 1410 4003 Ῠ

203 4061 271 4093 suum
290 4045 452 4105 recuperarit.
489 4048 544 4100 Quo
563 4051 659 4109 quidem
677 4053 773 4108 pudore
790 4052 888 4097 adducti
907 4052 994 4097 milites
1008 4052 1112 4096 Romani
1129 4051 1287 4110 ignominiam
1310 4050 1369 4095 istan
1409 4033 1410 4055 l

202 4128 276 4173 ulturi
294 4132 325 4174 ad
343 4143 412 4174 arma
431 4140 620 4185 concurrerunt,
639 4134 680 4176 sed
698 4132 861 4190 imprudentia
880 4134 909 4177 C.
928 4132 1017 4178 Triarii
1036 4133 1127 4192 legati,
1151 4148 1205 4180 cnm
1224 4129 1368 4192 imperatori.
1408 4058 1411 4181 Ι

201 4207 242 4265 qui
260 4207 388 4254 confestim
411 4222 464 4255 cum
486 4211 597 4257 maxims
621 4212 745 4257 exereitus
769 4220 841 4270 purte
858 4215 1062 4274 subsequebatur,
1087 4218 1234 4276 praecipere
1251 4213 1368 4262 victoriae
1408 4256 1409 4259 ,
