2850 4759
189 273 250 338 2⁰8
668 263 908 342 CICERONIS

190 434 220 501 si
243 429 358 509 illurn,
387 441 426 499 ut
447 440 521 498 erut
540 427 702 508 meritus,
733 437 846 495 morte
872 425 1089 503 multassein,
1122 422 1214 501 sore,
1246 435 1286 491 ut
1308 425 1378 493 eiras

190 538 305 612 socios
326 534 452 602 invidia
474 552 661 617 oppressus
683 532 839 615 persequi
865 553 934 598 arou
955 550 1112 612 possem,
1134 549 1207 594 rem
1231 527 1301 593 buc
1325 528 1379 593 de·

191 640 296 719 dccxi,
330 649 369 704 ut
398 648 470 704 tuus
491 634 604 719 palam
626 656 780 719 pugnare
801 635 969 718 possetis,
1003 653 1082 699 cum
1106 631 1242 698 bostem
1266 643 1379 713 aperte

191 741 366 809 videretis.
410 737 524 831 Quem
545 738 681 821 quidem
702 758 766 819 ego
789 735 941 813 hostem,
964 734 1134 827 Quirites,
1156 755 1261 817 quam
1285 734 1380 799 veho-

191 854 326 911 menter
353 842 439 912 ioris
468 862 543 911 esee
571 839 760 908 timendum
790 852 927 923 putem,
958 836 1039 905 licet
1065 829 1146 907 hinc
1166 835 1378 919 intelligatis,
1407 833 1409 950 l

192 943 283 1029 quod
306 943 408 1011 etiam
430 942 514 1010 illud
537 941 682 1011 moleste
703 944 798 1022 fero,
828 941 917 1027 quod
946 962 990 1008 ex
1015 943 1101 1007 urbe
1130 962 1256 1024 parum
1279 941 1379 1006 eomi-
1408 963 1409 1036 ᾗ

193 1059 284 1116 tatus
306 1047 441 1114 exierit·
483 1047 620 1116 Utinam
643 1045 699 1113 ille
721 1067 841 1114 ornnes
862 1067 980 1113 seeum
1002 1065 1083 1113 suas
1105 1045 1223 1127 copias
1248 1045 1381 1111 erluxis·
1408 1045 1409 1048 ’

192 1148 262 1218 set!
293 1148 489 1231 Tongilium
512 1148 592 1217 mibi
616 1149 746 1225 eduxit,
768 1171 869 1233 qrrem
892 1169 1008 1215 anime
1028 1149 1062 1215 iu
1078 1161 1262 1231 praetexta
1279 1147 1381 1229 [calu
1408 1168 1410 1248 ss

193 1253 298 1336 sunia]
321 1264 502 1337 coeperam
538 1250 728 1321 Publicium
751 1265 785 1319 et
806 1254 1022 1329 Munatium,
1056 1274 1203 1334 quorum
1226 1272 1286 1318 aes
1309 1251 1382 1317 alie·
1408 1263 1410 1344 t

192 1380 277 1426 rrum
298 1368 516 1440 contractum
540 1355 572 1423 in
587 1356 711 1440 popina
728 1354 858 1423 nullum
876 1356 922 1422 rei
938 1354 1094 1439 publicae
1109 1369 1247 1422 motum
1264 1356 1380 1423 afferre
1409 1365 1411 1438 g

194 1473 348 1545 poterat:
372 1459 509 1543 reliquit
530 1479 617 1542 quos
639 1457 748 1527 viros!
770 1471 897 1543 quanto
913 1480 990 1527 aere
1005 1457 1131 1526 alieno!
1151 1480 1260 1538 quam
1276 1456 1383 1523 valeu-

197 1563 265 1638 tes!
287 1584 388 1647 quam
411 1560 564 1634 nobiles!
1150 1619 1154 1625 .
1238 1636 1242 1643 ,
1334 1615 1342 1634 .

154 1663 174 1728 5
274 1668 336 1730 lll.
379 1665 495 1749 ltaque
518 1686 582 1747 ego
605 1662 701 1733 illum
725 1665 915 1734 exereitum
938 1675 973 1732 et
988 1662 1171 1731 Gallicanis
1195 1661 1381 1745 legionibus
1410 1681 1412 1740 ς

195 1780 231 1836 et
251 1767 319 1835 boo
340 1766 493 1845 delectu,
516 1789 617 1851 qrrem
639 1768 673 1835 in
696 1788 781 1849 agro
802 1769 928 1836 Piceno
951 1780 985 1835 et
1000 1765 1133 1835 Gallico
1151 1768 1203 1858 Ω.
1222 1766 1381 1834 Metellus

196 1870 331 1946 habuit,
369 1868 483 1938 ethis
514 1870 644 1954 copiis,
684 1892 770 1955 quae
798 1894 816 1938 a
843 1872 941 1945 nobis
969 1871 1093 1938 cotidie
1121 1883 1381 1953 comparantur,

197 1994 322 2055 suagrio
352 1994 457 2057 opere
485 1985 688 2053 concitemuo,
724 1972 909 2041 collectum
938 1994 982 2041 ex
1009 1975 1146 2044 senibus
1176 1972 1380 2055 desperatis,

198 2098 243 2145 ex
270 2079 397 2159 agresti
423 2076 584 2158 luxuria,
620 2098 665 2144 ex
692 2078 829 2144 rusticis
859 2076 1125 2151 decoctoribus,
1160 2077 1296 2154 exiis,
1331 2077 1380 2160 qrri

198 2179 395 2248 vadimonia
421 2178 580 2249 deserere
608 2200 709 2263 quam
733 2177 828 2245 illum
850 2180 1040 2247 exereitum
1063 2176 1282 2259 maluerunt3
1316 2184 1381 2262 qui·

198 2284 262 2353 bus
284 2305 348 2367 ego
369 2307 438 2352 nou
460 2283 564 2352 morlo
586 2283 615 2351 si
636 2284 746 2350 aciem
775 2282 948 2364 exercitus
975 2282 1101 2359 nostri,
1136 2304 1262 2360 verum
1286 2285 1379 2350 etiam

198 2390 227 2458 si
249 2386 399 2456 edictum
422 2386 589 2470 praetoris
606 2383 812 2463 ostendero,
834 2384 1027 2454 concident.
1067 2385 1161 2465 Hos,
1184 2407 1274 2469 quos
1291 2385 1380 2452 viden

199 2489 342 2558 uolitare
364 2489 397 2557 in
419 2491 517 2574 foro,
539 2508 624 2571 quos
646 2501 737 2556 stare
759 2486 801 2555 ad
824 2487 974 2565 curiam,
1002 2510 1088 2572 quos
1110 2490 1213 2556 etiam
1236 2491 1272 2556 iu
1294 2511 1381 2558 serra·

107 2663 116 2680 ,
201 2594 433 2671 tum÷veuire3
454 2593 511 2675 qtri
533 2591 641 2657 nitent
660 2590 863 2671 unguentis,
885 2592 940 2674 qni
963 2590 1095 2673 fulgent
1109 2614 1284 2675 purpura,
1306 2592 1381 2659 mal-

199 2693 267 2784 lem
296 2714 413 2772 serum
442 2714 525 2761 suos
554 2691 678 2762 milites
712 2693 909 2761 eduxisset:
946 2694 1058 2778 quisi
1085 2695 1140 2761 hic
1167 2707 1379 2777 permanent,

201 2809 412 2866 mementote
439 2820 507 2864 nou
539 2809 608 2864 tam
636 2797 828 2864 exercitum
849 2796 944 2863 illum
966 2817 1042 2864 esse
1063 2797 1160 2865 nobis
1182 2819 1286 2880 quarn
1308 2796 1379 2874 bos,

200 2901 258 2985 qui
273 2900 462 2968 exercitum
479 2900 719 2975 deseruerunt,
742 2900 1054 2986 pertimescendos..
1075 2904 1187 2984 Atque
1202 2901 1271 2968 boc
1285 2902 1378 2969 etiam

201 3016 283 3074 suut
305 3005 443 3073 timendi
465 3005 594 3085 magu,
618 2989 731 3088 qtrod',
753 3003 833 3088 quid
856 3003 1025 3083 cogitent,
1047 3025 1102 3070 me
1124 3004 1212 3072 scire
1233 3005 1379 3073 sentiunt

201 3181 242 3238 qui
248 3178 323 3224 Tul).
333 3203 360 3242 3-
370 3179 439 3223 etiam
447 3173 521 3240 illuri]
534 3175 564 3223 Τ.
576 3177 632 3223 Om.
645 3178 705 3223 iilud
716 3176 745 3224 li.
758 3178 817 3223 illuri
827 3178 895 3222 etiam
902 3177 961 3224 Em.
974 3203 1008 3216 -
1018 3193 1098 3224 emere
1109 3181 1133 3224 iu
1139 3177 1376 3237 praetectueaturauia

201 3259 324 3323 comuni]
347 3261 387 3307 Sis
410 3261 484 3307 etium
507 3262 560 3307 ΤΒ.
583 3274 662 3306 amare
686 3266 796 3320 coeperat
818 3265 842 3307 in
862 3267 987 3320 praetextu
1011 3265 1127 3310 calumnie
1144 3264 1173 3310 P.
1212 3265 1330 3309 Columnis
1345 3266 1376 3306 est

201 3347 276 3407 gloss.
295 3345 450 3393 rhetoricum.
467 3369 502 3390 -ι
515 3347 630 3403 popinam
647 3344 676 3393 Ρ.
697 3371 728 3383 -
747 3361 801 3392 sere
817 3344 906 3409 alieno]
924 3347 978 3395 Tu.
995 3350 1073 3396 aliem
1089 3363 1142 3395 uere
1159 3349 1218 3396 Ero.
1237 3373 1269 3388 ·-
1286 3341 1376 3403 weita]

202 3429 242 3477 stc
260 3429 335 3477 etism
351 3428 427 3475 TRP.
445 3441 509 3475 nou:
536 3429 637 3489 nobiles,
654 3445 695 3476 nos
712 3432 804 3477 uidetis.

270 3512 324 3576 lb.
346 3527 377 3558 ee·
403 3512 468 3559 Gatt.
491 3513 546 3566 Tit,
565 3541 598 3554 -
616 3530 646 3560 er
667 3517 712 3561 ibe
737 3515 767 3560 tt.
791 3514 852 3576 (uos
874 3513 918 3575 Τ.)
935 3538 970 3552 -
985 3520 1010 3560 ei
1026 3531 1056 3561 sc
1072 3518 1109 3561 iris
1127 3513 1157 3563 R.
1175 3514 1238 3577 (nou
1255 3512 1296 3576 Τ.)
1311 3534 1343 3552 ι·
1355 3514 1376 3556 sl

201 3599 291 3656 agresti
308 3597 339 3643 ii.
357 3597 417 3658 (uon
431 3595 472 3656 Τ.)
484 3623 518 3636 -
530 3593 673 3646 debitoribus
689 3612 809 3658 superscr.
829 3604 889 3650 coc&
907 3600 937 3646 tt.
954 3622 989 3636 —
1006 3614 1037 3645 ex
1053 3601 1103 3655 au,
1120 3602 1161 3661 qui
1177 3602 1232 3648 Tu.

200 3765 233 3801 u
257 3755 357 3814 equestri
379 3756 462 3800 ordine
484 3757 620 3813 Pompilios
642 3760 665 3801 et
686 3756 773 3800 Vettios
796 3756 843 3800 sibi
859 3757 1013 3802 amicissimos
1030 3757 1184 3814 comparauit.
1203 3782 1237 3795 -
1254 3751 1373 3801 Publicium

201 3839 315 3898 questam
332 3840 474 3896 temporibus
490 3839 539 3884 illis
557 3839 680 3900 (actionis
705 3837 838 3897 Verriuae)
856 3842 880 3884 iu
898 3841 1021 3890 diuidenda
1036 3823 1134 3897 pecunia
1147 3841 1240 3897 populo
1251 3838 1373 3900 summissi

201 3935 263 3968 mum
287 3929 406 3969 memorat
430 3922 643 3970 Pseudusscouius
661 3923 685 3970 iu
704 3922 793 3968 Acti·
815 3924 884 3970 Verr.
902 3922 913 3984 i
930 3925 975 3972 22.
999 3925 1130 3970 Murratium
1148 3922 1313 3986 (Plancumi)
1341 3920 1372 3966 sie

201 4008 265 4054 uude
283 4006 344 4066 poni
360 4008 470 4053 maxime
488 4005 570 4052 mirari
589 4004 660 4052 subit.
696 4029 702 4040 ·
987 3996 990 3999 ’

269 4090 281 4153 t
299 4091 323 4139 b.
342 4092 371 4145 Q.
390 4092 503 4138 Metellus
527 4090 600 4136 Celer
623 4095 726 4150 praetor
743 4103 758 4135 s
776 4096 862 4137 senatu
880 4091 904 4137 iu
916 4083 1008 4152 ‘ugrum
1025 4091 1143 4138 Picenum
1160 4093 1246 4140 missus
1262 4099 1296 4140 esi
1311 4090 1371 4149 eique

201 4181 226 4223 et
243 4175 299 4222 eliis
316 4175 377 4221 stibi
395 4175 550 4234 permissum,
576 4174 611 4219 uti
629 4187 677 4233 pro
696 4180 809 4233 tempore
826 4181 901 4236 etque
920 4176 1030 4234 periculo
1049 4175 1187 4222 exercitum
1205 4178 1369 4237 comperirent·

201 4257 251 4305 Ssl,
269 4272 291 4304 c.
310 4259 405 4304 80.'·-
422 4258 514 4314 Agrum
535 4256 677 4310 Camertem,
703 4259 830 4311 Picenum,
860 4259 977 4304 Gallicum
1000 4261 1103 4308 maxime
1126 4262 1194 4319 quasi
1209 4261 1300 4308 morbus
1326 4255 1370 4315 qui·

202 4339 257 4386 dem
274 4333 342 4385 illius'
350 4336 605 4397 summoverunt.
624 4352 677 4397 pro,
689 4338 757 4384 suta
776 4337 838 4399 llis.
