2850 4759
236 275 295 340 titt
704 269 937 345 ctctsuottts

177 442 218 505 ld
313 437 447 503 xvln.
486 434 589 506 Visne
599 435 1153 521 igitnrteinspiciamusapnero’l
1191 433 1244 502 Sic
1258 435 1384 518 opinion

234 542 449 627 aprinoipio
479 540 665 613 ordiamur.
706 540 861 609 Tenesne
890 542 1056 608 memoria
1085 549 1333 624 praetextatum
1358 552 1384 606 tr

236 645 461 717 decoxisset·
493 645 645 727 ,Patris,
676 643 823 728 inquies,
855 644 919 713 ista
952 642 1052 727 culpa
1081 644 1168 712 est“
1226 641 1382 711 Concedo.

235 751 371 827 Etenim
397 761 450 818 est
472 749 605 833 pietatis
621 745 734 833 plena
766 746 932 817 defensio.
981 745 1069 814 lllud
1101 759 1214 814 tamen
1239 746 1395 831 audacias,

236 866 335 933 tuae,
365 851 454 937 quod
484 851 601 923 sedisti
623 852 656 918 in
685 848 955 936 quattuordecim
980 851 1171 943 ordinibus,
1205 872 1284 917 cum
1312 860 1395 916 essert

221 956 312 1040 ¹lege
331 958 454 1026 Roscia
474 956 710 1027 decoctoribus
732 967 846 1022 certus
871 952 967 1024 loeus
992 956 1218 1034 constitutus,
1250 954 1379 1037 quamtis

237 1064 312 1147 quis
333 1061 491 1130 fortunae
511 1060 611 1137 vitio,
632 1080 701 1127 non
726 1080 789 1126 sno
812 1058 1015 1145 decorisset.
1057 1059 1240 1142 Sumpsisti
1259 1057 1395 1141 virilem,

238 1186 338 1250 qnam
369 1165 483 1233 statim
512 1161 708 1231 muliebrem
739 1173 852 1243 togam
885 1161 1072 1234 reddidisti.
1117 1163 1236 1230 Primo
1266 1159 1395 1241 volgare¹

237 1281 413 1346 scortums
433 1279 524 1335 certa
539 1265 660 1347 'flagitii
678 1286 827 1348 merces,
845 1280 913 1335 -rtec
931 1285 975 1338 ea<
994 1286 1116 1349 parva3
1136 1264 1196 1332 sed
1219 1265 1287 1332 cito
1300 1263 1376 1330 Curio

237 1372 435 1447 intervenit,
462 1371 517 1456 qni
544 1382 576 1438 te
595 1390 615 1437 a
633 1369 824 1437 meretricio
845 1381 986 1452 quaestu
1003 1367 1144 1437 abduxit
1158 1380 1211 1447 et,
1234 1381 1375 1450 tamquam

239 1474 362 1545 stolam
395 1473 562 1554 dedisset,
604 1472 639 1541 in
673 1473 890 1541 niatrirnonio
926 1471 1036 1540 stabili
1071 1485 1106 1539 et
1134 1484 1231 1539 certo
1265 1460 1374 1538 locarit

179 1575 350 1650 ‘15Nerno
377 1599 523 1662 unquam
557 1597 642 1660 puer
679 1587 813 1659 emptus
849 1575 993 1646 libidinis
1026 1596 1130 1644 cansa
1167 1588 1238 1643 tarn
1268 1574 1325 1641 fuit
1350 1573 1374 1638 in

240 1683 366 1752 domini
393 1692 559 1766 potestate
586 1701 687 1766 quam
716 1691 752 1747 tu
786 1680 820 1747 in
847 1680 1018 1751 Curionis.
1072 1678 1218 1771 Quoties
1250 1691 1281 1747 te
1301 1688 1373 1761 pater

239 1789 313 1855 eius
340 1785 444 1854 domu
469 1805 530 1853 sna
559 1783 681 1852 eiecit?
722 1778 853 1869 quoties
882 1782 1041 1852 custodes
1067 1784 1202 1866 posuit,
1236 1804 1278 1850 nc
1294 1781 1395 1859 limen}

199 1888 411 1981 ¹,intraresl
441 1909 519 1957 curn
554 1899 589 1955 tu
621 1898 752 1973 tamen,
785 1900 887 1956 noete
920 1888 1029 1970 socia,
1063 1885 1222 1955 hortante
1250 1864 1395 1961 linitus*

239 2004 385 2076 cogente
411 1989 585 2072 mercede,
614 2012 675 2074 per
702 1989 833 2072 tegulas
868 1991 1094 2063 demitterere
1148 1992 1248 2083 Quae
1277 1987 1370 2070 flagitia

241 2097 364 2166 domus
392 2095 448 2167 illa
475 2094 600 2163 diutius
628 2094 719 2162 serre
748 2116 817 2163 non
848 2092 972 2177 potuit.
1013 2094 1128 2162 Scisnc
1154 2116 1210 2161 me
1238 2093 1277 2162 de
1299 2093 1370 2161 relus

241 2200 323 2271 mihi
345 2200 530 2269 notissimis
547 2198 686 2267 dicere?
719 2198 910 2294 Recordare
932 2210 1065 2281 ternpus
1084 2196 1188 2277 illud,
1202 2219 1284 2265 >cum
1303 2208 1370 2280 pater

243 2307 347 2374 Curio
376 2324 530 2372 maerens
555 2299 685 2371 iacebat
713 2302 748 2370 in
773 2300 883 2380 lecto,
915 2288 1003 2367 filius
1033 2320 1070 2368 se
1104 2299 1145 2367 ad
1176 2299 1277 2384 pedes
1303 2315 1394 2393 neos,

242 2422 495 2495 prosternens,‹-
513 2405 689 2475 lacrimans
719 2416 752 2472 te
778 2403 859 2473 mihi
885 2403 1162 2483 commendabat,
1200 2404 1321 2478 orabat,
1345 2400 1394 2463 ut*

246 2530 278 2584 te
311 2526 428 2583 contra
464 2533 565 2580 suurn
593 2522 743 2598 patrem,
782 2510 811 2579 si
843 2506 1035 2577 sestertlrim
1067 2507 1223 2588 sexagies
1255 2513 1369 2589 peteret,

242 2617 477 2686 defenderem:
508 2625 637 2682 tantum
661 2612 816 2681 enimse
844 2635 905 2695 pro
936 2624 968 2679 te
998 2612 1231 2679 intercessisse
1259 2607 1368 2677 dicebat

244 2722 321 2804 Ipse
345 2732 457 2795 autern
482 2738 599 2786 amore
620 2715 742 2783 ardens
763 2716 1000 2796 confirmabat,
1022 2714 1113 2800 quod
1133 2713 1320 2782 desiderium
1335 2707 1369 2776 tui

153 2878 162 2905 ,
185 2814 225 2880 46
245 2822 376 2891 discidii
399 2823 489 2889 lerre
512 2843 579 2889 non
603 2832 737 2903 posset,
770 2841 807 2887 se
831 2820 862 2888 in
884 2819 1023 2887 exilium
1045 2821 1183 2887 itrrrum.
1221 2817 1293 2907 Quo
1309 2826 1367 2881 ten-
1393 2886 1394 2893 χ

244 2948 329 3014 pure
358 2947 420 3008 ego
453 2935 577 3010 quanta
613 2921 705 2990 nrala
732 2921 991 2991 florentissimae
1024 2920 1172 2990 familiae
1205 2919 1308 2988 sedari
1331 2911 1366 2981 rd

204 3105 206 3109 ,
244 3034 357 3118 potius
387 3026 524 3113 sustulil
555 3029 645 3095 Patri
675 3028 849 3109 persuasi,
883 3037 920 3094 nt
948 3046 1005 3094 aes
1032 3024 1178 3094 alienum
1207 3022 1262 3103 filii
1279 3015 1365 3090 dissol-

244 3148 356 3215 verett
389 3130 570 3202 redimeret
596 3128 846 3197 adolescentem
874 3150 1008 3197 summa
1030 3144 1093 3213 spe]
1115 3144 1149 3195 et
1173 3126 1270 3195 animi
1290 3123 1363 3191 etin

245 3240 334 3321 genii
367 3234 558 3323 praeditum
587 3234 635 3300 rei
668 3230 842 3301 familiaris
876 3231 1117 3311 facultatibus;
1156 3250 1291 3314 eumque
1318 3245 1362 3294 nan

245 3343 347 3411 modo
368 3355 426 3409 tna
448 3337 693 3414 familiaritate,
728 3335 787 3404 sed
812 3334 912 3402 etiam
938 3335 1178 3418 congressione
1202 3321 1362 3417 patrioiure
1392 3372 1393 3401 ,

246 3455 280 3510 et
300 3451 467 3525 potestate
490 3439 695 3526 prohiberet.
735 3438 828 3505 Haec
853 3449 905 3525 tu,
937 3459 1013 3506 cnm
1038 3461 1098 3521 per
1118 3460 1173 3505 me
1193 3440 1265 3504 acta
1282 3430 1362 3502 merni-

176 3628 182 3635 Κ
245 3548 370 3625 nisses,
391 3547 454 3617 nisi
472 3546 554 3625 illis,
586 3564 670 3629 qnos
689 3541 862 3619 ridemus,
889 3539 1013 3624 gladiis
1033 3532 1238 3620 confideres,
1265 3533 1362 3607 maledi·

246 3649 309 3718 ctis
335 3671 388 3717 me
410 3659 596 3735 provocare
616 3669 717 3715 ansus
740 3637 861 3712 es'sest
1109 3633 1112 3639 ’
1239 3642 1240 3647 ’

185 3741 226 3806 47
323 3756 423 3824 XIX.
460 3751 525 3819 Sed
551 3752 618 3819 iam
638 3762 756 3832 stupra
775 3760 809 3814 et
828 3747 953 3828 flagitia
974 3749 1188 3817 omittamus:
1209 3758 1280 3814 suut
1294 3759 1361 3829 qaut·

246 3855 343 3939 elam,
371 3877 456 3941 quae
484 3854 623 3922 honeste
647 3876 714 3920 non
739 3864 878 3934 possum
903 3850 1031 3919 diceres
1062 3863 1097 3918 tu
1123 3863 1235 3919 autem
1254 3873 1288 3917 eo
1306 3846 1361 3914 tite

243 3961 334 4059 rior,
367 3956 468 4046 quod.
486 3978 525 4024 ea
553 3959 589 4023 in
617 3968 649 4023 te
671 3953 855 4041 admisisti,
877 3974 974 4037 quae
999 3975 1018 4019 a
1045 3952 1237 4022 verecundo
1263 3949 1359 4021 inimico

311 4156 380 4252 trs.
399 4185 514 4247 tergm]
530 4194 570 4228 =
587 4183 720 4241 cuonone
737 4183 870 4231 serenus„
885 4200 926 4232 =
945 4184 1077 4242 taunuco
1094 4183 1150 4230 rna.
1166 4183 1231 4231 cau.
1241 4173 1358 4237 :scalt

244 4272 331 4320 Franc.
348 4275 445 4329 Helrct.
462 4296 496 4311 ·-
513 4270 663 4316 intercessisse
680 4264 785 4327 dicebat]
809 4266 888 4329 Votis.
905 4275 930 4316 et
946 4276 994 4316 tres
1011 4270 1066 4316 urei.
1083 4268 1237 4314 immersisse
1251 4267 1278 4313 0.

311 4381 381 4444 με,
397 4395 443 4429 mn
459 4380 528 4427 modo
545 4374 596 4439 tue]
613 4374 694 4422 Vatis.
711 4387 726 4418 a
744 4376 781 4418 lua
798 4386 844 4420 sorr
859 4378 976 4425 moneo.
