2850 4759
340 278 510 351 ORATIO
533 280 563 346 1.
589 278 637 348 ΙΝ
656 278 925 350 CATILINAM.
1159 283 1218 349 tta

51 442 141 512 runis
169 437 399 534 Philippicas
417 452 540 510 nosset
551 451 569 519 ,’
596 440 631 508 in
660 455 781 525 euque
796 439 1036 512 elaborandum
1058 442 1226 526 duceret,

48 560 84 614 ut
111 567 182 614 una
209 541 287 616 curn
317 546 496 614 Ciceronis
516 541 734 637 Philippicis
754 544 896 613 alterum
918 547 1030 615 etiam
1043 543 1218 616 Consula-

46 645 147 718 rium
172 650 268 732 σῶμα
293 659 428 716 extaret
453 647 630 733 utriusque
657 650 802 718 oratoris
822 646 1043 744 Philippicis
1062 652 1219 737 aequipa-

47 755 213 830 randum,
236 754 326 839 quud
346 752 482 837 quidem
505 754 576 837 ipse
597 771 641 820 ex
661 753 750 821 veris
772 763 805 821 et
825 751 920 822 falsis
942 752 1061 823 callide
1076 776 1234 840 compo-⁷

47 870 177 931 suerat.
196 893 236 907 -
255 857 382 927 Deinde
396 857 474 941 quid
497 854 606 925 dicit?
630 854 764 924 Iisdem
784 878 835 923 ero
849 855 969 945 libris,
990 859 1114 943 inquit,
1131 882 1220 953 pera

45 965 191 1055 spicios,
212 974 245 1031 et
266 980 360 1053 quae
375 961 549 1045 gesserim
563 974 596 1028 et
613 978 707 1051 quae
724 959 897 1029 dixerim.
938 963 1053 1030 Attico
1074 953 1219 1043 sciliceta

45 1069 105 1151 qui
138 1069 210 1150 ipse
237 1068 518 1134 commentarium
546 1063 742 1135 consulatus
777 1065 950 1134 Ciceronis
978 1065 1109 1135 Graece
1134 1070 1219 1136 sori-

46 1184 164 1254 pserat
178 1172 265 1252 teir.
287 1169 438 1267 eiusdem
460 1166 631 1252 Epistulae
650 1174 667 1249 §
681 1172 711 1234 1.
725 1181 760 1237 et
772 1167 920 1237 Cornelii
937 1169 1022 1254 Nep.
1038 1172 1098 1238 vit.
1113 1173 1225 1240 Attici

47 1296 74 1346 c.
98 1277 149 1343 18.
175 1276 301 1355 extu),
337 1276 511 1341 etiamtum
538 1271 830 1365 perspiciendum
860 1284 947 1353 erat,
987 1274 1065 1359 quid
1095 1276 1217 1344 Cicero

46 1379 235 1463 pessisset!
269 1380 380 1445 Unum
396 1377 481 1456 buu,
504 1378 643 1460 opinor,
666 1374 732 1443 dici
745 1387 892 1460 poterat:
915 1388 998 1459 „tu,
1019 1378 1075 1462 qui
1089 1380 1217 1462 optime

46 1503 103 1551 res
124 1503 217 1550 meas
238 1490 351 1563 gestas
379 1481 469 1548 nosti
504 1479 655 1565 adeoque
682 1500 799 1548 earum
826 1483 1106 1550 commentarium
1134 1483 1218 1551 scri-

46 1586 162 1669 psisti,
193 1606 237 1652 ex
257 1583 350 1652 hisce
371 1584 579 1652 orationibus
600 1585 700 1652 etiam
726 1583 845 1663 verba,
876 1573 995 1668 quibus
1021 1586 1055 1652 in
1076 1586 1216 1674 siugulis

48 1689 234 1757 actionibus
255 1708 338 1755 usus
358 1688 440 1766 sim,
459 1690 683 1769 cognusces.“
703 1688 815 1755 Lucus
836 1708 968 1772 quoque
988 1690 1021 1756 in
1042 1690 1129 1757 line:
1152 1701 1220 1778 aut
1241 1761 1243 1768 ,

46 1814 92 1859 ne
103 1791 343 1884 poposcissem,
364 1812 427 1875 eqo
446 1792 543 1858 cuim
559 1793 624 1859 tibi
641 1813 713 1857 uon
732 1814 790 1859 me
807 1791 1016 1881 offerebam,
1039 1792 1118 1861 mihi
1137 1793 1241 1874 solis¹

48 1906 119 1963 tum
148 1896 318 1963 Ciceronis
351 1894 501 1978 leporem
529 1895 665 1963 minime
691 1894 838 1971 referre,
877 1896 982 1965 immo
1017 1897 1228 1966 rusticitatis·

48 1998 198 2067 colorem
219 1996 343 2066 habore
364 2019 499 2081 semper
518 1999 611 2067 visus
631 2008 694 2065 est.
738 1995 859 2088 Quid?
883 1995 971 2080 quod
993 2001 1093 2069 etiarn
1115 2002 1216 2070 scho-
1239 2083 1244 2092 .

48 2101 157 2170 lastiei
184 2104 298 2169 neseio
328 2100 408 2186 quid
433 2100 587 2169 redolent
613 2100 685 2168 illa:
717 2121 777 2186 ea,
812 2120 906 2188 quae
934 2122 999 2169 nos
1024 2104 1217 2195 scribimus

48 2204 395 2273 adulescentulorum
414 2204 544 2272 studiis
564 2205 737 2271 excitati:
757 2201 870 2286 quidni
886 2203 985 2270 etiam
1000 2205 1243 2290 familiarium

49 2307 316 2376 etamicur11m⁶.>
351 2329 460 2390 neque
480 2309 636 2390 prolecto
659 2305 873 2375 affectatione
893 2320 1009 2374 carent
1030 2308 1191 2377 Graeca
1182 2297 1241 2378 1u3

50 2423 117 2480 mm
140 2411 231 2479 brevi
253 2410 330 2478 luco
351 2412 450 2480 nimis
471 2404 655 2481 cumulata.
698 2409 748 2499 Τῇ
766 2411 849 2495 χειρὶ
868 2406 933 2474 ἔδει
954 2410 1113 2532 eutimii,
1132 2410 1216 2479 cilici

48 2514 93 2599 μὴ
113 2509 177 2604 tito
201 2515 247 2604 τῷ
271 2511 419 2603 duriciam.

124 2618 191 2685 Sed
211 2619 265 2686 cui
287 2605 423 2685 tandem
443 2619 600 2701 scriptori
622 2619 808 2686 tribuemus
829 2628 898 2685 tres
913 2618 1121 2688 Catilinarias
1135 2622 1228 2708 sub-¹

51 2721 206 2790 diticiasi
228 2723 279 2794 M.
297 2720 411 2789 Tullio
433 2722 574 2796 Tironi,
593 2723 702 2790 Marci
718 2720 838 2789 liberto
854 2734 888 2788 et
901 2723 1051 2802 scribac,
1071 2737 1110 2792 ut
1123 2728 1216 2808 ,equis

53 2824 126 2893 dem
142 2826 311 2909 suspicor
328 2837 516 2909 vpropterea
544 2826 727 2899 maxiano,
747 2824 839 2909 quud
865 2827 933 2893 vix'
956 2828 996 2894 ab
1022 2825 1088 2894 alio
1118 2827 1235 2913 locus,

51 2926 105 2994 ille
130 2927 305 3011 Epistulae
335 2929 377 2995 ad
408 2929 560 3020 Atticum
589 2926 749 2994 inculcari
780 2941 913 3011 poterat
942 2950 1040 3012 quam
1072 2931 1112 2996 ab
1140 2932 1215 3013 ipsu

53 3052 164 3120 earum
193 3031 332 3099 editore.
380 3032 413 3100 Is
438 3027 545 3112 'igitur
571 3051 648 3097 cum
665 3052 925 3114 summoperea
946 3053 983 3101 sc
1010 3031 1215 3101 honoratum

52 3135 89 3201 iri
110 3137 274 3224 optimum
296 3136 477 3219 patronum
497 3136 653 3217 opinatus
676 3146 782 3213 esset,
811 3137 840 3201 si
861 3135 933 3203 eius
950 3156 1008 3204 ses
1029 3147 1124 3217 gesta
1146 3148 1215 3204 tam

55 3237 205 3315 illustris,
237 3239 396 3307 Catilinae
424 3239 610 3306 coniuratio
626 3250 666 3304 et
686 3237 856 3319 patefacta
877 3249 910 3305 et
931 3251 1110 3322 oppressa,
1146 3263 1216 3308 nun
1263 3265 1266 3266 ⁷
1303 3324 1308 3334 1

54 3363 116 3411 una
136 3343 330 3427 dumtaxat,
351 3343 410 3430 sed
432 3354 592 3426 quattuor
614 3340 841 3409 celebraretur
855 3344 1079 3422 orationibus,
1101 3366 1217 3427 quem*

57 3444 233 3515 admodum
264 3448 368 3515 tribus
399 3446 564 3514 dissuasio
585 3444 668 3526 legis
689 3446 841 3525 agrariae
860 3459 998 3527 peracta
1020 3459 1109 3526 crat,
1142 3470 1215 3517 rem

57 3561 185 3617 strenue
207 3572 386 3634 aggressus
409 3572 483 3622 esse
505 3550 585 3617 mibi
599 3549 742 3615 videtur.
785 3548 885 3640 Quod
901 3572 977 3617 cum
992 3553 1213 3635 suscepisset,

58 3672 193 3737 aequare
220 3666 333 3721 tamen
359 3666 539 3738 patronum
568 3654 734 3736 nequivit,
771 3652 855 3731 sed,
890 3665 928 3720 ut
958 3667 1030 3721 erat
1069 3654 1214 3725 hominis

59 3769 180 3839 captus,
200 3754 386 3840 permultas
408 3758 530 3839 ubique
551 3759 736 3824 sententias
754 3769 788 3823 et
810 3768 924 3824 tenues
945 3770 979 3826 et
993 3760 1109 3827 inanes
1131 3762 1216 3826 effu·

59 3858 123 3937 tiit,
162 3858 315 3929 molestis
351 3852 533 3927 earundem
566 3862 820 3962 repetitionibus
854 3862 977 3941 ingenii
1007 3864 1214 3932 ieiunitatem

57 3962 215 4046 prodidit·
247 3966 387 4044 misere,
419 3976 456 4031 ut
487 3986 592 4031 unum
619 3963 813 4046 exemptum
845 3962 900 4030 hie
930 3986 1213 4047 commemorem,

58 4084 124 4133 sese
140 4071 238 4140 torsit
251 4068 285 4135 in
303 4088 365 4135 sex
378 4066 649 4135 Catilinariuaum
664 4068 842 4147 generibus
859 4067 1087 4162 contingendis
1094 4072 1142 4165 (2
1156 4072 1214 4148 8.);

58 4164 179 4237 fatuum
218 4170 394 4253 aliquoties
436 4192 516 4251 erga
546 4168 720 4239 libertinos
754 4192 795 4237 ac
825 4159 972 4251 scribas,
1015 4194 1032 4240 e
1069 4194 1213 4256 quorum

58 4289 171 4358 genere
194 4276 267 4358 ipse
296 4286 383 4353 erat,
413 4294 563 4342 amorem
591 4277 788 4356 ostentavit3
817 4295 950 4344 errores
973 4275 1063 4342 baud
1086 4293 1213 4355 paucos

60 4378 237 4456 cummisit,
273 4378 308 4443 in
339 4389 457 4460 quarta
498 4380 714 4460 praesertim,
756 4400 839 4462 quos
874 4393 1006 4444 errores
1042 4378 1213 4455 ingeniose
