2850 4759
226 237 285 302 288
690 232 924 307 CICERONIS

165 396 205 460 64
224 418 334 483 poena
352 395 454 480 legis,
475 419 568 483 unae
587 395 773 465 levabatur.
813 394 891 465 Noli
911 396 1015 478 igitur
1034 396 1165 465 animos
1187 417 1305 467 eorum
1328 419 1381 464 or·

225 503 360 581 dinum,
382 503 437 587 qui
458 514 618 586 praesunt
637 499 768 569 iudiciis
788 521 922 568 summa
945 522 1024 569 cum
1044 502 1209 583 gravitate
1230 513 1265 568 et
1279 501 1381 581 digni·

226 618 311 686 tate,
333 606 476 674 alienare
493 627 512 672 a
530 626 642 672 causa.
682 605 792 672 Nemo
814 603 1015 672 labefactare
1033 602 1194 671 iudicium
1216 598 1270 671 est
1285 625 1380 671 cona·

226 723 298 798 tus,
327 707 408 776 nibil
430 720 484 803 est
506 706 673 776 eiusmodi
698 705 971 791 promulgatum
999 728 1133 790 semper
1160 705 1326 775 Caecilius
1350 709 1378 774 in

225 811 415 883 calamitate
447 812 559 879 fratris
593 811 644 879 sui
679 809 827 877 iudicum
864 822 1066 892 potestatem
1104 810 1378 894 perpetuandam,

224 913 307 996 legis
328 915 541 982 acerbitatem
568 914 785 996 mitigandam
806 914 949 996 putavit.

301 1017 435 1087 xxttl.
476 1017 540 1086 Sed
562 1018 639 1103 quid
664 1038 728 1099 ego
747 1016 788 1084 de
813 1018 877 1085 hoc
896 1015 992 1100 plura
1013 1015 1210 1101 disputem?
1232 1018 1379 1085 Dicerem

224 1121 388 1206 fortasse,
410 1133 443 1188 et
462 1119 561 1188 facile
582 1132 615 1188 et
635 1119 777 1188 libenter
797 1118 956 1188 dicerem.
998 1121 1032 1188 Si
1052 1120 1165 1205 paullo
1188 1122 1294 1189 etiam
1315 1121 1380 1189 lon·

225 1225 322 1307 gius,
344 1246 443 1308 quam
467 1224 542 1291 finis
567 1222 749 1307 quotidiani
773 1223 868 1291 officii
891 1222 1057 1308 postulat,
1078 1226 1184 1309 pietas
1211 1238 1244 1293 et
1270 1227 1380 1294 frater·

225 1351 289 1397 uus
312 1350 409 1396 arnor
425 1328 463 1396 L.
485 1326 666 1395 Caecilium
691 1324 907 1410 protulisset,
937 1326 1154 1411 implorarem
1179 1351 1304 1398 seusus
1329 1350 1379 1397 ve-

203 1444 334 1517 stros,
349 1433 446 1501 unius
465 1431 626 1515 cuiusque
646 1428 887 1511 indulgentiam
906 1432 941 1498 in
959 1452 1041 1500 suos
1061 1444 1222 1509 testarer,
1236 1445 1379 1516 peterem

186 1570 189 1577 ⁴
227 1547 338 1602 errato
363 1534 495 1616 veniam
514 1530 572 1615 [L.
599 1532 751 1615 Caecilii]
773 1554 818 1601 ex
837 1534 961 1603 intimis
983 1537 1103 1603 vestris
1126 1528 1378 1616 cogitationibus

165 1636 207 1700 66
228 1649 328 1722 atque
346 1658 390 1705 ex
408 1635 614 1705 humanitate
630 1637 813 1705 communi.
853 1637 925 1705 Lex
943 1636 1013 1706 dies
1029 1639 1094 1705 init
1110 1641 1290 1723 proposita
1307 1660 1380 1722 pau·

228 1762 308 1820 cos,
329 1740 411 1807 ferri
434 1750 554 1823 coepta
576 1762 767 1824 nunquam,
789 1739 941 1823 deposita
962 1752 1013 1808 est
1034 1743 1068 1808 in
1088 1756 1218 1814 senatu.
1261 1741 1380 1811 Kalen·

227 1844 279 1912 dis
306 1843 468 1911 Ianuariis
497 1865 573 1910 eum
596 1842 630 1910 iu
655 1842 857 1927 Capitolium
885 1866 948 1913 nos
979 1856 1132 1914 senatum
1163 1866 1379 1914 convocasse·

228 1969 322 2027 mus,
347 1946 428 2015 nibil
448 1958 499 2017 est
523 1957 635 2016 actum
655 1948 768 2030 prius,
789 1959 824 2014 et
841 1946 874 2015 id
892 1946 1051 2016 mandatu
1072 1947 1182 2017 Sullae
1203 1949 1249 2040 Q.
1269 1946 1379 2017 Metel·
1409 2032 1410 2047 χ

227 2051 281 2121 lus
308 2063 444 2135 praetor
469 2071 507 2118 se
531 2050 622 2135 loqui
647 2050 749 2129 dixit,
781 2048 907 2118 Sullam
934 2049 1025 2119 illam
1050 2054 1265 2133 rogationem
1290 2052 1330 2120 de
1349 2073 1379 2120 se
1408 2084 1410 2139 p

227 2153 319 2225 nolle
341 2155 434 2223 ferri.
473 2153 529 2221 Ex
547 2153 605 2220 illo
628 2164 781 2237 ternpore
796 2154 833 2223 L.
853 2152 1017 2222 Caecilius
1039 2155 1144 2223 multa
1165 2155 1379 2239 erepublica

230 2261 315 2343 egit3
343 2258 495 2345 agrariae
519 2255 603 2338 legi,
638 2279 723 2341 quae
751 2269 821 2326 tota
842 2278 862 2327 a
885 2277 939 2324 me
966 2258 1170 2342 reprehensa
1199 2270 1234 2326 et
1261 2260 1380 2326 abiecta

230 2377 299 2445 est,
332 2364 590 2430 intercessorem
615 2360 691 2428 fore
714 2360 889 2444 professus
917 2374 985 2441 est,
1020 2364 1186 2446 improbis.
1204 2362 1379 2444 largitioni
1408 2368 1409 2445 J

229 2469 292 2535 bus
313 2466 451 2542 restitit,
473 2475 608 2533 senatus
628 2466 865 2533 auctoritatem
881 2486 1052 2549 nunquam
1072 2466 1266 2549 impedivit,
1287 2468 1332 2533 ita
1348 2487 1379 2533 se
1408 2490 1409 2505 .

231 2571 336 2652 gessit
364 2570 398 2635 in
431 2569 618 2648 tribunatu,
654 2580 710 2646 ut,
749 2590 850 2638 onere
882 2568 1034 2652 deposito
1065 2569 1243 2638 domestici
1280 2570 1378 2643 officii,

171 2680 211 2744 66
231 2672 314 2740 nibil
336 2685 455 2757 postea
473 2672 536 2737 nisi
556 2670 597 2738 de
618 2671 665 2738 rei
685 2671 837 2755 public-ae
859 2670 1046 2747 commodis
1066 2672 1236 2753 cogitarit.
1278 2678 1378 2757 Atque

232 2776 266 2842 iu
289 2775 361 2858 ipsa
391 2776 564 2856 rogatione
587 2795 630 2845 ne
656 2776 811 2858 pervim
838 2776 917 2860 quid
944 2786 1121 2857 ageretur,
1151 2777 1224 2858 quis
1254 2776 1378 2846 tandem
1407 2858 1408 2864 ἵ

297 2980 308 3044 i
326 2980 367 3028 64.
378 2977 568 3051 perpetuandam]
584 2982 758 3039 perpetiundam
774 2980 805 3028 P.
817 3007 851 3039 ·,··
861 2985 939 3027 errato
955 2982 1045 3027 neniam
1062 2981 1102 3041 [L.
1122 2980 1232 3048 Caecilii]
1251 2983 1293 3046 ex]
1311 2986 1378 3030 erratu
1407 2890 1409 3041 l

229 3067 259 3115 L.
275 3067 368 3113 Caecilii
383 3068 471 3112 reniam
482 3064 619 3129 P.'(Etiam
637 3080 670 3112 ex
687 3067 733 3112 bac
745 3064 932 3125 nauepooitione
943 3067 1094 3126 suspectiora
1107 3069 1166 3139 fiunt
1178 3082 1218 3115 vv.
1229 3070 1261 3116 1..
1275 3064 1375 3125 meast)

297 3174 366 3238 565.
384 3173 497 3236 deposita]
521 3174 573 3220 Eri.
590 3176 670 3233 posita
684 3175 787 3220 Manat.
811 3180 860 3221 tac.
881 3173 953 3222 Torr.
970 3199 1001 3212 -
1024 3175 1144 3236 mandatu]
1164 3178 1275 3223 mmrdato
1296 3177 1376 3223 Manat.

230 3266 278 3307 tac.
295 3252 366 3308 Torr.
385 3285 415 3297 -
434 3261 458 3305 in
474 3262 559 3305 renata.
593 3260 704 3305 Kalendis
721 3260 840 3305 Ianuariis
857 3255 918 3318 cam]
936 3258 965 3305 P.
982 3265 1008 3305 nt
1025 3260 1087 3308 Coel.
1104 3260 1239 3308 Beneficus
1249 3257 1375 3307 Garatonii.
1406 3268 1407 3277 ¹

231 3348 255 3391 in
271 3349 348 3391 renutu
364 3347 394 3392 R.
412 3347 480 3391 lateri
496 3360 546 3390 cum
563 3344 634 3391 Bem.
652 3347 676 3389 in
692 3349 770 3389 renata
787 3345 884 3389 relaturi
900 3357 950 3389 rum
962 3343 1053 3392 Gener.
1071 3346 1095 3390 in
1111 3350 1206 3400 senatu
1218 3349 1328 3403 poputum
1336 3345 1374 3389 Ro.

231 3430 299 3475 tatuit
308 3429 366 3475 Em.
377 3455 411 3467 -
420 3425 526 3493 praetor]
535 3434 604 3487 pater
614 3429 643 3476 P.
653 3453 684 3469 -
697 3426 831 3490 iimmot]
844 3430 905 3472 nolte
917 3427 982 3487 ferri
995 3431 1060 3474 ittam
1076 3432 1222 3488 rogationem
1236 3432 1264 3483 de
1280 3445 1303 3475 ee
1313 3430 1374 3475 1³.-

230 3528 243 3559 e
261 3509 321 3577 rep}
340 3514 400 3561 Cod.
418 3514 450 3561 H.
468 3498 590 3575 Stephani.
607 3530 637 3560 ea
653 3529 702 3572 rep.
738 3514 812 3571 Vetus
831 3513 897 3572 apud
908 3512 1068 3560 Torrentinm.
1080 3514 1108 3557 de
1118 3527 1167 3570 rep.
1180 3514 1274 3563 Manat.
1285 3514 1374 3560 Ero.-

232 3598 399 3643 interoesrorem
416 3596 484 3660 sore]
510 3602 679 3645 intercessorem
694 3612 719 3643 re
735 3598 765 3646 P.
783 3597 897 3660 (Lamina
916 3599 957 3643 int.
974 3609 998 3641 re
1009 3594 1085 3656 sore.)

297 3706 309 3769 6
326 3707 366 3753 66.
382 3708 457 3767 Atque
475 3710 499 3753 in
516 3706 576 3766 nire]
592 3712 658 3765 atque
675 3708 744 3752 etiam
760 3709 811 3764 ipra
833 3705 863 3752 P.
880 3710 946 3766 atque
963 3720 989 3751 ea
1011 3706 1062 3762 ipra
1079 3705 1171 3753 Gener.
1188 3730 1221 3745 -ι
1239 3719 1267 3751 ne
1281 3721 1321 3765 per
1333 3704 1371 3748 ri·
1405 3676 1406 3739 i

230 3792 286 3851 quiet
301 3796 418 3850 ageretur,
444 3790 505 3852 quir]
523 3805 550 3837 ne
566 3793 620 3850 quid
633 3805 678 3848 per
694 3793 742 3836 eim
758 3795 879 3851 ageretrer,
899 3792 959 3850 'egit
980 3790 1035 3845 Quis
1051 3790 1081 3837 P.
1099 3815 1131 3828 -
1147 3790 1252 3851 mm]
1275 3790 1304 3837 P.
1318 3787 1370 3835 coe

230 3876 264 3922 Η.
281 3876 403 3936 Stepbaoi.
420 3881 494 3923 moran
511 3876 603 3923 Manat.
621 3880 667 3921 nien
683 3875 740 3923 Ero.

297 4049 366 4112 ibi.
384 4064 461 4097 eorum
478 4049 594 4110 ordinum]
610 4050 651 4097 Ex
668 4051 723 4111 lege
739 4048 852 4110 Aurelia,
880 4064 943 4113 quae
959 4055 1010 4097 tum
1026 4021 1140 4106 valebatr
1165 4050 1191 4097 io
1208 4055 1258 4107 eet,
1282 4049 1368 4098 remim»
1403 4018 1406 4089 l

231 4134 335 4198 equitum
353 4141 377 4182 et
393 4135 542 4182 tribunorum
559 4136 715 4182 aerariorum.
749 4135 814 4182 Ean.

296 4242 309 4305 i
325 4243 365 4290 66.
383 4244 438 4289 Kal.
457 4243 585 4303 Ianuariis]
602 4258 625 4290 a.
638 4258 661 4290 n.
673 4258 694 4290 e.
703 4245 765 4291 ost.
785 4245 813 4299 Q.
826 4245 929 4290 Metellae
949 4244 1013 4291 Celer
1029 4249 1080 4290 tum
1097 4248 1213 4304 praetor,
1230 4256 1277 4290 coe-
1288 4254 1308 4285 ι
1319 4250 1340 4282 1·
1349 4247 1366 4279 ⁶·

230 4327 289 4376 ott.
305 4352 340 4367 -
355 4329 464 4388 agrarim
481 4324 543 4392 tegi]
561 4343 577 4374 a
593 4327 622 4374 P.
640 4327 746 4376 Servilio
763 4327 837 4376 nudo
854 4329 909 4376 trib.
926 4328 961 4390 pl.
978 4329 1157 4389 promulgatae.
