2850 4759
196 258 255 325 ιιι
632 221 906 325 ἐιειιιιοιιιιε
944 262 947 265 2

197 416 277 503 qnid
299 438 399 509 sunm
425 427 483 483 aut
509 413 588 499 quid
611 411 759 499 alienum
785 415 846 482 sit:
882 412 972 483 nihil·
989 417 1059 494 εει,
1090 412 1182 496 quod
1204 413 1369 497 aequabile

137 520 176 584 71
197 524 284 589 inter
312 518 430 589 omnes
465 529 567 600 atque
590 539 696 584 unum
726 518 881 585 omnibus
912 537 989 585 ease
1009 516 1141 599 possit.
1194 517 1315 599 ltaque
1342 518 1367 582 in

196 621 319 689 euteria
343 621 588 696 controversiis
611 631 711 700 atque
736 618 886 698 iudiciis,
923 639 1003 685 eum
1025 607 1218 701 quaeritur,
1249 617 1367 700 aliquid

195 726 325 789 sactum
346 731 453 788 ne'ene
473 717 538 798 eit,
571 741 705 805 verum,
742 741 784 786 an
816 719 940 788 falsum
967 714 1181 802 proferatur,
1216 718 1250 786 et
1273 721 1366 785 fietus

196 825 292 893 testis
327 823 507 891 subornari
535 820 640 900 solet,
671 833 705 888 et
734 820 996 904 imponifaisae
1019 818 1174 888 tabulae}
1206 843 1368 887 nonnum·

194 936 296 1010 qnam
321 925 466 992 honesto
492 945 531 992 ae
559 922 724 1008 probabili
755 925 894 991 norrriue
927 925 1017 991 bono
1042 925 1122 990 viro
1142 921 1245 989 indici
1276 943 1367 989 error

194 1028 312 1105 obiici,
334 1024 489 1109 improbo
517 1025 663 1094 'facultas
684 1023 778 1103 dari,
799 1037 855 1101 ut,
876 1046 955 1092 eum
977 1026 1089 1092 sciens
1117 1044 1299 1107 perperam
1323 1026 1367 1090 in·

96 1166 102 1175 ι
193 1131 331 1208 dicarit,
366 1141 487 1196 testem
528 1141 641 1194 tamen
669 1139 729 1195 aut
766 1126 897 1195 tabuiae
927 1139 1067 1194 secutus
1099 1147 1174 1193 esse
1205 1126 1366 1194 videatur

191 1232 268 1300 ln
259 1252 334 1331 rnre
355 1227 436 1297 nihil
459 1242 510 1297 est
536 1228 721 1306 eiusmodi,
750 1240 1029 1345 recuperatores,
1058 1251 1129 1295 ιιοιι
1154 1227 1288 1297 tabulae
1313 1227 1367 1295 fai·

191 1352 267 1418 eae,
287 1354 356 1429 nen
376 1328 488 1399 testis.
498 1332 692 1412 improbus:
714 1330 858 1413 deniqne
878 1330 982 1396 nimia
1006 1330 1087 1406 ista,
1109 1349 1200 1412 quae
1218 1327 1365 1397 domina·

192 1440 258 1499 tur
272 1434 306 1499 in
333 1434 488 1510 civitate,
510 1434 678 1514 potentia,
706 1433 740 1498 in
766 1433 832 1498 hoe
855 1430 931 1499 εοΙο
952 1451 1077 1511 genere
1102 1432 1263 1514 quiescir3
1290 1430 1365 1514 quid

191 1535 288 1614 agat,
320 1532 493 1618 quomodo
524 1532 744 1614 aggrediatur
767 1533 932 1610 iudicem,
967 1553 1033 1616 qua
1059 1533 1203 1613 denique
1227 1533 1365 1613 digitum

130 1646 169 1710 72
183 1635 367 1729 proferat,
383 1658 451 1701 non
477 1633 590 1702 habet
633 1631 721 1700 lliud
743 1634 832 1700 enim
853 1645 967 1716 potest
985 1633 1051 1701 diei
1071 1634 1172 1700 iudici
1194 1633 1364 1718 abaliquo

189 1759 259 1804 non
288 1749 355 1813 tarn
387 1726 584 1803 verecundo
613 1735 782 1812 homine,
801 1758 902 1818 quam
919 1736 1100 1815 gratioso:
1134 1721 1275 1808 „iudiea
1303 1734 1364 1823 hoe

189 1839 318 1905 sactum
335 1858 426 1922 esse,
449 1836 507 1904 a‘ut
522 1844 706 1921 numquam
724 1859 800 1906 esse
814 1839 942 1905 fantum
961 1836 1016 1903 vel
1031 1837 1240 1916 cogitatum·
1268 1818 1364 1904 crede

189 1938 269 2005 huie
294 1939 393 2018 testi;
427 1938 489 2006 has
520 1941 707 2022 comproba
736 1940 909 2019 tairuias;“
942 1937 1009 2005 hoe
1037 1961 1105 2004 non
1129 1950 1260 2020 potest:
1289 1939 1363 2019 „eui

189 2039 280 2109 filius
302 2053 446 2121 agnatus
464 2043 522 2119 sit,
548 2043 620 2109 eins
640 2052 882 2130 testamentum
903 2063 972 2108 ιιοιι
992 2060 1067 2107 esse
1084 2053 1223 2121 ruptum
1242 2040 1362 2106 iudica:

122 2182 127 2193 ι
188 2143 280 2226 qnod
309 2141 431 2211 mulier·
451 2145 524 2211 sine
551 2155 664 2211 tutore
685 2157 827 2211 auctore
848 2142 1061 2225 promiserit,
1087 2140 1241 2207 deberi.“
1286 2142 1362 2208 Νοιι

188 2256 242 2313 est
269 2234 379 2317 aditus
412 2243 464 2337 ad
483 2245 719 2315 huiuscemodi
748 2234 802 2311 res
833 2264 943 2325 neque
970 2243 1142 2324 potentiae
1167 2241 1361 2324 cuiusquam

186 2367 297 2430 neque
320 2348 460 2429 gratiae.
511 2349 663 2433 Denique
688 2336 754 2431 qno
781 2346 890 2411 maius
915 2342 982 2411 hon
1009 2345 1229 2429 sanctiusque
1253 2342 1362 2432 videa·

188 2459 260 2525 tur,
293 2470 335 2514 ne
367 2450 478 2530 pretio
506 2449 642 2531 quidem
664 2443 854 2538 'eorrumpi
880 2446 986 2512 iudex
1012 2447 1046 2513 in
1071 2445 1240 2513 eiusmodi
1264 2454 1361 2512 rausa

126 2553 165 2616 73
187 2560 311 2630 potest.
349 2549 419 2615 lste
432 2560 544 2622 fivester
558 2548 664 2624 testis,
686 2549 741 2629 qui
754 2567 856 2613 ansus
869 2561 920 2614 est
932 2547 1058 2621 dicere,
1080 2544 1224 2614 Fecisse
1240 2568 1360 2613 vrumn

187 2669 282 2733 euru,
312 2646 354 2714 de
378 2670 443 2731 quo
465 2642 508 2715 ne
537 2649 633 2714 cuius
660 2646 709 2712 rei
734 2660 938 2739 argueretur
964 2648 1100 2731 quidem
1126 2650 1214 2716 scire
1238 2649 1361 2730 potuis·

185 2761 255 2826 set,
291 2750 363 2831 ipse
395 2772 580 2832 numquam
615 2747 758 2816 auderet
792 2747 942 2815 iudicare
974 2748 1088 2818 deberi
1123 2751 1197 2816 viro
1233 2750 1358 2828 dotem,

149 2870 287 2935 qnam
326 2850 448 2918 mulier
479 2849 574 2918 nulio
609 2863 749 2918 anctore
787 2849 956 2917 dixisset.
981 2851 1010 2919 Ο
1046 2872 1122 2917 reue
1152 2850 1358 2959 praeclaram

184 2953 350 3036 vobisque
381 2955 424 3021 ob
452 2951 520 3021 hoe
544 2953 771 3029 retinendam,
808 2954 1120 3037 recuperatorea'

261 3056 392 3125 XXVI
434 3055 538 3148 Quod
568 3057 656 3122 enIm
679 3055 806 3123 estius
828 3051 957 3119 civile?
989 3053 1077 3135 quod
1106 3075 1215 3136 neque
1240 3053 1358 3121 inflecti

181 3157 293 3239 gratia
310 3180 420 3243 neque
437 3159 601 3241 perfringi
623 3157 774 3247 potentia
796 3177 904 3240 neque
923 3154 1107 3243 adulterari
1125 3158 1270 3238 pecnnia
1286 3175 1359 3239 pos·

182 3261 245 3338 eit3
266 3258 354 3340 qnod
380 3261 409 3325 εἰ
434 3282 507 3326 ιιοιι
527 3259 630 3326 ιιιοιΙο
656 3278 875 3340 oppressum,
897 3257 957 3326 sed
980 3258 1083 3323 etiam
1107 3258 1280 3325 desertum
1303 3268 1357 3324 ant

182 3358 409 3439 negligentius
431 3373 644 3427 asservatum
664 3362 745 3437 erit,
769 3358 849 3424 nihil
871 3372 939 3434 est,
972 3359 1064 3441 quod
1089 3361 1268 3442 qnisquam
1287 3378 1356 3426 sese
1375 3360 1380 3369 ’

181 3460 307 3527 habere
332 3454 466 3528 eertum
490 3473 548 3527 ant
573 3472 708 3543 apatre
732 3472 954 3540 accepturum
979 3472 1037 3526 aut
1062 3454 1260 3527 relicturum
1282 3459 1355 3525 iibe-

122 3567 161 3631 74
182 3562 228 3630 ris
249 3563 443 3629 armitretur-
483 3562 574 3652 Quid
594 3562 683 3627 enim
704 3561 826 3637 resert,
848 3562 948 3629 aedes
967 3575 1025 3627 ant
1041 3560 1186 3628 fundum
1206 3561 1353 3627 relictum

66 3673 69 3677 ’
182 3676 240 3732 ant
265 3674 362 3745 patre
390 3674 450 3730 aut
473 3661 583 3744 aliqua
613 3663 745 3730 ratione
765 3661 890 3733 habere
915 3665 999 3733 bene
1024 3665 1355 3756 metuendique·
1419 3712 1420 3743 ,

248 3933 261 3995 q
280 3934 322 3983 71.
349 3931 454 3994 irnponi]
472 3932 525 3979 Erf.
541 3933 619 3981 Codri.
643 3932 704 3980 noti.
724 3935 842 3991 interponi
859 3948 893 3980 ex
908 3933 1011 3980 Hotom.
1030 3932 1094 3979 coni.
1116 3933 1147 3980 Ο.

248 4040 260 4102 ᾖ
283 4039 324 4086 74.
345 4054 482 4099 quamquam
508 4043 586 4086 omnia
612 4045 650 4087 tua
675 4043 725 4086 iure
745 4042 857 4098 mancipii
876 4043 924 4085 aiut
943 4041 1048 4100 Pantag.
1069 4055 1126 4098 qnae
1147 4042 1286 4085 communita
1308 4041 1353 4082 iere
1419 4026 1420 4091 i

180 4125 293 4180 mancipii
311 4126 358 4170 sint
376 4123 407 4170 P.
428 4120 503 4171 Fabri
523 4124 587 4170 enni.
602 4150 633 4163 -
650 4125 720 4172 Fert.
742 4125 877 4170 incertumst
888 4144 899 4154 -
911 4145 922 4157 ·
931 4125 1046 4179 peremat.
1062 4145 1092 4156 -
1104 4121 1144 4163 uui
1163 4122 1243 4178 cuiqam
1258 4122 1352 4164 nostrum

179 4204 258 4265 uenit]
284 4206 336 4253 Eri.
352 4209 414 4251 uenit
426 4209 466 4251 uni
483 4210 562 4266 cuique
580 4212 680 4252 vestrum
697 4205 729 4252 0.
741 4230 775 4244 -
786 4207 886 4263 periculi
900 4206 976 4250 litium
995 4198 1103 4249 firmatur
1117 4203 1150 4254 ab
1164 4203 1217 4250 Erf,
1234 4217 1265 4248 ee
1276 4211 1351 4248 eanum
1419 4184 1420 4233 i

179 4284 282 4333 videtur.
303 4286 471 4347 (periculorum
495 4288 570 4332 titium
593 4286 726 4346 Weidnrf.)
1419 4260 1420 4293 t
