2850 4759
149 270 154 277 a
186 175 420 303 'ancusae
446 233 496 302 nr
521 232 558 301 c.
582 230 773 301 raanan
790 232 874 301 un.
893 232 952 314 rr,
974 253 1003 302 ο.
1021 202 1072 298 er.
1186 234 1226 299 n

52 404 111 460 tota
128 392 308 475 provincia
328 388 390 459 soii
410 403 507 468 sunt,
530 394 584 475 qui
604 404 636 459 te
655 393 789 461 salvum
808 392 931 459 velint:
953 394 998 459 ita
1021 404 1134 459 tamon
1151 392 1225 459 iau-

51 496 137 572 dent,
161 505 202 560 ut
225 493 350 568 Heius,
373 494 428 576 qni
453 495 614 577 princeps
637 494 817 575 legationis
845 508 918 577 est,
941 494 1048 562 adsit:
1082 497 1128 561 ita
1152 494 1225 561 lau·

50 598 135 680 dent,
159 608 199 662 ut
222 593 263 660 ad
291 616 346 680 ea,
370 615 456 677 quae
485 596 597 675 rogati
619 610 738 673 eruut,
762 596 842 661 mihi
866 597 975 678 parati
996 598 1065 664 sint
1087 619 1226 679 respon·

50 699 131 768 dere
175 699 227 764 Ac
248 688 290 762 ne
308 697 461 763 subitos
480 718 534 763 ure
553 698 808 779 opprimantur,
829 698 912 764 baec
933 721 1010 765 sum
1026 711 1223 779 rogaturus:

18 836 20 841 .
52 798 186 866 Nauem
200 797 337 889 populo
359 797 527 864 Ronzano
555 798 782 866 debeantur?
808 800 1019 866 fatebuntur:
1047 794 1225 891 praehue-

52 902 179 986 rintne,
195 912 370 991 praetore
383 897 419 966 6.
434 897 470 966 V
470 902 578 971 erre9
599 903 788 981 ncgabunt:
810 902 1084 981 aedificarintne
1096 925 1227 968 nauem

52 1004 255 1070 onerariam
286 1002 499 1066 maximam
534 1003 693 1092 publice,
730 1025 844 1092 quam
878 1000 992 1068 Verri
1026 1001 1100 1068 dea
1114 1002 1226 1068 rant?

51 1124 166 1183 negare
181 1127 249 1170 non
265 1115 441 1185 poterunt:
456 1102 688 1178 frumentum
700 1105 746 1169 ab
761 1105 808 1171 iis
820 1104 1061 1193 sumpseritne
1077 1102 1116 1171 C.
1136 1101 1228 1168 Ver·

51 1228 114 1287 rer„
145 1204 246 1296 quod
276 1203 413 1294 populo
443 1194 615 1291 λΙῖοιηαηιο
634 1196 817 1285 'irritamen
851 1206 960 1273 sicuti
992 1204 1226 1292 superiores?

50 1309 230 1387 negabunt:
269 1305 360 1394 quid
392 1305 552 1371 militum
584 1319 650 1372 aut
684 1320 887 1373 arancarum
917 1327 988 1390 per
1028 1305 1227 1372 triennium

52 1407 230 1475 dederint?
251 1405 383 1473 nullum
407 1407 524 1474 datum
550 1406 673 1476 dicent.
715 1409 833 1475 Fuisse
859 1408 1055 1474 Messanam
1072 1405 1226 1473 omnium

52 1511 136 1578 istius
164 1510 337 1575 furtorum
363 1530 403 1575 ac
423 1507 627 1591 praedarum
651 1510 894 1590 receptricem,
916 1528 1041 1588 negare
1068 1530 1137 1575 non
1166 1528 1228 1587 po·

52 1624 173 1678 terunt:
197 1609 368 1692 permulta
397 1609 518 1689 multis¹
543 1611 685 1679 naribus
711 1609 804 1676 iliinc
830 1621 1030 1691 exportata:
1058 1608 1146 1674 hanc
1169 1630 1228 1673 na·

51 1732 118 1780 rem
142 1713 287 1795 denique
312 1714 497 1778 maximam
521 1734 539 1777 a
563 1712 782 1778 Mamertinis
808 1711 943 1789 (iatam,
966 1722 1124 1778 onustam
1147 1730 1225 1775 cunr

52 1812 107 1878 isto
128 1813 321 1895 proiectam
341 1814 549 1880 fatebuntur.
581 1814 827 1903 'Quamobrem
847 1813 903 1879 tibi
920 1812 1007 1878 habe
1023 1833 1104 1879 sane
1122 1813 1288 1878 istaml5l

51 1911 272 1980 laudationem
288 1914 593 1980 Mamertinorum:
615 1915 864 1995 Syracusanam
888 1915 1023 1997 qrridcm
1043 1914 1228 1986 civitatem,

53 2026 87 2078 ut
107 2017 163 2082 abs
185 2028 218 2080 te
235 2014 355 2081 affecta
377 2027 446 2092 est,
469 2018 514 2082 ita
532 2018 564 2082 in
583 2029 614 2083 te
636 2037 711 2083 esse
733 2018 916 2081 animatam
937 2016 1108 2082 videmus:
1137 2013 1228 2096 apud

54 2119 243 2196 quosetiarn
263 2118 386 2183 Verria
403 2115 457 2183 illa
473 2114 640 2197 flagitiosa
656 2116 789 2183 sublata
806 2129 896 2183 sunt.
937 2117 1072 2182 Etenim
1089 2117 1231 2190 minime,

53 2218 286 2295 conveniebat,
331 2218 545 2289 eideorum
585 2218 738 2283 honores
777 2217 911 2297 haberi,
952 2218 1009 2298 qui
1043 2217 1229 2282 simulacra
1306 2254 1309 2261 ·

54 2315 187 2383 deornm
200 2318 409 2387 abstulisset*
442 2320 555 2386 Etiam
567 2317 707 2383 hercule
723 2317 804 2382 iilud
819 2319 851 2383 in
867 2317 1089 2398 Syracusanis
1105 2318 1227 2382 merito

53 2417 371 2499 reprehenderetur,
399 2422 445 2495 si,
475 2440 553 2485 cnm
586 2421 675 2485 diem
708 2420 835 2485 festum
867 2418 1028 2484 ludorum
1057 2418 1100 2483 de
1131 2417 1228 2484 fastis

53 2520 116 2587 suis
144 2507 370 2586 sustulissent
397 2518 657 2586 celeberrimum
694 2534 728 2586 et
763 2522 1031 2597 sanctissimum,
1065 2518 1237 2602 quod-eo

53 2620 120 2698 ipso
145 2621 199 2686 die
227 2622 418 2702 Syracusae
445 2642 464 2686 a
487 2620 655 2689 Marcello
680 2634 800 2702 captae
826 2642 900 2687 esse
920 2619 1097 2700 dicuntur,
1126 2620 1229 2686 iidem

53 2712 283 2788 dicaturum
305 2722 420 2788 Verris
441 2723 579 2787 nomine
596 2735 754 2800 agerent,
786 2724 865 2789 curn
881 2724 945 2789 iste
960 2736 978 2786 a
994 2722 1229 2804 Syracusanis,

55 2843 133 2902 quae
150 2823 206 2888 iile
231 2822 451 2899 calamitosus
478 2823 548 2889 dies
571 2822 774 2905 reliquerat,
811 2822 1009 2888 ademisset.
1051 2826 1098 2888 At
1116 2821 1230 2886 videte

53 2919 193 2989 hominis
220 2922 465 3004 impudentiam
495 2936 596 3005 atque
620 2928 869 3007 arrogantiam,
905 2923 1050 3009 iudices,
1079 2921 1135 3002 qui
1160 2942 1230 2985 non

56 3020 160 3089 scium
199 3023 321 3089 Verria
353 3023 437 3089 haec
461 3028 573 3106 turpia
595 3046 634 3090 ac
660 3022 804 3090 ridicula
836 3044 879 3088 cx
912 3021 1057 3086 Heraclii
1085 3020 1230 3100 pecnnia

56 3125 283 3209 constituerit,
322 3126 444 3190 rernm
472 3123 783 3190 etiamMarceliia
811 3123 883 3189 tolli
910 3122 1101 3201 imperarit,
1138 3133 1177 3187 nt
1200 3122 1230 3187 ci

57 3240 148 3289 sacra
184 3226 339 3293 facerent
377 3225 576 3307 quotannis,
612 3226 707 3291 cuins
738 3243 842 3305 opera
876 3223 1029 3290 omnium
1060 3244 1229 3294 annorum

57 3342 150 3388 sacra
171 3325 320 3408 deosque
345 3329 474 3408 patrios
500 3327 704 3404 amiserant,
746 3326 818 3391 eius
846 3322 1135 3415 autemfarniiiae
1158 3323 1229 3413 dies

57 3422 158 3497 festos
180 3425 360 3504 tollerent,
390 3447 575 3509 perquam
597 3439 729 3491 eeteros
752 3447 886 3509 quoqne
909 3425 1015 3495 festos
1038 3424 1108 3493 dies
1128 3440 1229 3489 'reru-

57 3539 219 3602 perarant.
