2850 4759
215 276 277 344 stt
685 268 924 340 CICERONIS

216 434 327 506 elliam
351 437 401 503 ire
428 433 602 512 dictitant,
632 453 701 500 non
727 443 796 500 tam
820 430 886 501 hoc
910 443 1115 518 queruntur,
1148 454 1248 517 quarn
1271 454 1388 502 veren-

220 552 289 608 tur.
328 539 438 608 Nemo
467 551 519 607 est
546 539 691 606 istorutn
719 547 786 604 t'atn
812 538 1029 617 misericors,
1060 539 1117 621 qui
1139 536 1233 605 illum
1261 563 1328 606 non
1348 540 1390 607 ad

217 641 374 715 Mallium
403 664 502 727 quarn
529 639 571 709 ed
596 639 831 710 Massilienses
861 643 911 709 ire
941 639 1045 708 inalit.
1101 640 1163 709 llle
1192 654 1327 727 autem,
1363 644 1391 711 si

206 745 414 819 'mehercule
431 745 514 825 hoo,
529 744 629 830 zquod
648 746 735 827 ogit,
760 767 933 829 nimquam
956 759 1032 813 oute
1050 747 1256 827 cogitasset,
1283 759 1391 815 tamen

218 851 476 920 latrocinantem
497 870 535 918 se
552 849 696 916 interfici
717 847 832 917 mallet
850 872 949 933 quarn
969 848 1104 917 exulem
1125 851 1253 919 vivere.
1295 851 1392 917 Nune

219 977 321 1036 vero,
355 977 431 1023 oum
460 955 489 1021 ei
515 951 596 1021 nihil
621 951 734 1022 adhue
763 965 899 1037 praeter
925 953 1038 1037 ipsius,
1059 953 1272 1045 voluntatem
1303 954 1391 1033 cogi-

220 1061 449 1142 tationemque
470 1056 650 1138 accident,
681 1058 746 1126 nisi
766 1057 858 1141 quod
877 1060 961 1126 vivis
977 1060 1075 1126 nobis
1090 1059 1200 1126 Roma
1218 1057 1391 1140 profectus

220 1176 290 1245 est,
320 1153 476 1248 optemus
506 1162 639 1246 potius,
674 1174 713 1229 ut
737 1174 793 1230 eat
820 1163 855 1230 in
885 1159 1040 1242 exilium,
1067 1185 1167 1246 quam
1196 1182 1391 1245 queramur.

161 1282 199 1347 17
299 1270 397 1336 VIII.
437 1266 502 1335 Sed
525 1288 587 1334 cnr
609 1264 738 1334 tamdiu
758 1263 800 1332 do
821 1287 888 1332 uuo
908 1264 1007 1334 hoste
1027 1263 1213 1351 loquimur,
1235 1276 1273 1332 et
1294 1265 1335 1333 tle
1354 1286 1391 1331 eo

221 1369 341 1454 hoste,
362 1373 418 1456 qui
440 1373 507 1441 iam
527 1371 654 1444 fatetur
673 1391 711 1439 se
732 1389 808 1438 esse
828 1368 978 1448 hostem,
1000 1381 1034 1436 et
1047 1390 1164 1452 quem,
1185 1373 1285 1453 quia,
1306 1369 1392 1454 quod

221 1497 358 1558 semper
377 1474 489 1562 volui,
511 1496 628 1543 murus
649 1474 810 1554 interest,
831 1496 899 1541 uon
922 1474 1040 1541 timeo:
1062 1472 1103 1541 de
1125 1474 1195 1553 his,
1219 1476 1277 1559 qui
1300 1475 1391 1543 dissi·

221 1578 372 1656 mulant,
393 1579 449 1664 qui
470 1580 598 1647 Romae
619 1590 813 1657 remanent,
835 1578 892 1664 qui
905 1577 1082 1664 uobiscum
1097 1590 1198 1656 sunt,
1218 1577 1304 1645 nihil
1320 1578 1392 1647 dici-

221 1683 328 1754 mus?
358 1703 442 1768 quos
463 1681 597 1767 quidem
620 1704 703 1764 ego,
725 1683 753 1750 si
774 1680 845 1750 ullo
867 1679 971 1749 modo
995 1677 1067 1748 lieri
1086 1682 1213 1765 possit,
1232 1706 1305 1751 uon
1329 1696 1390 1750 taor

220 1785 340 1855 uleisoi
366 1785 487 1855 studeo
515 1807 616 1870 quam
637 1806 757 1855 saume
778 1786 840 1854 sibi
861 1785 968 1869 ipsos,
995 1784 1130 1869 placare
1150 1787 1199 1853 rei
1221 1785 1391 1869 publicae·

220 1887 384 1984 nequeid
405 1907 508 1974 quare
528 1890 601 1957 fieri
621 1910 690 1957 uon
712 1890 837 1973 possit,
872 1892 901 1959 si
922 1909 977 1957 me
997 1888 1115 1956 audire
1134 1888 1272 1986 uolent,
1300 1892 1391 1959 intel·

220 1991 303 2075 ligo.
343 1993 522 2077 Exponam
544 1994 633 2079 enirn
655 1994 770 2073 vobis,
801 1994 972 2085 Quirites,
1009 1993 1192 2077 exquibus
1214 1996 1390 2074 generibus

221 2095 396 2166 hominurn
417 2098 501 2166 istae
523 2100 640 2181 copiae
661 2110 920 2180 comparenturs
948 2096 1068 2165 deinde
1087 2096 1232 2178 singulis
1254 2099 1389 2166 medici·

221 2223 301 2269 nani
323 2200 453 2270 consilii
474 2214 575 2286 atque
596 2202 759 2270 orationis
780 2221 893 2286 meae,
913 2200 943 2268 si
964 2222 1064 2286 quam
1078 2214 1219 2284 potero,
1240 2195 1390 2271 alierum.

144 2316 202 2381 ‘18
223 2304 336 2387 Unum
357 2326 464 2388 genus
486 2317 539 2374 est
559 2297 695 2391 eorum,
733 2305 791 2388 qui
819 2325 941 2385 magno
963 2307 997 2371 in
1017 2326 1095 2372 aere
1114 2304 1226 2374 alieno
1248 2310 1390 2376 minores

223 2411 328 2478 etiam
347 2410 580 2495 possessiones
602 2408 742 2489 habent,
777 2430 919 2494 quarum
945 2430 1062 2480 amore
1089 2408 1227 2479 adducti
1255 2410 1391 2480 dIssolri

223 2513 317 2582 nullo
341 2513 443 2581 modo
465 2526 617 2597 possunt.
657 2514 790 2581 Horum
812 2511 989 2582 hominum
1010 2514 1140 2596 speeies
1162 2527 1215 2582 est
1228 2512 1390 2584 honestis«
1416 2595 1417 2600 ¹

224 2618 330 2700 simn3
364 2627 444 2684 suut
470 2616 558 2684 enim
580 2614 787 2701 locupletes:
824 2615 982 2685 voluntas
1004 2638 1085 2684 vero
1106 2629 1140 2685 et
1160 2639 1266 2685 cerusa
1285 2619 1390 2701 impu·
1416 2611 1417 2614 '

224 2717 433 2787 deotissime.
481 2718 534 2787 Tu
556 2722 663 2803 agris,
687 2733 723 2788 tu
745 2719 927 2799 aedificiis,
949 2732 984 2786 tu
1006 2733 1168 2802 argento,
1191 2734 1228 2788 tu
1248 2721 1388 2800 familia,

118 2903 125 2912 .
227 2834 263 2891 tu
283 2823 384 2890 rebus
406 2825 560 2892 omuibus
583 2836 722 2892 ornatus
745 2835 778 2890 et
799 2825 957 2907 copiosus
979 2825 1043 2902 sis,
1065 2839 1099 2912 et
1113 2826 1245 2894 dubites
1263 2829 1305 2894 de
1319 2849 1389 2910 pos·
1415 2883 1416 2890 ,

225 2929 377 2997 sessione
399 2926 594 3006 detrahere,
623 2927 799 3009 acquirere
820 2927 863 2993 ad
884 2928 1012 2995 fidem?
1037 2928 1143 3021 Quid
1164 2931 1252 2997 enim
1276 2952 1388 3014 exspe-

225 3032 325 3100 cust>
346 3030 506 3100 Beuum?
529 3030 647 3123 Quid?
667 3031 762 3112 Engo
783 3031 817 3098 in
839 3034 1027 3100 vastatione
1049 3036 1200 3100 omnium
1226 3047 1301 3102 tuas
1315 3058 1387 3117 pos-

224 3138 393 3205 sessiones
422 3147 656 3205 saetosa-notas
684 3136 817 3234 suturas
844 3135 972 3220 putas'?
1018 3136 1072 3203 Au
1099 3136 1229 3206 tubulus
1257 3137 1415 3248 novuti}¹

231 3261 425 3273 “··“-“““·““·
1413 3253 1414 3292 l

291 3337 304 3401 1
323 3339 362 3384 17.
380 3339 445 3384 etde
462 3338 504 3383 ilto
522 3339 598 3392 horte,
617 3339 656 3398 qui
672 3353 696 3383 re
707 3336 1099 3400 1γάιειιειιν(11ε1οεεει1ιοοτεηιΡ,
1118 3337 1177 3398 (non
1195 3337 1248 3385 Tu.
1267 3340 1297 3385 tt.
1313 3346 1385 3386 tamen

218 3422 344 3485 fateatur.)
357 3448 390 3459 -
401 3425 429 3469 do
447 3425 476 3467 r'r's
494 3424 585 3470 lllanut.
604 3423 691 3469 Mutet.
704 3447 736 3461 -
751 3420 841 3486 possr't]
861 3424 891 3469 u.
909 3423 966 3468 Ern.
980 3431 1059 3481 posset
1075 3425 1104 3472 Τ.
1119 3451 1148 3461 -
1162 3441 1245 3472 nonore
1262 3426 1307 3471 sr'bt'
1323 3427 1384 3483 ipsos,
1412 3427 1414 3474 l

222 3507 329 3570 placare]
347 3506 422 3554 Tul).
439 3508 548 3570 Madvig.
567 3509 651 3571 (Clare
668 3509 702 3555 sle
721 3508 808 3568 legitur
824 3508 848 3554 in
866 3500 944 3555 Codd.
963 3509 1035 3565 meis3
1059 3510 1083 3556 id
1101 3513 1167 3573 ¹quod
1184 3526 1274 3559 moneo
1292 3517 1385 3571 propter

225 3590 423 3652 Stulnmetzium.)
441 3607 523 3640 tunore
541 3599 563 3639 et
579 3598 642 3653 r'prm
656 3595 754 3651 placore
770 3593 828 3639 Ero.
845 3619 879 3630 —
895 3592 987 3655 uolent]
1006 3596 1034 3642 Ρ.
1052 3595 1110 3642 Em.
1127 3599 1208 3641 uolunt
1223 3596 1277 3644 ΤΒ.
1296 3622 1325 3633 -
1344 3597 1384 3640 F:-

223 3694 309 3739 ponam
327 3693 383 3739 ergo
401 3694 422 3726 u.
440 3679 468 3726 T.
487 3679 547 3742 (nou
566 3679 631 3740 BP.)
649 3705 680 3717 -
700 3693 749 3725 om.
766 3681 883 3723 nominum
898 3678 928 3729 Ρ.

293 3790 305 3852 1
325 3791 363 3837 18.
387 3787 464 3854 unum]
488 3791 562 3837 TRP.
585 3789 643 3836 Ern.
666 3787 727 3849 (non
746 3790 857 3846 primurn.
876 3786 982 3848 Manui.)
1002 3813 1033 3826 -·
1050 3755 1268 3836 Horumpmnum
1291 3791 1342 3838 Tit.
1356 3813 1384 3827 -·

225 3881 289 3935 putes
313 3878 344 3922 n.
367 3874 426 3936 (nou
445 3873 485 3932 Τ.)
501 3881 536 3912 -‘·
553 3876 631 3935 Neque
655 3876 694 3918 isti
716 3873 746 3920 Ρ.
765 3875 824 3934 (uon
848 3873 913 3934 Tu.)
930 3900 965 3911 -
981 3876 1056 3920 usuris
1072 3880 1095 3920 et
1104 3875 1224 3934 fructr'dus
1240 3876 1314 3923 Tun.
1331 3875 1381 3937 (non

225 3966 252 4009 ut
264 3967 300 4012 est
311 3978 324 4008 e
327 3963 375 4024 pud
389 3961 582 4008 Steinmetzium:
600 3964 623 4006 et
632 3961 712 4019 praed.
719 3957 808 4021 fruct.)
816 3984 850 3997 -
858 3961 885 4006 dr
897 3961 1005 4005 sententia
1018 3961 1097 4005 leuiter
1107 3965 1204 4018 possunt
1218 3961 1247 4008 P.
1258 3959 1317 4022 (non
1328 3958 1381 4016 Tit.)

228 4070 421 4085 -ᾳ

223 4173 229 4186 ,
292 4133 304 4196 1
323 4134 362 4178 18.
386 4131 493 4177 Primum
516 4143 590 4189 genus
612 4129 762 4187 desumptum
784 4111 828 4173 ει(
842 4142 875 4174 ex
898 4134 1034 4188 oretpm
1057 4127 1126 4173 Sulla
1148 4127 1218 4191 159.
1241 4144 1312 4190 quam
1328 4127 1378 4173 vite.

226 4218 292 4265 Seite
318 4213 415 4263 Cludiun
441 4214 614 4261 demonstravit
640 4213 760 4259 rationem
786 4217 811 4257 et
835 4226 933 4257 cannam
956 4212 1079 4259 divisIouis
1104 4214 1190 4260 horum
1212 4230 1258 4261 sex
1280 4223 1378 4274 generum

226 4303 314 4348 frustra
331 4297 428 4360 quaeri,
446 4299 487 4343 sed
505 4298 568 4344 futili
586 4297 709 4359 diligentie
728 4297 827 4344 abusum
846 4312 896 4344 esse
914 4297 1035 4345 rhetorem
1053 4300 1084 4344 nd
1102 4314 1132 4346 en
1144 4314 1288 4362 quocunque
1299 4302 1379 4346 demum

227 4386 301 4432 modo
318 4382 494 4430 constituendo.
