2850 4759
211 290 271 359 860
686 283 930 355 CICERONIS

150 449 192 514 29
291 447 373 519 XII·
414 446 480 518 sut
506 445 673 531 perdens
695 446 926 516 immortales!
951 457 983 514 [e
1004 446 1095 513 enim
1119 445 1276 524 intuens,
1300 442 1392 513 Dola·

210 551 317 633 bella,
356 552 412 635 qui
442 573 480 620 ea
510 550 591 619 mibi
618 553 838 627 rarissimus,
877 571 948 617 nou
977 569 1120 633 possum
1148 548 1187 615 de
1210 547 1392 630 utriuapa

211 653 366 723 reatrfim
394 675 513 723 errore
532 655 687 721 reticere.
731 651 843 720 Credo
865 656 956 718 enim
974 672 1055 728 vos,
1083 650 1208 718 nobiles
1225 647 1391 732 homiues,

212 778 336 839 magna
355 756 520 841 quaedam
543 767 760 839 spectantes,
780 777 847 820 non
866 755 1065 835 pecuniam,
1088 766 1126 820 ut
1143 750 1293 836 quidam.
1306 752 1388 819 nimia

212 857 345 926 creduli
380 859 619 943 sinapio-antur,
654 878 742 940 qrrae
772 875 909 937 semper
942 856 983 924 ab
1015 854 1221 938 amplissimo
1264 875 1390 937 quoque

212 960 474 1043 clarissimoque
496 970 693 1042 contempta
715 970 789 1036 eat,
820 945 890 1025 non
916 978 999 1039 opes
1024 955 1190 1025 violentas
1212 969 1250 1024 et
1274 956 1389 1040 populo

213 1065 367 1132 Romano
390 1044 529 1130 minime
554 1061 731 1129 ferendam
756 1062 964 1143 potentiam,
986 1059 1047 1127 aed
1069 1061 1246 1128 caritatem
1278 1061 1392 1127 cirion

213 1177 246 1232 et
267 1165 410 1246 gloriam
431 1164 645 1247 concupisse.
688 1163 738 1230 Ea
756 1174 809 1230 est
829 1174 944 1229 autem
962 1160 1073 1243 gloria
1091 1161 1165 1230 laus
1183 1175 1281 1229 reete
1297 1162 1391 1230 facto

213 1289 292 1335 rum
321 1286 594 1348 magnorumque
620 1266 652 1331 in
677 1284 750 1331 rem
775 1263 946 1347 publicam
972 1265 1191 1340 meritorum,
1211 1286 1307 1348 quae
1326 1285 1390 1332 euru

214 1370 334 1453 optimi
363 1368 548 1452 cuiusque,
589 1379 660 1434 tum
690 1369 792 1434 etiam
823 1365 1049 1434 multitudinis
1080 1367 1279 1434 testimonio
1310 1386 1389 1434 eorn-

149 1472 392 1557 approbatur.
435 1472 611 1545 Dicerem,
639 1467 837 1543 Dolabella,
871 1468 927 1552 qui
953 1480 1046 1536 reete
1071 1469 1244 1537 factorum
1267 1468 1390 1536 fruetus

215 1585 325 1653 esset,
358 1573 422 1640 nisi
452 1584 485 1640 te
506 1583 644 1667 praeter
673 1584 810 1638 ceteros
831 1567 1018 1651 paullisper
1044 1590 1121 1640 ease
1142 1582 1327 1653 expertum
1349 1570 1388 1635 ri·

215 1675 343 1745 derem·
395 1671 509 1768 Quem
537 1685 636 1756 potes
665 1671 842 1741 reeordari
871 1673 906 1739 in
936 1672 1005 1739 vita
1032 1670 1189 1745 illuxisse
1220 1674 1283 1741 tibi
1314 1672 1389 1738 dien

214 1775 412 1858 laetiorem,
436 1798 538 1863 quam
560 1798 640 1844 eum
666 1779 803 1859 expiato
827 1773 925 1852 soro,
947 1771 1112 1857 dissipato
1142 1795 1318 1844 eonomau
1336 1775 1386 1842 irn-

215 1881 371 1967 piorum,
403 1879 613 1962 principibus
644 1876 786 1947 sceleris
813 1897 924 1959 poena
948 1879 1102 1955 affectio,
1125 1870 1222 1946 wurbe
1245 1876 1385 1946 incendio

214 1992 250 2048 et
273 1981 387 2050 raedis
416 1993 513 2050 metu
542 1980 686 2049 liberata
710 1990 744 2048 te
771 1979 914 2046 domum
942 1980 1131 2063 recepisti?
1183 1981 1293 2049 Cuius
1314 1978 1386 2048 ordi

214 2085 286 2162 nis,
308 2085 405 2156 cuiue
426 2085 579 2169 generis,
601 2084 699 2152 euiua
725 2077 871 2166 deniqne
894 2081 1055 2149 fortunae
1079 2083 1194 2159 studia
1219 2096 1294 2151 turn
1315 2080 1386 2149 laudi

216 2198 251 2253 et
275 2185 494 2267 gratulationi
522 2198 600 2254 tuae
624 2207 662 2254 ee
687 2207 758 2253 non
786 2183 1014 2253 obtulerunt?
1050 2185 1143 2276 Quin
1173 2186 1258 2253 milri
1287 2190 1384 2258 etiam

214 2310 282 2389 quo
304 2301 445 2357 auctore
465 2300 497 2356 te
520 2289 552 2357 in
573 2289 614 2356 iis
636 2290 738 2357 rebus
756 2289 805 2355 uti
826 2288 1096 2373 arbitrabantur,
1120 2300 1154 2354 et
1173 2290 1307 2369 gratias
1326 2287 1406 2361 boni,

214 2394 276 2459 viri
296 2388 441 2473 agebant
460 2404 495 2459 et
509 2404 568 2461 tuo
589 2392 728 2460 nomine
745 2388 1016 2471 gratulabantur
1037 2391 1246 2478 Recordare,
1263 2413 1386 2477 quaeso,

214 2492 419 2572 Dolabella,
455 2512 662 2562 eonsensum
698 2492 796 2560 ἰΙΙιιιιι
835 2491 980 2570 theatri,
1015 2514 1094 2561 eum
1127 2515 1253 2562 omnes
1290 2514 1404 2583 earum,

214 2616 331 2662 rerum
355 2593 469 2671 obliti,
490 2606 631 2677 propter
655 2616 744 2678 quas
760 2595 898 2663 fuerant
923 2597 980 2664 libi
1003 2597 1146 2675 offensi,
1168 2598 1386 2679 significarunt

153 2707 191 2770 et
214 2718 252 2766 ae
275 2696 439 2765 beneficio
457 2718 549 2764 ιιοιο
572 2699 775 2767 memoriam
790 2701 917 2768 arteria
937 2698 1067 2767 doloris
1087 2700 1268 2769 abiecisse
1311 2700 1403 2771 Hauc

216 2813 272 2875 tn,
306 2801 345 2868 P
378 2798 570 2877 Dolabella,
602 2803 745 2881 (magno
777 2800 901 2884 loquor
936 2823 1015 2869 eum
1050 2800 1206 2882 dolore),
1237 2802 1328 2871 haue
1350 2814 1384 2873 tu

215 2904 373 2988 inquam,
395 2904 536 2986 potuisti
560 2923 669 2987 aequo
696 2905 811 2970 animo
834 2917 958 2972 tantam
981 2904 1180 2986 dignitatem
1205 2903 1386 2988 deponere?

294 3004 395 3075 Xlll.
437 3006 491 3074 Tu
515 3016 651 3083 autem,
674 3006 724 3073 Μ.
751 3008 898 3093 Antoni,
920 3009 1110 3084 (absentem
1133 3009 1223 3074 enim
1243 3002 1402 3092 appellol‚³

214 3133 320 3178 unum
345 3108 439 3179 illum
469 3109 579 3190 diem,
615 3132 682 3193 qno
710 3111 745 3178 in
770 3110 854 3177 aede
879 3109 1028 3180 Telluris
1055 3123 1195 3180 senatus
1220 3112 1307 3196 suit,
1333 3130 1382 3179 nou

214 3299 267 3347 dito
283 3297 391 3355 dixerir,
409 3300 452 3346 aed
470 3314 552 3348 renarra
569 3299 633 3348 idem
652 3302 720 3348 eat.“
737 3301 837 3349 Zurrra.
855 3302 887 3348 ad
907 3302 977 3348 Verr.
995 3317 1021 3363 p.
1040 3302 1116 3355 770..
1134 3302 1177 3348 nbi
1193 3301 1285 3348 similia
1302 3303 1381 3350 adem

213 3388 253 3429 tur
269 3399 293 3430 v.
311 3396 334 3430 e.
351 3385 471 3449 deUOlb‘e.
489 3385 517 3439 2,
537 3384 568 3442 ⁵,
589 3386 628 3433 16.
646 3388 751 3431 collectis
770 3389 851 3431 celeria
868 3389 943 3432 cauria
960 3388 1087 3441 citerioris,
1101 3388 1261 3445 pestilentiae,
1281 3386 1380 3433 mtilatia
1399 3450 1400 3463 χ

282 3473 294 3536 b
312 3474 354 3522 29.
372 3471 521 3536 meritorum]
541 3476 599 3523 Vnt.
617 3482 642 3524 et
660 3484 708 3525 tren
726 3477 782 3525 mei.
794 3478 866 3537 samo
884 3481 1021 3525 meritorum
1038 3480 1070 3525 0.

282 3579 354 3643 tat.
377 3583 476 3640 porreta
498 3596 571 3644 aequo
595 3581 687 3649 naimo]
715 3586 773 3634 vau
797 3586 870 3635 Dera.
894 3587 976 3634 Gueli.
1000 3601 1072 3647 aequo
1090 3589 1168 3633 auimo
1189 3589 1292 3645 potuisti
1313 3589 1340 3635 0.
1357 3607 1378 3622 ··

214 3664 329 3712 muralem
346 3664 419 3728 enim]
437 3667 519 3715 Vatic.
537 3668 652 3744 absentem
670 3671 702 3716 0.
716 3697 744 3709 -
760 3669 879 3732 ueterani]
899 3656 1048 3731 Corruplum
1066 3672 1222 3719 vocabulum.
1257 3667 1378 3733 „Quicquid
1398 3668 1399 3695 l

215 3747 367 3798 Garatouiur
384 3749 457 3808 elicit,
484 3758 542 3812 pert
559 3751 673 3801 Caesario
689 3761 794 3802 mortem
813 3756 923 3804 veterani
940 3756 965 3802 io
983 3761 1049 3823 metu
1067 3756 1134 3802 nullo
1156 3755 1294 3815 praecipuo
1306 3756 1376 3802 meua

214 3846 261 3879 nee
278 3831 382 3881 Antonii
401 3849 455 3883 eum
474 3836 588 3885 caeraris
605 3837 803 3887 interlectoribus
821 3840 904 3888 oratio
922 3841 954 3886 ad
979 3847 1111 3888 veteranos
1128 3838 1241 3885 Caesario
1258 3846 1322 3886 rama
1338 3838 1376 3885 bbr

214 3917 305 3965 randor
326 3924 439 3978 spectare
457 3922 555 3981 poluit,
574 3936 631 3982 nee,
650 3923 670 3971 ri
688 3922 751 3969 haee
768 3923 881 3980 iniereat,
900 3932 950 3971 taur
968 3940 1083 3985 perverse
1099 3925 1188 3971 Cicero
1206 3931 1334 3972 veteranos
1346 3920 1375 3969 uti

213 3999 311 4047 civitati
328 4002 497 4063 praeferret.“
533 4006 643 4067 Madvig.
661 4007 753 4079 Optare.
772 4009 843 4054 acad.
861 4024 887 4069 p.
900 4010 960 4054 203.
996 4008 1058 4054 Cum
1074 4014 1155 4053 tamen
1169 4007 1249 4053 Codd.
1266 4003 1374 4054 etiamne

214 4087 336 4133 retineant
355 4091 458 4134 uernum·
476 4088 555 4149 (quod
575 4103 629 4135 curn
647 4090 761 4138 Manutio
779 4092 869 4140 delevit
887 4092 1042 4148 achaeum,
1071 4091 1094 4137 in
1113 4095 1205 4137 serulus
1221 4097 1334 4139 maurum
1348 4103 1374 4138 re

213 4168 260 4217 luit
276 4170 413 4228 Ernestiur)
431 4172 490 4220 ride
505 4185 538 4217 no
555 4172 642 4218 fuerit:
660 4177 747 4231 quanto
764 4178 824 4220 meta
841 4168 1015 4230 deteriorandi,
1033 4175 1202 4236 oppressionis
1213 4190 1244 4222 ac
1255 4176 1374 4223 servitii-⁶

213 4253 302 4298 obtr‘tur
319 4251 379 4316 eea]
398 4255 460 4300 cum
479 4261 504 4301 ιιι
522 4255 577 4314 ipro
594 4259 681 4302 creato
699 4256 805 4304 comitiis
823 4261 965 4308 centuriatis
982 4261 1082 4308 consula
1099 4259 1235 4307 Dolabella
1251 4256 1373 4307 obnuntiasti

214 4338 336 4397 et‚·quod
354 4339 386 4385 ad
403 4343 428 4386 te
446 4338 579 4398 attinebat,
599 4338 713 4388 vitiorum
727 4342 851 4390 consulem
864 4341 950 4393 fecisti.
963 4345 1008 4393 eir.
1019 4344 1131 4406 Philipp.
1144 4347 1176 4405 2,
1188 4345 1229 4393 38.
1247 4344 1371 4393 Martum·
