2850 4759
199 229 419 301 ACCUSAT.
438 229 487 298 IN
507 229 548 299 C.
572 225 763 298 VERREM
785 227 870 299 tte.
891 227 949 307 tv,
970 248 1002 297 c.
1023 231 1076 294 tt.
1181 227 1225 294 27

56 403 140 457 mete
166 387 342 469 dignitatis
362 389 426 454 ista
448 399 539 457 suut.
581 385 633 454 Tu
655 386 808 469 dignior,
840 388 981 472 Verres,
1010 403 1111 470 quam
1135 385 1226 455 Cali-

53 493 148 564 dius‘?
183 493 242 573 qui
258 502 294 556 ut
310 512 378 556 non
394 491 571 556 conferam
585 489 689 556 vitam
707 511 814 574 neque
829 491 1115 557 existimationem
1131 502 1242 557 tuam,

55 615 123 660 enm
145 592 254 659 illius:
276 613 385 674 neque
402 592 492 657 enim
507 603 561 659 est
579 592 805 657 conterenda:
826 592 892 660 boc
909 592 1019 673 ipsum
1037 592 1225 670 conferam,

50 718 115 778 ·quo
141 707 179 760 tn
207 706 239 758 te
262 695 477 774 superiorem
505 693 604 773 lingis
623 727 664 743 ·-·
684 693 774 775 quod
799 693 864 761 HS.
889 711 952 760 ccc
979 693 1072 759 milia
1102 692 1227 760 diviso·

61 798 165 871 ribus,
185 807 221 859 nt
241 806 383 876 praetor
402 797 655 872 renuntiarere,
678 795 816 871 dedisti,
837 816 933 861 cxxx
953 795 1162 872 accusatori,
1184 816 1227 861 ne

55 898 112 961 tibi
137 894 274 962 odiosus
299 906 407 970 esset,
447 914 487 961 ea
516 915 554 962 re
578 898 768 963 contemnis
793 908 986 979 equestrem
1011 896 1165 962 ordinem
1192 907 1228 961 et

59 996 223 1080 despiciet
244 1019 282 1064 ea
304 1017 341 1063 re
363 996 421 1063 tibi
442 994 617 1076 indignum
639 996 750 1063 visum
770 1009 820 1063 est
839 997 1036 1082 quicquam,
1058 995 1149 1079 qnod
1169 996 1228 1062 tibi

59 1099 217 1180 placeret,
241 1096 408 1164 Calidium
434 1099 549 1178 potius
572 1095 694 1162 habere
720 1118 820 1179 quatu
848 1098 908 1163 tei

127 1199 229 1270 ttttl.
269 1200 441 1266 laetatae
465 1197 663 1264 iamdudum
686 1196 727 1263 de
754 1198 899 1264 Calidio:
930 1211 1047 1266 iiarrat
1070 1200 1227 1268 omnibus
1248 1198 1288 1261 ‘lb

62 1304 173 1371 eruisse
192 1325 242 1371 se.
284 1303 374 1369 Nuin
396 1302 498 1367 etiarn
518 1300 564 1367 dc
586 1301 623 1366 L·
649 1301 806 1382 Papinio,
827 1303 902 1367 uiro
927 1302 1109 1384 primario,
1132 1301 1228 1368 locu-

61 1407 132 1488 pleti
154 1406 366 1487 honestoque
390 1403 502 1487 equite
521 1404 694 1478 Romano,
717 1402 900 1470 turibulum
922 1402 1061 1470 emisti?
1089 1404 1143 1485 qui
1165 1427 1227 1485 pro

57 1507 245 1575 testimonio
269 1506 374 1584 dixit,
398 1517 449 1584 te,
471 1525 556 1571 curn·
573 1503 820 1586 inspicientium
841 1505 1078 1586 poposcisses‚
1109 1505 1227 1573 evolso

60 1608 253 1675 emblemate
275 1609 464 1675 remisisse:
486 1619 524 1673 ut
544 1605 739 1686 intelligatis
761 1607 794 1672 in
815 1603 951 1671 homine
972 1605 1228 1685 intelligentiam

61 1730 144 1788 esse,
171 1731 240 1776 non
265 1709 463 1787 avaritiam,
487 1708 622 1774 artificii
648 1706 827 1789 cupidum,
862 1727 930 1792 non
960 1710 1090 1787 argenti
1112 1710 1229 1779 luisse.

61 1811 123 1877 Nec
145 1810 255 1878 solum
284 1812 316 1877 in
342 1810 482 1892 Papinio
510 1810 576 1876 ibit
603 1807 667 1874 hac
696 1807 914 1874 abstinentia:
953 1811 1061 1876 tenuit
1090 1810 1157 1877 hoc
1181 1813 1231 1877 iu·

58 1915 201 1980 stitutum
224 1914 259 1980 in
280 1908 434 1977 turibulis
451 1911 625 1988 omnibus,
648 1929 870 1993 quaecunque
893 1911 925 1977 in
947 1911 1059 1978 Sicilia
1078 1914 1229 1979 suerunt.

59 2013 248 2081 incredibile
269 2025 323 2081 est
339 2024 465 2090 autem,
489 2034 590 2095 quarn
611 2010 719 2077 multa
737 2023 771 2077 et
789 2034 888 2093 quatu
904 2013 1080 2095 praeclara
1094 2016 1232 2085 luerint.

60 2116 162 2183 Credo
191 2128 282 2195 turn,
319 2136 398 2181 curn
427 2109 540 2181 Sicilia
568 2114 713 2180 florebat
738 2113 858 2195 opibus
885 2126 919 2180 et
946 2116 1074 2198 copiis,
1095 2139 1232 2197 magua

58 2217 193 2283 artilicia
212 2218 319 2284 luisse
347 2218 379 2282 in
416 2236 455 2283 ea
480 2214 604 2282 insula.
645 2215 735 2280 Nam
764 2214 888 2282 domus
918 2228 992 2282 erat
1020 2231 1098 2284 ante
1126 2220 1230 2285 istum

59 2330 240 2400 praetorem
275 2317 367 2385 nulla
395 2316 498 2400 paulo
523 2315 747 2397 locupletior,
779 2319 902 2396 quain
925 2318 1029 2383 domo
1052 2319 1137 2384 haec
1161 2341 1231 2385 non

59 2434 180 2499 essent,
203 2421 336 2487 etiamsi
360 2431 536 2501 praeterea
557 2416 638 2485 nibil
663 2428 757 2484 esset
778 2420 926 2499 argenti,
950 2418 1071 2500 patella
1092 2419 1231 2501 grandis

53 2542 131 2621 ⁸curn
150 2522 269 2602 sigillis
296 2542 336 2588 ac
356 2521 548 2588 simulacris
570 2519 733 2596 deorum,
764 2532 899 2602 patera,
923 2541 989 2603 qua
1010 2520 1168 2589 mulieres
1190 2518 1232 2588 ad

58 2645 108 2692 res
125 2625 253 2692 divinas
268 2635 463 2701 uterentur,
486 2622 684 2689 turibulum.
726 2623 820 2688 Haec
835 2634 947 2689 autem
964 2625 1077 2690 omnia
1093 2625 1231 2707 antiquo

61 2748 155 2809 opere
179 2738 214 2795 et
242 2748 379 2795 sumnio
413 2725 557 2792 artificio
592 2726 700 2791 facta:
732 2736 771 2790 ut
801 2724 868 2791 hoc
896 2723 1015 2793 liceret
1043 2727 1232 2809 suspicari,

61 2829 157 2896 luisse
176 2828 355 2916 aliquando
378 2827 477 2910 apud,
493 2824 625 2894 Siculos
641 2846 818 2908 peraeque
839 2847 903 2909 pro
926 2828 1085 2908 portione
1108 2841 1234 2905 cetera,

62 2930 115 2995 sed
133 2933 252 3013 quibus
272 2928 378 2995 multa
400 2930 539 2996 fortuna
557 2927 755 3003 ademisset,
780 2941 892 2993 tamen
913 2929 1003 3009 apud
1022 2950 1081 2995 eos
1099 2950 1233 2994 remau·
1307 2931 1309 2936 ’

62 3031 137 3098 sisse
150 3054 206 3110 ea,
228 3053 314 3117 quae
330 3030 449 3113 religio
465 3031 673 3098 retinuisset.
717 3030 813 3113 Dixi,
836 3028 981 3112 iudices,
1004 3029 1111 3096 multa
1124 3031 1232 3099 fuisse
1253 3036 1293 3102 et

119 3222 182 3284 tle.
200 3222 269 3283 sunt]
288 3222 349 3283 Reg.
367 3220 394 3268 Z.
412 3235 523 3278 „revera
540 3226 591 3267 lam
609 3215 755 3266 benefacta
773 3218 879 3268 babes.“
914 3220 1008 3268 Contra
1024 3222 1072 3265 mut
1088 3220 1156 3269 Laid.
1173 3220 1232 3269 Em·

63 3305 119 3365 „qui
135 3306 227 3353 babeas
245 3316 277 3352 e'a
294 3306 392 3361 omnia,
410 3320 475 3366 quae
487 3311 538 3350 tam
557 3304 618 3352 bene
635 3302 775 3360 laetasint,
792 3308 819 3348 ut
830 3303 904 3361 haec,
923 3316 987 3364 quae
998 3302 1106 3349 babes.“
1117 3327 1152 3339 -
1162 3316 1233 3360 neque

62 3369 259 3451 extenuationem]
279 3389 341 3449 Reg.
360 3388 428 3435 tete.
446 3388 486 3434 stc
504 3402 539 3434 ex
557 3386 682 3435 Ciceronis
700 3387 873 3433 consuetudine
891 3385 948 3446 (cfr.
960 3386 1070 3446 Madvig.
1083 3386 1129 3446 Ep.
1141 3401 1167 3446 p.
1176 3386 1231 3447 66.)

63 3470 103 3517 duo
119 3480 172 3521 sunt
188 3473 312 3526 membre,
338 3485 388 3534 qua
405 3473 560 3520 distinctione
577 3471 679 3531 gravior
697 3472 724 3515 lit
741 3467 868 3517 sententia.
887 3473 955 3527 atque
972 3472 1041 3516 extat.
1059 3471 1117 3516 Ern.
1137 3484 1171 3516 ex
1188 3484 1233 3516 usu

64 3560 190 3605 nostrarum
207 3559 354 3619 linguarum.
372 3581 406 3595 -
423 3555 578 3618 superiorem]
597 3557 622 3604 id
640 3562 690 3610 est,
708 3558 783 3614 longe
800 3553 1002 3614 locupletiorem,
1020 3558 1107 3612 utpote
1124 3553 1165 3614 qui
1182 3559 1233 3598 tam

63 3622 180 3690 lumem
196 3656 302 3690 summae
319 3639 530 3688 inraunoromm
547 3638 868 3710 corruptionem-erogarit.
887 3661 923 3674 -
940 3650 968 3682 ue
984 3636 1029 3681 titt
1045 3636 1139 3682 odiosas
1156 3637 1232 3699 esset]

63 3732 89 3785 tte
105 3724 148 3771 tibi
164 3728 290 3787 negotium
307 3725 447 3772 facesseret.

123 3830 186 3891 tlt.
209 3832 299 3893 evolso]
325 3833 386 3892 Reg.
411 3832 478 3878 Leid.
503 3834 569 3878 uulso
593 3832 651 3880 Ern.
687 3832 768 3880 Etiam
786 3833 885 3879 auellere
903 3842 994 3882 rectum
1010 3831 1022 3895 i
1039 3834 1081 3881 tt.
1097 3859 1132 3873 -·
1149 3848 1234 3896 magite

65 3912 167 3979 artificia]
186 3918 327 3977 praeclaras
346 3915 424 3962 omnis
442 3915 538 3975 generis
555 3923 629 3963 artes.
654 3942 688 3955 -
717 3918 825 3976 Propter
842 3933 866 3965 v.
884 3932 969 3975 magna
987 3919 1068 3978 accipi
1085 3934 1133 3967 non
1152 3928 1235 3983 potest

23 4007 25 4052 f
65 4003 113 4039 cuin
128 3998 225 4048 Wolfio
243 4014 291 4060 pro
309 3999 368 4059 ipsis
386 3999 447 4045 artis
465 3998 599 4060 operIbus,
626 4000 665 4047 cui
682 4000 828 4060 significatui
846 4000 962 4060 proxime
979 4003 1074 4048 accedit
1092 4002 1103 4064 i
1121 4002 1162 4050 59.
1180 4007 1235 4048 laec

23 4099 25 4104 >
65 4090 129 4133 opem
145 4088 210 4143 utque
226 4086 344 4144 nrtfficia,
361 4087 385 4131 id
403 4090 453 4141 est,
479 4099 557 4146 opera
576 4085 673 4132 artificii
692 4087 774 4145 plena.
791 4111 825 4125 -ι
842 4089 931 4145 sigillis
948 4088 1060 4147 intelligo
1079 4090 1109 4135 de
1126 4088 1235 4149 pluribus

65 4160 188 4213 mluoribus
205 4169 288 4229 figuris
305 4169 368 4218 inter
385 4185 411 4216 se
429 4170 517 4217 iunctis
534 4171 645 4231 (groppo
663 4173 688 4218 di
705 4170 818 4231 ligurino)
836 4171 909 4217 thiasi
928 4185 951 4218 v.
965 4170 991 4217 ’c
1011 4169 1139 4226 Bacchici,
1164 4171 1236 4215 simu·
1335 4163 1337 4166 ’

66 4241 130 4293 lucris
146 4252 176 4298 de
192 4252 341 4314 singulorum
357 4254 460 4301 deorum
477 4252 622 4315 imaginibus
638 4256 663 4302 in
682 4257 777 4316 patella
794 4253 915 4304 caelatis..
