<?xml version="1.0" encoding="UTF-8"?>
<!DOCTYPE html PUBLIC "-//W3C//DTD XHTML 1.0 Transitional//EN"
    "http://www.w3.org/TR/xhtml1/DTD/xhtml1-transitional.dtd">
<html xmlns="http://www.w3.org/1999/xhtml" xml:lang="en" lang="en">
 <head>
  <title>
</title>
<meta http-equiv="Content-Type" content="text/html;charset=utf-8" />
  <meta name='ocr-system' content='tesseract 3.04.00' />
  <meta name='ocr-capabilities' content='ocr_page ocr_carea ocr_par ocr_line ocrx_word'/>
</head>
<body>
  <div class='ocr_page' id='page_1' title='image "./mtulliiciceroni00orelgoog_0292.png"; bbox 0 0 2850 4759; ppageno 0'>
   <div class='ocr_carea' id='block_1_1' title="bbox 214 228 921 369">
    <p class='ocr_par' dir='ltr' id='par_1_1' title="bbox 214 228 921 369">
     <span class='ocr_line' id='line_1_1' title="bbox 214 228 921 369; baseline 0.006 -46"><span class='ocrx_word' id='word_1_1' title='bbox 214 259 275 334; x_wconf 75' lang='lat' dir='ltr'>ou</span> <span class='ocrx_word' id='word_1_2' title='bbox 358 228 362 234; x_wconf 85' lang='grc'><strong>’</strong></span> <span class='ocrx_word' id='word_1_3' title='bbox 577 360 582 369; x_wconf 13' lang='grc' dir='ltr'>ἱ</span> <span class='ocrx_word' id='word_1_4' title='bbox 685 256 921 329; x_wconf 81' lang='lat' dir='ltr'>crcaaonts</span> 
     </span>
    </p>
   </div>
   <div class='ocr_carea' id='block_1_2' title="bbox 133 417 1405 3408">
    <p class='ocr_par' dir='ltr' id='par_1_2' title="bbox 157 417 1367 1334">
     <span class='ocr_line' id='line_1_2' title="bbox 157 417 1363 506; baseline 0.002 -19"><span class='ocrx_word' id='word_1_5' title='bbox 157 429 195 496; x_wconf 75' lang='grc'>33</span> <span class='ocrx_word' id='word_1_6' title='bbox 216 419 335 504; x_wconf 85' lang='lat' dir='ltr'>Itaque</span> <span class='ocrx_word' id='word_1_7' title='bbox 358 417 493 487; x_wconf 86' lang='lat' dir='ltr'>attonde</span> <span class='ocrx_word' id='word_1_8' title='bbox 514 419 599 506; x_wconf 86' lang='lat' dir='ltr'>ianr,</span> <span class='ocrx_word' id='word_1_9' title='bbox 634 418 824 503; x_wconf 78' lang='lat' dir='ltr'><strong>Torquate,</strong></span> <span class='ocrx_word' id='word_1_10' title='bbox 856 441 956 504; x_wconf 86' lang='lat' dir='ltr'>quam</span> <span class='ocrx_word' id='word_1_11' title='bbox 978 440 1040 501; x_wconf 81' lang='lat' dir='ltr'>ego</span> <span class='ocrx_word' id='word_1_12' title='bbox 1066 418 1236 503; x_wconf 82' lang='lat' dir='ltr'>defugiam</span> <span class='ocrx_word' id='word_1_13' title='bbox 1260 434 1363 490; x_wconf 89' lang='lat' dir='ltr'>aueto-</span> 
     </span>
     <span class='ocr_line' id='line_1_3' title="bbox 216 522 1363 602; baseline 0 -10"><span class='ocrx_word' id='word_1_14' title='bbox 216 525 352 593; x_wconf 87' lang='lat' dir='ltr'>ritatem</span> <span class='ocrx_word' id='word_1_15' title='bbox 378 522 571 593; x_wconf 86' lang='lat' dir='ltr'>consulatus</span> <span class='ocrx_word' id='word_1_16' title='bbox 597 525 675 590; x_wconf 90' lang='lat' dir='ltr'>mei.</span> <span class='ocrx_word' id='word_1_17' title='bbox 717 524 871 591; x_wconf 84' lang='lat' dir='ltr'>Maxima</span> <span class='ocrx_word' id='word_1_18' title='bbox 892 546 994 602; x_wconf 90' lang='lat' dir='ltr'>voce,</span> <span class='ocrx_word' id='word_1_19' title='bbox 1016 537 1054 590; x_wconf 90' lang='lat' dir='ltr'>ut</span> <span class='ocrx_word' id='word_1_20' title='bbox 1077 547 1193 592; x_wconf 89' lang='lat' dir='ltr'>omnes</span> <span class='ocrx_word' id='word_1_21' title='bbox 1220 527 1363 593; x_wconf 81' lang='lat' dir='ltr'>exaudire</span> 
     </span>
     <span class='ocr_line' id='line_1_4' title="bbox 217 625 1364 715; baseline 0.001 -20"><span class='ocrx_word' id='word_1_22' title='bbox 217 628 365 712; x_wconf 79' lang='lat' dir='ltr'><strong>possint,</strong></span> <span class='ocrx_word' id='word_1_23' title='bbox 387 626 468 695; x_wconf 86' lang='lat' dir='ltr'>dico</span> <span class='ocrx_word' id='word_1_24' title='bbox 481 647 680 712; x_wconf 86' lang='lat' dir='ltr'>semperque</span> <span class='ocrx_word' id='word_1_25' title='bbox 705 627 829 695; x_wconf 86' lang='lat' dir='ltr'>dicam:</span> <span class='ocrx_word' id='word_1_26' title='bbox 852 625 1005 696; x_wconf 89' lang='lat' dir='ltr'>adestote</span> <span class='ocrx_word' id='word_1_27' title='bbox 1029 651 1146 697; x_wconf 89' lang='lat' dir='ltr'>omues</span> <span class='ocrx_word' id='word_1_28' title='bbox 1169 632 1301 708; x_wconf 89' lang='lat' dir='ltr'>animis,</span> <span class='ocrx_word' id='word_1_29' title='bbox 1319 638 1364 715; x_wconf 86' lang='lat' dir='ltr'>qui</span> 
     </span>
     <span class='ocr_line' id='line_1_5' title="bbox 218 732 1364 816; baseline -0.001 -15"><span class='ocrx_word' id='word_1_30' title='bbox 218 734 343 805; x_wconf 84' lang='lat' dir='ltr'>adestis</span> <span class='ocrx_word' id='word_1_31' title='bbox 374 733 596 815; x_wconf 87' lang='lat' dir='ltr'>corporibus,</span> <span class='ocrx_word' id='word_1_32' title='bbox 637 756 780 816; x_wconf 91' lang='lat' dir='ltr'>quorum</span> <span class='ocrx_word' id='word_1_33' title='bbox 813 753 874 812; x_wconf 81' lang='lat' dir='ltr'>ego</span> <span class='ocrx_word' id='word_1_34' title='bbox 904 732 1092 814; x_wconf 73' lang='lat' dir='ltr'>frequentia</span> <span class='ocrx_word' id='word_1_35' title='bbox 1125 754 1249 813; x_wconf 78' lang='lat' dir='ltr'>magno</span> <span class='ocrx_word' id='word_1_36' title='bbox 1281 757 1364 816; x_wconf 87' lang='lat' dir='ltr'>opere</span> 
     </span>
     <span class='ocr_line' id='line_1_6' title="bbox 217 836 1364 920; baseline -0.002 -14"><span class='ocrx_word' id='word_1_37' title='bbox 217 837 345 918; x_wconf 73' lang='lat' dir='ltr'>laetor3</span> <span class='ocrx_word' id='word_1_38' title='bbox 372 837 488 918; x_wconf 84' lang='lat' dir='ltr'>erigite</span> <span class='ocrx_word' id='word_1_39' title='bbox 512 848 641 906; x_wconf 88' lang='lat' dir='ltr'>mentes</span> <span class='ocrx_word' id='word_1_40' title='bbox 665 857 830 920; x_wconf 88' lang='lat' dir='ltr'>auresque</span> <span class='ocrx_word' id='word_1_41' title='bbox 856 849 984 902; x_wconf 86' lang='lat' dir='ltr'>vestras</span> <span class='ocrx_word' id='word_1_42' title='bbox 1008 848 1041 901; x_wconf 94' lang='lat' dir='ltr'>et</span> <span class='ocrx_word' id='word_1_43' title='bbox 1065 858 1118 902; x_wconf 89' lang='lat' dir='ltr'>me</span> <span class='ocrx_word' id='word_1_44' title='bbox 1144 836 1186 903; x_wconf 90' lang='lat' dir='ltr'>de</span> <span class='ocrx_word' id='word_1_45' title='bbox 1209 840 1364 905; x_wconf 88' lang='lat' dir='ltr'>invidiosis</span> 
     </span>
     <span class='ocr_line' id='line_1_7' title="bbox 218 938 1365 1027; baseline -0.003 -17"><span class='ocrx_word' id='word_1_46' title='bbox 218 944 339 1020; x_wconf 89' lang='lat' dir='ltr'>rebus,</span> <span class='ocrx_word' id='word_1_47' title='bbox 367 954 405 1008; x_wconf 90' lang='lat' dir='ltr'>ut</span> <span class='ocrx_word' id='word_1_48' title='bbox 426 940 480 1007; x_wconf 92' lang='lat' dir='ltr'>ille</span> <span class='ocrx_word' id='word_1_49' title='bbox 500 951 613 1023; x_wconf 90' lang='lat' dir='ltr'>putat,</span> <span class='ocrx_word' id='word_1_50' title='bbox 642 938 808 1006; x_wconf 76' lang='lat' dir='ltr'><strong>dicentem</strong></span> <span class='ocrx_word' id='word_1_51' title='bbox 831 939 1009 1007; x_wconf 86' lang='lat' dir='ltr'>attendite!</span> <span class='ocrx_word' id='word_1_52' title='bbox 1040 939 1114 1020; x_wconf 80' lang='lat' dir='ltr'>Ego</span> <span class='ocrx_word' id='word_1_53' title='bbox 1142 941 1281 1027; x_wconf 88' lang='lat' dir='ltr'>consul,</span> <span class='ocrx_word' id='word_1_54' title='bbox 1306 965 1365 1007; x_wconf 90' lang='lat' dir='ltr'>cun</span> 
     </span>
     <span class='ocr_line' id='line_1_8' title="bbox 221 1042 1365 1128; baseline -0.003 -14"><span class='ocrx_word' id='word_1_55' title='bbox 221 1046 389 1114; x_wconf 75' lang='lat' dir='ltr'>exercitus</span> <span class='ocrx_word' id='word_1_56' title='bbox 423 1043 634 1128; x_wconf 80' lang='lat' dir='ltr'>perditorum</span> <span class='ocrx_word' id='word_1_57' title='bbox 670 1044 793 1110; x_wconf 86' lang='lat' dir='ltr'>civium</span> <span class='ocrx_word' id='word_1_58' title='bbox 825 1042 1033 1112; x_wconf 86' lang='lat' dir='ltr'>clandestino</span> <span class='ocrx_word' id='word_1_59' title='bbox 1063 1043 1191 1111; x_wconf 87' lang='lat' dir='ltr'>scelere</span> <span class='ocrx_word' id='word_1_60' title='bbox 1220 1045 1365 1112; x_wconf 84' lang='lat' dir='ltr'>conflatus</span> 
     </span>
     <span class='ocr_line' id='line_1_9' title="bbox 220 1131 1367 1232; baseline -0.002 -14"><span class='ocrx_word' id='word_1_61' title='bbox 220 1131 491 1218; x_wconf 82' lang='lat' dir='ltr'>crudelissimum</span> <span class='ocrx_word' id='word_1_62' title='bbox 511 1160 544 1215; x_wconf 90' lang='lat' dir='ltr'>et</span> <span class='ocrx_word' id='word_1_63' title='bbox 567 1145 857 1214; x_wconf 87' lang='lat' dir='ltr'>luctuosissimum</span> <span class='ocrx_word' id='word_1_64' title='bbox 879 1149 1017 1215; x_wconf 83' lang='lat' dir='ltr'>exitium</span> <span class='ocrx_word' id='word_1_65' title='bbox 1042 1150 1178 1231; x_wconf 84' lang='lat' dir='ltr'>patriae</span> <span class='ocrx_word' id='word_1_66' title='bbox 1192 1172 1367 1232; x_wconf 84' lang='lat' dir='ltr'>comparas-</span> 
     </span>
     <span class='ocr_line' id='line_1_10' title="bbox 220 1251 1366 1334; baseline -0.003 -12"><span class='ocrx_word' id='word_1_67' title='bbox 220 1265 289 1333; x_wconf 86' lang='lat' dir='ltr'>set,</span> <span class='ocrx_word' id='word_1_68' title='bbox 313 1277 390 1320; x_wconf 90' lang='lat' dir='ltr'>curn</span> <span class='ocrx_word' id='word_1_69' title='bbox 420 1251 463 1318; x_wconf 88' lang='lat' dir='ltr'>ad</span> <span class='ocrx_word' id='word_1_70' title='bbox 487 1272 647 1331; x_wconf 81' lang='lat' dir='ltr'>occasum</span> <span class='ocrx_word' id='word_1_71' title='bbox 669 1251 910 1334; x_wconf 86' lang='lat' dir='ltr'>interitumque</span> <span class='ocrx_word' id='word_1_72' title='bbox 938 1253 985 1317; x_wconf 90' lang='lat' dir='ltr'>rei</span> <span class='ocrx_word' id='word_1_73' title='bbox 1010 1251 1164 1333; x_wconf 86' lang='lat' dir='ltr'>publicae</span> <span class='ocrx_word' id='word_1_74' title='bbox 1189 1252 1366 1319; x_wconf 83' lang='lat' dir='ltr'>Catilinam</span> 
     </span>
    </p>

    <p class='ocr_par' dir='ltr' id='par_1_3' title="bbox 133 1352 1373 2268">
     <span class='ocr_line' id='line_1_11' title="bbox 133 1352 1366 1439; baseline -0.004 -15"><span class='ocrx_word' id='word_1_75' title='bbox 133 1406 136 1415; x_wconf 73' lang='lat'><em>,</em></span> <span class='ocrx_word' id='word_1_76' title='bbox 220 1358 359 1433; x_wconf 88' lang='lat' dir='ltr'>castris,</span> <span class='ocrx_word' id='word_1_77' title='bbox 380 1358 414 1432; x_wconf 92' lang='lat' dir='ltr'>in</span> <span class='ocrx_word' id='word_1_78' title='bbox 433 1354 484 1422; x_wconf 88' lang='lat' dir='ltr'>his</span> <span class='ocrx_word' id='word_1_79' title='bbox 503 1367 615 1422; x_wconf 85' lang='lat' dir='ltr'>auteur</span> <span class='ocrx_word' id='word_1_80' title='bbox 637 1352 769 1435; x_wconf 87' lang='lat' dir='ltr'>templis</span> <span class='ocrx_word' id='word_1_81' title='bbox 789 1368 888 1439; x_wconf 90' lang='lat' dir='ltr'>atque</span> <span class='ocrx_word' id='word_1_82' title='bbox 908 1357 1004 1423; x_wconf 91' lang='lat' dir='ltr'>tectis</span> <span class='ocrx_word' id='word_1_83' title='bbox 1027 1357 1097 1422; x_wconf 86' lang='lat' dir='ltr'>dux</span> <span class='ocrx_word' id='word_1_84' title='bbox 1113 1356 1278 1424; x_wconf 83' lang='lat' dir='ltr'>Lentulus</span> <span class='ocrx_word' id='word_1_85' title='bbox 1298 1367 1366 1422; x_wconf 83' lang='lat' dir='ltr'>esset</span> 
     </span>
     <span class='ocr_line' id='line_1_12' title="bbox 221 1456 1368 1542; baseline -0.005 -13"><span class='ocrx_word' id='word_1_86' title='bbox 221 1462 444 1541; x_wconf 90' lang='lat' dir='ltr'>constitutus,</span> <span class='ocrx_word' id='word_1_87' title='bbox 466 1461 549 1526; x_wconf 88' lang='lat' dir='ltr'>meis</span> <span class='ocrx_word' id='word_1_88' title='bbox 572 1456 736 1542; x_wconf 90' lang='lat' dir='ltr'>consiliis,</span> <span class='ocrx_word' id='word_1_89' title='bbox 759 1460 842 1527; x_wconf 91' lang='lat' dir='ltr'>meis</span> <span class='ocrx_word' id='word_1_90' title='bbox 863 1459 1051 1539; x_wconf 80' lang='lat' dir='ltr'>laboribus,</span> <span class='ocrx_word' id='word_1_91' title='bbox 1074 1461 1138 1526; x_wconf 90' lang='lat' dir='ltr'>mei</span> <span class='ocrx_word' id='word_1_92' title='bbox 1157 1461 1278 1542; x_wconf 91' lang='lat' dir='ltr'>capitis</span> <span class='ocrx_word' id='word_1_93' title='bbox 1299 1461 1368 1542; x_wconf 89' lang='lat' dir='ltr'>peri-</span> 
     </span>
     <span class='ocr_line' id='line_1_13' title="bbox 222 1560 1368 1648; baseline -0.008 -15"><span class='ocrx_word' id='word_1_94' title='bbox 222 1562 323 1648; x_wconf 89' lang='lat' dir='ltr'>culis,</span> <span class='ocrx_word' id='word_1_95' title='bbox 348 1565 421 1631; x_wconf 90' lang='lat' dir='ltr'>sine</span> <span class='ocrx_word' id='word_1_96' title='bbox 439 1560 601 1642; x_wconf 81' lang='lat' dir='ltr'>tumultu,</span> <span class='ocrx_word' id='word_1_97' title='bbox 627 1562 698 1628; x_wconf 89' lang='lat' dir='ltr'>sine</span> <span class='ocrx_word' id='word_1_98' title='bbox 717 1560 867 1642; x_wconf 90' lang='lat' dir='ltr'>delectu,</span> <span class='ocrx_word' id='word_1_99' title='bbox 884 1564 962 1635; x_wconf 63' lang='lat' dir='ltr'>,sine</span> <span class='ocrx_word' id='word_1_100' title='bbox 984 1564 1104 1642; x_wconf 90' lang='lat' dir='ltr'>armis,</span> <span class='ocrx_word' id='word_1_101' title='bbox 1129 1564 1202 1630; x_wconf 85' lang='lat' dir='ltr'>sine</span> <span class='ocrx_word' id='word_1_102' title='bbox 1221 1563 1368 1637; x_wconf 86' lang='lat' dir='ltr'>exercitu,</span> 
     </span>
     <span class='ocr_line' id='line_1_14' title="bbox 223 1664 1370 1753; baseline -0.006 -18"><span class='ocrx_word' id='word_1_103' title='bbox 223 1670 367 1753; x_wconf 88' lang='lat' dir='ltr'>quinque</span> <span class='ocrx_word' id='word_1_104' title='bbox 403 1666 593 1733; x_wconf 86' lang='lat' dir='ltr'>hominibus</span> <span class='ocrx_word' id='word_1_105' title='bbox 626 1664 879 1748; x_wconf 78' lang='lat' dir='ltr'>comprehensis</span> <span class='ocrx_word' id='word_1_106' title='bbox 914 1680 1014 1749; x_wconf 87' lang='lat' dir='ltr'>atque</span> <span class='ocrx_word' id='word_1_107' title='bbox 1049 1667 1235 1743; x_wconf 76' lang='lat' dir='ltr'>confossiS,</span> <span class='ocrx_word' id='word_1_108' title='bbox 1275 1667 1370 1731; x_wconf 85' lang='lat' dir='ltr'>inocu-</span> 
     </span>
     <span class='ocr_line' id='line_1_15' title="bbox 222 1768 1370 1850; baseline -0.006 -13"><span class='ocrx_word' id='word_1_109' title='bbox 222 1772 320 1838; x_wconf 82' lang='lat' dir='ltr'>sione</span> <span class='ocrx_word' id='word_1_110' title='bbox 338 1771 476 1849; x_wconf 89' lang='lat' dir='ltr'>urbem,</span> <span class='ocrx_word' id='word_1_111' title='bbox 505 1770 732 1836; x_wconf 81' lang='lat' dir='ltr'>internecione</span> <span class='ocrx_word' id='word_1_112' title='bbox 752 1770 859 1848; x_wconf 88' lang='lat' dir='ltr'>cives,</span> <span class='ocrx_word' id='word_1_113' title='bbox 888 1773 1044 1839; x_wconf 87' lang='lat' dir='ltr'>vastitate</span> <span class='ocrx_word' id='word_1_114' title='bbox 1067 1770 1219 1850; x_wconf 88' lang='lat' dir='ltr'>ltaliam,</span> <span class='ocrx_word' id='word_1_115' title='bbox 1250 1768 1370 1835; x_wconf 88' lang='lat' dir='ltr'>interitu</span> 
     </span>
     <span class='ocr_line' id='line_1_16' title="bbox 221 1872 1371 1963; baseline -0.004 -22"><span class='ocrx_word' id='word_1_116' title='bbox 221 1897 293 1941; x_wconf 80' lang='lat' dir='ltr'>rein</span> <span class='ocrx_word' id='word_1_117' title='bbox 321 1873 488 1963; x_wconf 83' lang='lat' dir='ltr'>publicam</span> <span class='ocrx_word' id='word_1_118' title='bbox 511 1872 667 1950; x_wconf 80' lang='lat' dir='ltr'>liberavi;</span> <span class='ocrx_word' id='word_1_119' title='bbox 688 1894 750 1953; x_wconf 80' lang='lat' dir='ltr'>ego</span> <span class='ocrx_word' id='word_1_120' title='bbox 776 1875 879 1941; x_wconf 87' lang='lat' dir='ltr'>vitam</span> <span class='ocrx_word' id='word_1_121' title='bbox 908 1875 1059 1945; x_wconf 92' lang='lat' dir='ltr'>omnium</span> <span class='ocrx_word' id='word_1_122' title='bbox 1084 1874 1227 1954; x_wconf 89' lang='lat' dir='ltr'>civium,</span> <span class='ocrx_word' id='word_1_123' title='bbox 1261 1885 1371 1940; x_wconf 84' lang='lat' dir='ltr'>staturn</span> 
     </span>
     <span class='ocr_line' id='line_1_17' title="bbox 223 1975 1371 2064; baseline -0.003 -20"><span class='ocrx_word' id='word_1_124' title='bbox 223 1976 312 2044; x_wconf 87' lang='lat' dir='ltr'>orbis</span> <span class='ocrx_word' id='word_1_125' title='bbox 334 1989 461 2055; x_wconf 87' lang='lat' dir='ltr'>terrae,</span> <span class='ocrx_word' id='word_1_126' title='bbox 486 1979 602 2044; x_wconf 90' lang='lat' dir='ltr'>urbem</span> <span class='ocrx_word' id='word_1_127' title='bbox 625 1979 711 2043; x_wconf 88' lang='lat' dir='ltr'>banc</span> <span class='ocrx_word' id='word_1_128' title='bbox 733 1975 891 2064; x_wconf 87' lang='lat' dir='ltr'>denique,</span> <span class='ocrx_word' id='word_1_129' title='bbox 914 1978 1028 2045; x_wconf 86' lang='lat' dir='ltr'>sedem</span> <span class='ocrx_word' id='word_1_130' title='bbox 1049 1979 1371 2052; x_wconf 85' lang='lat' dir='ltr'>omniurnnostrmu,</span> 
     </span>
     <span class='ocr_line' id='line_1_18' title="bbox 223 2080 1371 2173; baseline -0.006 -22"><span class='ocrx_word' id='word_1_131' title='bbox 223 2103 335 2173; x_wconf 80' lang='lat' dir='ltr'>arcein</span> <span class='ocrx_word' id='word_1_132' title='bbox 374 2102 493 2162; x_wconf 80' lang='lat' dir='ltr'>regum</span> <span class='ocrx_word' id='word_1_133' title='bbox 528 2103 567 2148; x_wconf 94' lang='lat' dir='ltr'>ac</span> <span class='ocrx_word' id='word_1_134' title='bbox 602 2081 780 2148; x_wconf 90' lang='lat' dir='ltr'>nationum</span> <span class='ocrx_word' id='word_1_135' title='bbox 803 2087 1030 2167; x_wconf 57' lang='lat' dir='ltr'>‘exterarum</span> <span class='ocrx_word' id='word_1_136' title='bbox 1065 2080 1179 2148; x_wconf 90' lang='lat' dir='ltr'>lumen</span> <span class='ocrx_word' id='word_1_137' title='bbox 1216 2083 1371 2161; x_wconf 84' lang='lat' dir='ltr'>gentium,</span> 
     </span>
     <span class='ocr_line' id='line_1_19' title="bbox 224 2180 1373 2268; baseline -0.003 -19"><span class='ocrx_word' id='word_1_138' title='bbox 224 2182 431 2253; x_wconf 81' lang='lat' dir='ltr'>domicilium</span> <span class='ocrx_word' id='word_1_139' title='bbox 460 2185 590 2267; x_wconf 85' lang='lat' dir='ltr'>imperii</span> <span class='ocrx_word' id='word_1_140' title='bbox 624 2180 769 2268; x_wconf 88' lang='lat' dir='ltr'>quinque</span> <span class='ocrx_word' id='word_1_141' title='bbox 791 2183 964 2253; x_wconf 87' lang='lat' dir='ltr'>hominum</span> <span class='ocrx_word' id='word_1_142' title='bbox 998 2188 1179 2252; x_wconf 86' lang='lat' dir='ltr'>amentium</span> <span class='ocrx_word' id='word_1_143' title='bbox 1213 2207 1253 2251; x_wconf 92' lang='lat' dir='ltr'>ac</span> <span class='ocrx_word' id='word_1_144' title='bbox 1278 2184 1373 2268; x_wconf 90' lang='lat' dir='ltr'>perdi·</span> 
     </span>
    </p>

    <p class='ocr_par' dir='ltr' id='par_1_4' title="bbox 165 2287 1374 2370">
     <span class='ocr_line' id='line_1_20' title="bbox 165 2287 1374 2370; baseline -0.005 -15"><span class='ocrx_word' id='word_1_145' title='bbox 165 2293 202 2356; x_wconf 67' lang='lat'>311</span> <span class='ocrx_word' id='word_1_146' title='bbox 225 2300 336 2355; x_wconf 90' lang='lat' dir='ltr'>torum</span> <span class='ocrx_word' id='word_1_147' title='bbox 362 2310 471 2370; x_wconf 88' lang='lat' dir='ltr'>poena</span> <span class='ocrx_word' id='word_1_148' title='bbox 494 2288 632 2356; x_wconf 88' lang='lat' dir='ltr'>redemi.</span> <span class='ocrx_word' id='word_1_149' title='bbox 673 2292 727 2356; x_wconf 87' lang='lat' dir='ltr'>An</span> <span class='ocrx_word' id='word_1_150' title='bbox 752 2310 807 2355; x_wconf 86' lang='lat' dir='ltr'>me</span> <span class='ocrx_word' id='word_1_151' title='bbox 829 2290 1027 2356; x_wconf 85' lang='lat' dir='ltr'>existimasti</span> <span class='ocrx_word' id='word_1_152' title='bbox 1049 2288 1130 2356; x_wconf 88' lang='lat' dir='ltr'>baec</span> <span class='ocrx_word' id='word_1_153' title='bbox 1149 2289 1330 2360; x_wconf 84' lang='lat' dir='ltr'>iniuratum</span> <span class='ocrx_word' id='word_1_154' title='bbox 1349 2287 1374 2350; x_wconf 90' lang='lat' dir='ltr'>iu</span> 
     </span>
    </p>

    <p class='ocr_par' dir='ltr' id='par_1_5' title="bbox 146 2390 1374 2562">
     <span class='ocr_line' id='line_1_21' title="bbox 146 2390 1374 2475; baseline -0.005 -14"><span class='ocrx_word' id='word_1_155' title='bbox 146 2464 149 2471; x_wconf 17' lang='lat' dir='ltr'>q</span> <span class='ocrx_word' id='word_1_156' title='bbox 222 2392 346 2461; x_wconf 91' lang='lat' dir='ltr'>iudicio</span> <span class='ocrx_word' id='word_1_157' title='bbox 377 2415 445 2458; x_wconf 93' lang='lat' dir='ltr'>non</span> <span class='ocrx_word' id='word_1_158' title='bbox 474 2413 547 2459; x_wconf 90' lang='lat' dir='ltr'>esse</span> <span class='ocrx_word' id='word_1_159' title='bbox 579 2390 771 2471; x_wconf 86' lang='lat' dir='ltr'>dicturum,</span> <span class='ocrx_word' id='word_1_160' title='bbox 805 2414 888 2475; x_wconf 84' lang='lat' dir='ltr'>quae</span> <span class='ocrx_word' id='word_1_161' title='bbox 917 2393 1047 2461; x_wconf 90' lang='lat' dir='ltr'>iuratus</span> <span class='ocrx_word' id='word_1_162' title='bbox 1072 2394 1106 2460; x_wconf 91' lang='lat' dir='ltr'>in</span> <span class='ocrx_word' id='word_1_163' title='bbox 1132 2395 1284 2459; x_wconf 81' lang='lat' dir='ltr'>maxima</span> <span class='ocrx_word' id='word_1_164' title='bbox 1309 2414 1374 2458; x_wconf 90' lang='lat' dir='ltr'>con·</span> 
     </span>
     <span class='ocr_line' id='line_1_22' title="bbox 225 2484 1184 2562; baseline -0.007 0"><span class='ocrx_word' id='word_1_165' title='bbox 225 2496 315 2562; x_wconf 90' lang='lat' dir='ltr'>tione</span> <span class='ocrx_word' id='word_1_166' title='bbox 338 2493 527 2562; x_wconf 55' lang='lat' dir='ltr'>dixissem?</span> <span class='ocrx_word' id='word_1_167' title='bbox 1181 2484 1184 2485; x_wconf 37' lang='lat'><em>⁷</em></span> 
     </span>
    </p>

    <p class='ocr_par' dir='ltr' id='par_1_6' title="bbox 303 2596 1376 2682">
     <span class='ocr_line' id='line_1_23' title="bbox 303 2596 1376 2682; baseline -0.004 -18"><span class='ocrx_word' id='word_1_168' title='bbox 303 2597 383 2664; x_wconf 86' lang='lat' dir='ltr'>Xll.</span> <span class='ocrx_word' id='word_1_169' title='bbox 425 2601 536 2680; x_wconf 86' lang='lat' dir='ltr'>Atque</span> <span class='ocrx_word' id='word_1_170' title='bbox 566 2598 665 2664; x_wconf 90' lang='lat' dir='ltr'>etiam</span> <span class='ocrx_word' id='word_1_171' title='bbox 694 2596 776 2664; x_wconf 95' lang='lat' dir='ltr'>illud</span> <span class='ocrx_word' id='word_1_172' title='bbox 808 2598 947 2676; x_wconf 87' lang='lat' dir='ltr'>addam,</span> <span class='ocrx_word' id='word_1_173' title='bbox 982 2600 1104 2682; x_wconf 90' lang='lat' dir='ltr'>nequi</span> <span class='ocrx_word' id='word_1_174' title='bbox 1134 2599 1222 2666; x_wconf 85' lang='lat' dir='ltr'>forto</span> <span class='ocrx_word' id='word_1_175' title='bbox 1253 2600 1376 2681; x_wconf 89' lang='lat' dir='ltr'>incipiat</span> 
     </span>
    </p>

    <p class='ocr_par' dir='ltr' id='par_1_7' title="bbox 178 2686 1405 3443">
     <span class='ocr_line' id='line_1_24' title="bbox 178 2686 1376 2784; baseline -0.003 -17"><span class='ocrx_word' id='word_1_176' title='bbox 178 2686 184 2707; x_wconf 85' lang='grc'><strong>’</strong></span> <span class='ocrx_word' id='word_1_177' title='bbox 207 2701 400 2783; x_wconf 50' lang='lat' dir='ltr'>¹improbus</span> <span class='ocrx_word' id='word_1_178' title='bbox 419 2700 529 2768; x_wconf 86' lang='lat' dir='ltr'>subito</span> <span class='ocrx_word' id='word_1_179' title='bbox 555 2713 586 2767; x_wconf 87' lang='lat' dir='ltr'>te</span> <span class='ocrx_word' id='word_1_180' title='bbox 610 2723 741 2779; x_wconf 85' lang='lat' dir='ltr'>amare,</span> <span class='ocrx_word' id='word_1_181' title='bbox 772 2702 960 2784; x_wconf 85' lang='lat' dir='ltr'>Torquate,</span> <span class='ocrx_word' id='word_1_182' title='bbox 990 2714 1023 2766; x_wconf 90' lang='lat' dir='ltr'>et</span> <span class='ocrx_word' id='word_1_183' title='bbox 1046 2700 1169 2784; x_wconf 91' lang='lat' dir='ltr'>aliquid</span> <span class='ocrx_word' id='word_1_184' title='bbox 1190 2725 1326 2784; x_wconf 88' lang='lat' dir='ltr'>sperare</span> <span class='ocrx_word' id='word_1_185' title='bbox 1345 2703 1376 2766; x_wconf 91' lang='lat' dir='ltr'>de</span> 
     </span>
     <span class='ocr_line' id='line_1_25' title="bbox 227 2800 1374 2886; baseline 0.002 -16"><span class='ocrx_word' id='word_1_186' title='bbox 227 2816 277 2883; x_wconf 65' lang='lat' dir='ltr'>teg</span> <span class='ocrx_word' id='word_1_187' title='bbox 301 2816 411 2886; x_wconf 89' lang='lat' dir='ltr'>atque,</span> <span class='ocrx_word' id='word_1_188' title='bbox 431 2816 469 2871; x_wconf 95' lang='lat' dir='ltr'>ut</span> <span class='ocrx_word' id='word_1_189' title='bbox 488 2803 576 2870; x_wconf 89' lang='lat' dir='ltr'>idem</span> <span class='ocrx_word' id='word_1_190' title='bbox 597 2826 715 2872; x_wconf 90' lang='lat' dir='ltr'>omnes</span> <span class='ocrx_word' id='word_1_191' title='bbox 733 2800 930 2885; x_wconf 78' lang='lat' dir='ltr'>exaudiant,</span> <span class='ocrx_word' id='word_1_192' title='bbox 956 2803 1141 2873; x_wconf 86' lang='lat' dir='ltr'>clarissima</span> <span class='ocrx_word' id='word_1_193' title='bbox 1159 2827 1243 2872; x_wconf 87' lang='lat' dir='ltr'>voce</span> <span class='ocrx_word' id='word_1_194' title='bbox 1265 2808 1374 2872; x_wconf 82' lang='lat' dir='ltr'>dicam:</span> 
     </span>
     <span class='ocr_line' id='line_1_26' title="bbox 225 2905 1376 2991; baseline -0.003 -17"><span class='ocrx_word' id='word_1_195' title='bbox 225 2905 346 2981; x_wconf 88' lang='lat' dir='ltr'>harum</span> <span class='ocrx_word' id='word_1_196' title='bbox 375 2908 526 2974; x_wconf 89' lang='lat' dir='ltr'>omnium</span> <span class='ocrx_word' id='word_1_197' title='bbox 559 2929 690 2990; x_wconf 89' lang='lat' dir='ltr'>rerum,</span> <span class='ocrx_word' id='word_1_198' title='bbox 727 2929 808 2990; x_wconf 91' lang='lat' dir='ltr'>quas</span> <span class='ocrx_word' id='word_1_199' title='bbox 841 2930 904 2989; x_wconf 81' lang='lat' dir='ltr'>ego</span> <span class='ocrx_word' id='word_1_200' title='bbox 928 2912 960 2974; x_wconf 91' lang='lat' dir='ltr'>in</span> <span class='ocrx_word' id='word_1_201' title='bbox 985 2906 1164 2976; x_wconf 88' lang='lat' dir='ltr'>consulatu</span> <span class='ocrx_word' id='word_1_202' title='bbox 1190 2932 1254 2991; x_wconf 91' lang='lat' dir='ltr'>pro</span> <span class='ocrx_word' id='word_1_203' title='bbox 1282 2909 1376 2977; x_wconf 86' lang='lat' dir='ltr'>saluto</span> 
     </span>
     <span class='ocr_line' id='line_1_27' title="bbox 227 3010 1405 3097; baseline -0.004 -20"><span class='ocrx_word' id='word_1_204' title='bbox 227 3012 399 3078; x_wconf 86' lang='lat' dir='ltr'>communi</span> <span class='ocrx_word' id='word_1_205' title='bbox 426 3012 558 3094; x_wconf 83' lang='lat' dir='ltr'>suscepi</span> <span class='ocrx_word' id='word_1_206' title='bbox 585 3024 620 3078; x_wconf 90' lang='lat' dir='ltr'>et</span> <span class='ocrx_word' id='word_1_207' title='bbox 647 3012 754 3097; x_wconf 81' lang='lat' dir='ltr'>gessi,</span> <span class='ocrx_word' id='word_1_208' title='bbox 791 3012 828 3078; x_wconf 91' lang='lat' dir='ltr'>L.</span> <span class='ocrx_word' id='word_1_209' title='bbox 861 3010 915 3078; x_wconf 91' lang='lat' dir='ltr'>ille</span> <span class='ocrx_word' id='word_1_210' title='bbox 945 3011 1156 3094; x_wconf 80' lang='lat' dir='ltr'>Torquatus,</span> <span class='ocrx_word' id='word_1_211' title='bbox 1192 3034 1272 3079; x_wconf 88' lang='lat' dir='ltr'>cum</span> <span class='ocrx_word' id='word_1_212' title='bbox 1304 3020 1405 3093; x_wconf 53' lang='lat' dir='ltr'>esset3</span> 
     </span>
     <span class='ocr_line' id='line_1_28' title="bbox 227 3108 1376 3198; baseline -0.003 -16"><span class='ocrx_word' id='word_1_213' title='bbox 227 3138 323 3182; x_wconf 89' lang='lat' dir='ltr'>meus</span> <span class='ocrx_word' id='word_1_214' title='bbox 357 3114 604 3181; x_wconf 87' lang='lat' dir='ltr'>contubernalis</span> <span class='ocrx_word' id='word_1_215' title='bbox 635 3116 670 3181; x_wconf 94' lang='lat' dir='ltr'>in</span> <span class='ocrx_word' id='word_1_216' title='bbox 698 3115 876 3183; x_wconf 86' lang='lat' dir='ltr'>consulatu</span> <span class='ocrx_word' id='word_1_217' title='bbox 911 3108 1009 3198; x_wconf 86' lang='lat' dir='ltr'>atquo</span> <span class='ocrx_word' id='word_1_218' title='bbox 1040 3117 1139 3181; x_wconf 88' lang='lat' dir='ltr'>etiarn</span> <span class='ocrx_word' id='word_1_219' title='bbox 1170 3116 1203 3180; x_wconf 95' lang='lat' dir='ltr'>in</span> <span class='ocrx_word' id='word_1_220' title='bbox 1235 3127 1376 3197; x_wconf 79' lang='lat' dir='ltr'>praetura</span> 
     </span>
     <span class='ocr_line' id='line_1_29' title="bbox 227 3218 1405 3305; baseline -0.001 -21"><span class='ocrx_word' id='word_1_221' title='bbox 227 3219 365 3294; x_wconf 83' lang='lat' dir='ltr'>suisset,</span> <span class='ocrx_word' id='word_1_222' title='bbox 401 3230 536 3303; x_wconf 83' lang='lat' dir='ltr'>auctor,</span> <span class='ocrx_word' id='word_1_223' title='bbox 567 3218 717 3305; x_wconf 86' lang='lat' dir='ltr'>adiutor,</span> <span class='ocrx_word' id='word_1_224' title='bbox 754 3219 921 3301; x_wconf 86' lang='lat' dir='ltr'>particeps</span> <span class='ocrx_word' id='word_1_225' title='bbox 943 3219 1089 3295; x_wconf 88' lang='lat' dir='ltr'>exstitit,</span> <span class='ocrx_word' id='word_1_226' title='bbox 1120 3239 1195 3284; x_wconf 92' lang='lat' dir='ltr'>cum</span> <span class='ocrx_word' id='word_1_227' title='bbox 1221 3223 1376 3301; x_wconf 88' lang='lat' dir='ltr'>princeps,</span> <span class='ocrx_word' id='word_1_228' title='bbox 1404 3230 1405 3303; x_wconf 73' lang='lat' dir='ltr'>l</span> 
     </span>
     <span class='ocr_line' id='line_1_30' title="bbox 229 3321 1377 3408; baseline -0.002 -21"><span class='ocrx_word' id='word_1_229' title='bbox 229 3343 305 3388; x_wconf 92' lang='lat' dir='ltr'>cum</span> <span class='ocrx_word' id='word_1_230' title='bbox 340 3335 476 3399; x_wconf 84' lang='lat' dir='ltr'>auctor,</span> <span class='ocrx_word' id='word_1_231' title='bbox 512 3343 589 3391; x_wconf 89' lang='lat' dir='ltr'>curn</span> <span class='ocrx_word' id='word_1_232' title='bbox 621 3321 762 3402; x_wconf 83' lang='lat' dir='ltr'>signifer</span> <span class='ocrx_word' id='word_1_233' title='bbox 801 3333 890 3387; x_wconf 88' lang='lat' dir='ltr'>esset</span> <span class='ocrx_word' id='word_1_234' title='bbox 920 3321 1120 3400; x_wconf 71' lang='lat' dir='ltr'>iuventutis,</span> <span class='ocrx_word' id='word_1_235' title='bbox 1153 3343 1277 3408; x_wconf 88' lang='lat' dir='ltr'>parens</span> <span class='ocrx_word' id='word_1_236' title='bbox 1307 3322 1377 3396; x_wconf 88' lang='lat' dir='ltr'>cius,</span> 
     </span>
    </p>
   </div>
   <div class='ocr_carea' id='block_1_3' title="bbox 229 3448 1405 4163">
    <p class='ocr_par' dir='ltr' id='par_1_8' title="bbox 842 3448 1405 3483">
     <span class='ocr_line' id='line_1_31' title="bbox 842 3448 1405 3483; baseline 0 0"><span class='ocrx_word' id='word_1_237' title='bbox 842 3480 844 3483; x_wconf 85' lang='lat'><strong>.</strong></span> <span class='ocrx_word' id='word_1_238' title='bbox 1404 3448 1405 3483; x_wconf 93' lang='lat' dir='ltr'>l</span> 
     </span>
    </p>

    <p class='ocr_par' dir='ltr' id='par_1_9' title="bbox 229 3496 1405 4163">
     <span class='ocr_line' id='line_1_32' title="bbox 296 3496 1405 3572; baseline 0.001 -16"><span class='ocrx_word' id='word_1_239' title='bbox 296 3510 307 3572; x_wconf 63' lang='lat' dir='ltr'>b</span> <span class='ocrx_word' id='word_1_240' title='bbox 325 3511 366 3557; x_wconf 80' lang='lat'>33.</span> <span class='ocrx_word' id='word_1_241' title='bbox 384 3524 451 3571; x_wconf 76' lang='lat' dir='ltr'>quana</span> <span class='ocrx_word' id='word_1_242' title='bbox 468 3525 511 3568; x_wconf 79' lang='lat' dir='ltr'>ego</span> <span class='ocrx_word' id='word_1_243' title='bbox 528 3509 656 3571; x_wconf 75' lang='lat' dir='ltr'>defugiam]</span> <span class='ocrx_word' id='word_1_244' title='bbox 673 3527 741 3572; x_wconf 79' lang='lat' dir='ltr'>quam</span> <span class='ocrx_word' id='word_1_245' title='bbox 758 3526 801 3570; x_wconf 81' lang='lat' dir='ltr'>ego</span> <span class='ocrx_word' id='word_1_246' title='bbox 818 3511 940 3570; x_wconf 70' lang='lat' dir='ltr'>diffugium</span> <span class='ocrx_word' id='word_1_247' title='bbox 956 3511 986 3558; x_wconf 91' lang='lat' dir='ltr'>P.</span> <span class='ocrx_word' id='word_1_248' title='bbox 1004 3536 1034 3549; x_wconf 91' lang='lat'><em>-</em></span> <span class='ocrx_word' id='word_1_249' title='bbox 1053 3511 1177 3572; x_wconf 75' lang='lat' dir='ltr'>confossis]</span> <span class='ocrx_word' id='word_1_250' title='bbox 1193 3512 1304 3572; x_wconf 80' lang='lat' dir='ltr'>confessis</span> <span class='ocrx_word' id='word_1_251' title='bbox 1318 3512 1377 3557; x_wconf 75' lang='lat' dir='ltr'>tt·-</span> <span class='ocrx_word' id='word_1_252' title='bbox 1404 3496 1405 3499; x_wconf 7' lang='grc' dir='ltr'><strong>Ἰ</strong></span> 
     </span>
     <span class='ocr_line' id='line_1_33' title="bbox 229 3593 1377 3659; baseline 0.003 -18"><span class='ocrx_word' id='word_1_253' title='bbox 229 3594 393 3656; x_wconf 72' lang='lat' dir='ltr'>internecione]</span> <span class='ocrx_word' id='word_1_254' title='bbox 420 3596 458 3642; x_wconf 90' lang='lat' dir='ltr'>Sic</span> <span class='ocrx_word' id='word_1_255' title='bbox 484 3596 557 3642; x_wconf 87' lang='lat' dir='ltr'>etium</span> <span class='ocrx_word' id='word_1_256' title='bbox 581 3596 611 3642; x_wconf 85' lang='lat' dir='ltr'>P.</span> <span class='ocrx_word' id='word_1_257' title='bbox 638 3598 812 3653; x_wconf 76' lang='lat' dir='ltr'>interemptione</span> <span class='ocrx_word' id='word_1_258' title='bbox 835 3596 927 3642; x_wconf 81' lang='lat' dir='ltr'>Gener.</span> <span class='ocrx_word' id='word_1_259' title='bbox 944 3621 974 3633; x_wconf 88' lang='lat'><em>—</em></span> <span class='ocrx_word' id='word_1_260' title='bbox 988 3610 1021 3659; x_wconf 50' lang='lat' dir='ltr'>¹ne</span> <span class='ocrx_word' id='word_1_261' title='bbox 1045 3593 1101 3659; x_wconf 85' lang='lat' dir='ltr'>qui]</span> <span class='ocrx_word' id='word_1_262' title='bbox 1131 3611 1158 3641; x_wconf 82' lang='lat' dir='ltr'>no</span> <span class='ocrx_word' id='word_1_263' title='bbox 1178 3600 1229 3656; x_wconf 79' lang='lat' dir='ltr'>quis</span> <span class='ocrx_word' id='word_1_264' title='bbox 1252 3598 1377 3644; x_wconf 73' lang='lat' dir='ltr'>Gerenu</span> 
     </span>
     <span class='ocr_line' id='line_1_34' title="bbox 229 3668 1405 3743; baseline 0.001 -17"><span class='ocrx_word' id='word_1_265' title='bbox 229 3679 313 3726; x_wconf 85' lang='lat' dir='ltr'>Lomb.</span> <span class='ocrx_word' id='word_1_266' title='bbox 329 3682 405 3724; x_wconf 84' lang='lat' dir='ltr'>-in</span> <span class='ocrx_word' id='word_1_267' title='bbox 422 3683 539 3739; x_wconf 81' lang='lat' dir='ltr'>consulatu</span> <span class='ocrx_word' id='word_1_268' title='bbox 556 3676 615 3743; x_wconf 72' lang='lat' dir='ltr'>cet]</span> <span class='ocrx_word' id='word_1_269' title='bbox 634 3681 725 3726; x_wconf 82' lang='lat' dir='ltr'>Locum</span> <span class='ocrx_word' id='word_1_270' title='bbox 743 3694 757 3725; x_wconf 86' lang='lat' dir='ltr'>e</span> <span class='ocrx_word' id='word_1_271' title='bbox 773 3679 854 3724; x_wconf 80' lang='lat' dir='ltr'>Pulut.</span> <span class='ocrx_word' id='word_1_272' title='bbox 873 3693 939 3726; x_wconf 90' lang='lat' dir='ltr'>nono</span> <span class='ocrx_word' id='word_1_273' title='bbox 957 3681 1088 3727; x_wconf 85' lang='lat' dir='ltr'>restitutum</span> <span class='ocrx_word' id='word_1_274' title='bbox 1108 3681 1169 3727; x_wconf 87' lang='lat' dir='ltr'>Cod.</span> <span class='ocrx_word' id='word_1_275' title='bbox 1193 3681 1267 3728; x_wconf 83' lang='lat' dir='ltr'>Parc.</span> <span class='ocrx_word' id='word_1_276' title='bbox 1294 3678 1377 3727; x_wconf 75' lang='lat' dir='ltr'>exutos</span> <span class='ocrx_word' id='word_1_277' title='bbox 1404 3668 1405 3727; x_wconf 63' lang='grc' dir='ltr'>Ῐ</span> 
     </span>
     <span class='ocr_line' id='line_1_35' title="bbox 229 3742 1405 3827; baseline -0.003 -16"><span class='ocrx_word' id='word_1_278' title='bbox 229 3764 294 3819; x_wconf 86' lang='lat' dir='ltr'>fore,</span> <span class='ocrx_word' id='word_1_279' title='bbox 318 3770 343 3810; x_wconf 88' lang='lat' dir='ltr'>ut</span> <span class='ocrx_word' id='word_1_280' title='bbox 361 3764 422 3812; x_wconf 87' lang='lat' dir='ltr'>Cod.</span> <span class='ocrx_word' id='word_1_281' title='bbox 439 3765 514 3811; x_wconf 86' lang='lat' dir='ltr'>Henr.</span> <span class='ocrx_word' id='word_1_282' title='bbox 533 3764 665 3827; x_wconf 77' lang='lat' dir='ltr'>Stephani,</span> <span class='ocrx_word' id='word_1_283' title='bbox 691 3763 737 3811; x_wconf 87' lang='lat' dir='ltr'>nisi</span> <span class='ocrx_word' id='word_1_284' title='bbox 754 3765 820 3825; x_wconf 88' lang='lat' dir='ltr'>quod</span> <span class='ocrx_word' id='word_1_285' title='bbox 838 3764 869 3809; x_wconf 81' lang='lat' dir='ltr'>ab</span> <span class='ocrx_word' id='word_1_286' title='bbox 887 3765 934 3811; x_wconf 83' lang='lat' dir='ltr'>troc</span> <span class='ocrx_word' id='word_1_287' title='bbox 957 3765 1045 3812; x_wconf 82' lang='lat' dir='ltr'>afuisse</span> <span class='ocrx_word' id='word_1_288' title='bbox 1067 3765 1178 3813; x_wconf 83' lang='lat' dir='ltr'>videntur</span> <span class='ocrx_word' id='word_1_289' title='bbox 1195 3781 1236 3814; x_wconf 82' lang='lat' dir='ltr'>vv.</span> <span class='ocrx_word' id='word_1_290' title='bbox 1260 3781 1309 3811; x_wconf 80' lang='lat' dir='ltr'>cunr</span> <span class='ocrx_word' id='word_1_291' title='bbox 1320 3765 1377 3823; x_wconf 74' lang='lat' dir='ltr'>pris·</span> <span class='ocrx_word' id='word_1_292' title='bbox 1404 3742 1405 3821; x_wconf 73' lang='lat' dir='ltr'>l</span> 
     </span>
     <span class='ocr_line' id='line_1_36' title="bbox 231 3826 1405 3919; baseline -0.002 -26"><span class='ocrx_word' id='word_1_293' title='bbox 231 3863 290 3907; x_wconf 81' lang='lat' dir='ltr'>ceps.</span> <span class='ocrx_word' id='word_1_294' title='bbox 324 3849 378 3894; x_wconf 83' lang='lat' dir='ltr'>Iam</span> <span class='ocrx_word' id='word_1_295' title='bbox 395 3850 423 3895; x_wconf 83' lang='grc' dir='ltr'>Ρ.</span> <span class='ocrx_word' id='word_1_296' title='bbox 440 3850 486 3896; x_wconf 85' lang='lat' dir='ltr'>sic:</span> <span class='ocrx_word' id='word_1_297' title='bbox 516 3853 540 3895; x_wconf 87' lang='lat' dir='ltr'>in</span> <span class='ocrx_word' id='word_1_298' title='bbox 554 3843 679 3897; x_wconf 77' lang='lat' dir='ltr'>¹consulatu</span> <span class='ocrx_word' id='word_1_299' title='bbox 703 3854 770 3908; x_wconf 80' lang='lat' dir='ltr'>atquc</span> <span class='ocrx_word' id='word_1_300' title='bbox 794 3848 896 3908; x_wconf 81' lang='lat' dir='ltr'>(omisso</span> <span class='ocrx_word' id='word_1_301' title='bbox 914 3865 937 3909; x_wconf 69' lang='lat' dir='ltr'>q.</span> <span class='ocrx_word' id='word_1_302' title='bbox 954 3849 1034 3909; x_wconf 79' lang='lat' dir='ltr'>otium)</span> <span class='ocrx_word' id='word_1_303' title='bbox 1053 3851 1076 3893; x_wconf 88' lang='lat' dir='ltr'>in</span> <span class='ocrx_word' id='word_1_304' title='bbox 1089 3855 1201 3915; x_wconf 72' lang='lat' dir='ltr'>practura</span> <span class='ocrx_word' id='word_1_305' title='bbox 1214 3850 1313 3909; x_wconf 81' lang='lat' dir='ltr'>suisset,</span> <span class='ocrx_word' id='word_1_306' title='bbox 1339 3859 1378 3891; x_wconf 78' lang='lat' dir='ltr'>cus</span> <span class='ocrx_word' id='word_1_307' title='bbox 1404 3826 1405 3919; x_wconf 46' lang='lat' dir='ltr'>i</span> 
     </span>
     <span class='ocr_line' id='line_1_37' title="bbox 231 3934 1405 3994; baseline -0.006 -12"><span class='ocrx_word' id='word_1_308' title='bbox 231 3935 330 3994; x_wconf 76' lang='lat' dir='ltr'>signifer</span> <span class='ocrx_word' id='word_1_309' title='bbox 342 3940 403 3992; x_wconf 84' lang='lat' dir='ltr'>esset,</span> <span class='ocrx_word' id='word_1_310' title='bbox 416 3949 466 3979; x_wconf 85' lang='lat' dir='ltr'>cnm</span> <span class='ocrx_word' id='word_1_311' title='bbox 471 3937 582 3992; x_wconf 83' lang='lat' dir='ltr'>princeps</span> <span class='ocrx_word' id='word_1_312' title='bbox 593 3936 722 3986; x_wconf 83' lang='lat' dir='ltr'>iuuentutis,</span> <span class='ocrx_word' id='word_1_313' title='bbox 735 3937 816 3977; x_wconf 79' lang='lat' dir='ltr'>auctor</span> <span class='ocrx_word' id='word_1_314' title='bbox 827 3934 920 3979; x_wconf 84' lang='lat' dir='ltr'>adiutor</span> <span class='ocrx_word' id='word_1_315' title='bbox 927 3936 1044 3990; x_wconf 82' lang='lat' dir='ltr'>particeps</span> <span class='ocrx_word' id='word_1_316' title='bbox 1055 3937 1139 3981; x_wconf 71' lang='lat' dir='ltr'>ertttn.</span> <span class='ocrx_word' id='word_1_317' title='bbox 1158 3935 1208 3980; x_wconf 84' lang='lat' dir='ltr'>Pro</span> <span class='ocrx_word' id='word_1_318' title='bbox 1221 3935 1304 3994; x_wconf 78' lang='lat' dir='ltr'>priore</span> <span class='ocrx_word' id='word_1_319' title='bbox 1312 3935 1377 3978; x_wconf 72' lang='lat' dir='ltr'>auctor</span> <span class='ocrx_word' id='word_1_320' title='bbox 1404 3946 1405 3993; x_wconf 61' lang='lat' dir='ltr'>t</span> 
     </span>
     <span class='ocr_line' id='line_1_38' title="bbox 231 4002 1405 4071; baseline 0 -9"><span class='ocrx_word' id='word_1_321' title='bbox 231 4017 313 4064; x_wconf 82' lang='lat' dir='ltr'>malim</span> <span class='ocrx_word' id='word_1_322' title='bbox 337 4017 473 4064; x_wconf 86' lang='lat' dir='ltr'>etiamnunc</span> <span class='ocrx_word' id='word_1_323' title='bbox 497 4021 578 4071; x_wconf 66' lang='lat' dir='ltr'>octona</span> <span class='ocrx_word' id='word_1_324' title='bbox 606 4014 665 4060; x_wconf 90' lang='lat' dir='ltr'>illud</span> <span class='ocrx_word' id='word_1_325' title='bbox 688 4014 785 4060; x_wconf 87' lang='lat' dir='ltr'>nimium</span> <span class='ocrx_word' id='word_1_326' title='bbox 810 4021 859 4070; x_wconf 70' lang='lat' dir='ltr'>esta</span> <span class='ocrx_word' id='word_1_327' title='bbox 888 4021 966 4063; x_wconf 82' lang='lat' dir='ltr'>actore</span> <span class='ocrx_word' id='word_1_328' title='bbox 988 4019 1074 4064; x_wconf 86' lang='lat' dir='ltr'>utimur</span> <span class='ocrx_word' id='word_1_329' title='bbox 1092 4018 1165 4064; x_wconf 81' lang='lat' dir='ltr'>etium</span> <span class='ocrx_word' id='word_1_330' title='bbox 1182 4019 1337 4065; x_wconf 72' lang='lat' dir='ltr'>adolescents.</span> <span class='ocrx_word' id='word_1_331' title='bbox 1353 4035 1376 4052; x_wconf 83' lang='lat'>-</span> <span class='ocrx_word' id='word_1_332' title='bbox 1404 4002 1405 4057; x_wconf 65' lang='grc' dir='ltr'>Ῐ</span> 
     </span>
     <span class='ocr_line' id='line_1_39' title="bbox 231 4084 1405 4163; baseline 0 -15"><span class='ocrx_word' id='word_1_333' title='bbox 231 4105 297 4149; x_wconf 82' lang='lat' dir='ltr'>rebus</span> <span class='ocrx_word' id='word_1_334' title='bbox 314 4100 373 4163; x_wconf 83' lang='lat' dir='ltr'>illis]</span> <span class='ocrx_word' id='word_1_335' title='bbox 393 4103 441 4147; x_wconf 79' lang='lat' dir='ltr'>illis</span> <span class='ocrx_word' id='word_1_336' title='bbox 457 4101 523 4146; x_wconf 77' lang='lat' dir='ltr'>rebus</span> <span class='ocrx_word' id='word_1_337' title='bbox 540 4099 570 4144; x_wconf 84' lang='grc' dir='ltr'>Ρ.</span> <span class='ocrx_word' id='word_1_338' title='bbox 587 4124 618 4136; x_wconf 88' lang='grc'><strong>-</strong></span> <span class='ocrx_word' id='word_1_339' title='bbox 636 4100 746 4153; x_wconf 82' lang='lat' dir='ltr'>consilio,</span> <span class='ocrx_word' id='word_1_340' title='bbox 770 4100 916 4162; x_wconf 76' lang='lat' dir='ltr'>anctoritate]</span> <span class='ocrx_word' id='word_1_341' title='bbox 933 4106 1082 4156; x_wconf 78' lang='lat' dir='ltr'>auctoritato,</span> <span class='ocrx_word' id='word_1_342' title='bbox 1100 4105 1196 4149; x_wconf 83' lang='lat' dir='ltr'>consilio</span> <span class='ocrx_word' id='word_1_343' title='bbox 1213 4103 1243 4149; x_wconf 87' lang='lat' dir='ltr'>P.</span> <span class='ocrx_word' id='word_1_344' title='bbox 1404 4084 1405 4101; x_wconf 21' lang='grc' dir='ltr'><strong>ἶ</strong></span> 
     </span>
    </p>
   </div>
   <div class='ocr_carea' id='block_1_4' title="bbox 233 4208 425 4222">
    <p class='ocr_par' dir='ltr' id='par_1_10' title="bbox 233 4208 425 4222">
     <span class='ocr_line' id='line_1_40' title="bbox 233 4208 425 4222; baseline -0.01 0"><span class='ocrx_word' id='word_1_345' title='bbox 233 4208 425 4222; x_wconf 67' lang='lat' dir='ltr'>——d——n—</span> 
     </span>
    </p>
   </div>
   <div class='ocr_carea' id='block_1_5' title="bbox 147 4262 1405 4435">
    <p class='ocr_par' dir='ltr' id='par_1_11' title="bbox 147 4262 1405 4435">
     <span class='ocr_line' id='line_1_41' title="bbox 300 4262 1405 4337; baseline 0.001 -21"><span class='ocrx_word' id='word_1_346' title='bbox 300 4270 370 4332; x_wconf 62' lang='lat'>583.</span> <span class='ocrx_word' id='word_1_347' title='bbox 388 4272 484 4329; x_wconf 79' lang='lat' dir='ltr'>quinque</span> <span class='ocrx_word' id='word_1_348' title='bbox 500 4267 637 4328; x_wconf 79' lang='lat' dir='ltr'>bominibus]</span> <span class='ocrx_word' id='word_1_349' title='bbox 655 4269 687 4316; x_wconf 75' lang='lat' dir='ltr'>P.</span> <span class='ocrx_word' id='word_1_350' title='bbox 703 4271 819 4329; x_wconf 86' lang='lat' dir='ltr'>Lentulo,</span> <span class='ocrx_word' id='word_1_351' title='bbox 844 4270 873 4318; x_wconf 84' lang='lat' dir='ltr'>G.</span> <span class='ocrx_word' id='word_1_352' title='bbox 897 4269 1019 4330; x_wconf 75' lang='lat' dir='ltr'>Cethego,</span> <span class='ocrx_word' id='word_1_353' title='bbox 1045 4271 1072 4317; x_wconf 75' lang='lat'>1..</span> <span class='ocrx_word' id='word_1_354' title='bbox 1097 4269 1206 4324; x_wconf 80' lang='lat' dir='ltr'>Statilio,</span> <span class='ocrx_word' id='word_1_355' title='bbox 1232 4269 1262 4316; x_wconf 78' lang='grc' dir='ltr'>Ρ.</span> <span class='ocrx_word' id='word_1_356' title='bbox 1279 4262 1374 4317; x_wconf 61' lang='lat' dir='ltr'>Gabissib</span> <span class='ocrx_word' id='word_1_357' title='bbox 1404 4286 1405 4337; x_wconf 51' lang='grc'><strong>;</strong></span> 
     </span>
     <span class='ocr_line' id='line_1_42' title="bbox 147 4342 1405 4435; baseline -0.003 -35"><span class='ocrx_word' id='word_1_358' title='bbox 147 4418 152 4435; x_wconf 40' lang='grc' dir='ltr'>ι</span> <span class='ocrx_word' id='word_1_359' title='bbox 233 4355 268 4400; x_wconf 82' lang='lat' dir='ltr'>M.</span> <span class='ocrx_word' id='word_1_360' title='bbox 286 4353 418 4413; x_wconf 70' lang='lat' dir='ltr'>Caepario.</span> <span class='ocrx_word' id='word_1_361' title='bbox 453 4352 542 4399; x_wconf 82' lang='lat' dir='ltr'>Salust.</span> <span class='ocrx_word' id='word_1_362' title='bbox 560 4351 614 4398; x_wconf 84' lang='lat' dir='ltr'>Cot.</span> <span class='ocrx_word' id='word_1_363' title='bbox 633 4353 672 4399; x_wconf 77' lang='lat'>55.</span> <span class='ocrx_word' id='word_1_364' title='bbox 1376 4374 1379 4379; x_wconf 62' lang='lat'><strong>&gt;</strong></span> <span class='ocrx_word' id='word_1_365' title='bbox 1404 4342 1405 4365; x_wconf 62' lang='lat'>¹</span> 
     </span>
    </p>
   </div>
   <div class='ocr_carea' id='block_1_6' title="bbox 0 0 1448 4756">
    <p class='ocr_par' dir='ltr' id='par_1_12' title="bbox 0 0 1448 4756">
     <span class='ocr_line' id='line_1_43' title="bbox 0 0 1448 4756; baseline 0 0"><span class='ocrx_word' id='word_1_366' title='bbox 0 0 1448 4756; x_wconf 95' lang='lat' dir='ltr'> </span> 
     </span>
    </p>
   </div>
  </div>
 </body>
</html>
