2850 4759
190 270 233 336 ot
435 279 441 286 '
668 265 908 336 CICERONIS

112 441 118 446 ·
193 448 317 509 purum
338 426 443 495 caedo
461 437 637 495 servatum
656 436 728 504 cst,
750 423 784 492 id
805 423 955 492 adventu
973 424 1089 492 Verris
1110 422 1310 493 Siculorum
1331 426 1373 493 in·

192 529 389 598 nocentium
426 528 591 610 sauguine
623 523 853 601 redundasse;
886 537 1026 607 portum
1057 527 1371 607 Syracusanorum,

192 632 248 713 qui
279 642 352 698 tum
381 642 416 698 et
444 631 573 699 nostris
600 627 767 696 classibus
802 639 836 694 et
867 627 1197 708 Carthaginiensium
1234 628 1372 695 clausus

191 736 330 817 fuisset,
367 756 459 811 eum,
491 733 558 800 isto
583 742 759 813 praetore,
792 727 937 798 Cilicum
963 731 1167 812 myoparoni
1193 729 1372 812 praedoni·

138 823 142 832 ¹
191 847 321 925 busque
338 838 505 923 patuisse:
527 834 627 901 mitto
649 830 835 899 adhibitam
856 833 925 899 vim
949 831 1124 911 ingenuis,
1145 831 1371 899 matresfami-

189 946 252 1013 lias
277 940 441 1017 violatas,
473 958 558 1021 quae
584 947 656 1003 tum
680 936 716 1002 in
740 936 823 1002 urbe
850 944 947 1013 capta
974 934 1159 1005 commissa
1181 956 1250 1001 non
1271 946 1372 1017 sunt,

190 1065 299 1128 neque
320 1044 397 1109 odio
420 1038 553 1117 hostili,
574 1058 683 1121 neque
703 1035 839 1101 licentia
860 1032 1015 1114 militari,
1037 1056 1147 1118 neque
1166 1055 1261 1102 more
1284 1035 1372 1121 belli,

190 1167 301 1230 neque
323 1147 397 1211 iure
418 1142 601 1210 victoriae:
629 1139 748 1215 mitto,
770 1138 926 1220 iuquam,
954 1135 1040 1205 haec
1063 1137 1194 1214 omma,
1220 1158 1313 1216 uuae
1336 1140 1372 1205 ab

191 1231 258 1316 isto
287 1268 348 1330 per
379 1243 555 1313 triennium
584 1241 739 1325 perfecta
765 1250 862 1307 sunt:
894 1259 950 1322 ea,
980 1260 1066 1322 quae
1088 1241 1271 1307 coniuncta
1295 1262 1370 1308 curu

126 1335 257 1416 ll7illis
279 1349 381 1416 rebus
405 1356 506 1421 sunt,
537 1342 719 1428 dequibus
742 1353 840 1409 antea
870 1339 958 1417 dixi,
989 1342 1201 1422 cognoscite·
1227 1342 1372 1410 vUrbem

191 1450 378 1531 Syracusas
394 1449 578 1515 maximam
593 1465 669 1513 esse
681 1447 907 1519 Graecarum,
928 1441 1193 1525 pulcherrimam
1209 1447 1371 1521 omnium,

190 1548 466 1633 saepoaudistis.
506 1547 586 1633 Est,
619 1545 767 1621 iudices,
801 1545 865 1622 ita,
899 1557 938 1611 ut
959 1544 1095 1613 dicitur.
1136 1546 1224 1613 Nam
1245 1549 1371 1617 etsim

192 1664 245 1720 est
269 1672 348 1719 cum
367 1650 517 1724 munito,
542 1660 613 1715 tum
639 1669 684 1714 ex
708 1648 802 1714 omui
826 1646 940 1724 aditu,
972 1645 1027 1715 rel
1049 1659 1159 1727 terra,
1190 1648 1245 1714 vel
1266 1653 1369 1727 mari,

191 1751 367 1836 praeclaro
393 1750 436 1818 ad
459 1761 654 1833 aspectum:
686 1760 721 1816 et
745 1761 868 1836 portus
897 1748 999 1816 hahet
1026 1770 1136 1832 prope
1155 1751 1189 1815 iu
1213 1750 1368 1818 acdifica-

193 1857 285 1921 tionc
308 1865 517 1937 aspectuque
540 1852 635 1919 urbis
659 1850 831 1918 inclusos:
853 1851 909 1933 qui
934 1872 1015 1919 cum
1041 1852 1196 1920 diversos
1222 1853 1315 1919 iuter
1338 1876 1369 1921 sc

192 1957 303 2024 aditus
325 1953 488 2034 habeant,
510 1955 544 2019 iu
566 1953 661 2019 exitu
679 1952 932 2032 coniunguntur
954 1969 988 2020 ct
1009 1953 1196 2022 confluunt.
1238 1957 1371 2022 Eorum

191 2058 431 2125 coniunctione
459 2075 537 2136 pars
561 2052 693 2136 oppidi,
725 2074 811 2135 quae
836 2053 1026 2135 appellatur
1049 2054 1185 2135 Insula,
1214 2058 1300 2122 mari
1323 2058 1369 2124 ‹ti-

191 2162 304 2228 iunota
334 2169 499 2239 augusto,
528 2169 633 2239 ponte
658 2176 777 2222 rursus
801 2154 997 2236 adiungitur
1022 2170 1057 2223 ct
1085 2158 1287 2246 continetur.

131 2252 190 2316 1¹3
268 2261 355 2329 Ltlt.
396 2259 446 2327 Ea
469 2270 561 2325 tanta
586 2270 638 2325 est
664 2258 763 2337 urbs,
784 2270 824 2323 ut
848 2277 893 2323 ex
911 2270 1073 2338 quattuor
1096 2258 1235 2325 urbibus
1259 2261 1370 2326 maxi·

192 2366 256 2432 mis
283 2374 442 2432 constare
466 2361 616 2427 dicatur:
647 2381 793 2441 quarum
814 2381 882 2425 una
906 2371 957 2426 est
980 2380 1038 2439 ea,
1070 2382 1176 2442 quam.
1195 2361 1285 2439 dixi,
1317 2362 1368 2428 ln·

191 2463 283 2534 sula:
319 2483 402 2547 quae
439 2462 572 2528 duobus
607 2461 775 2542 portubus
813 2460 945 2538 cincta,
977 2463 1010 2527 in
1046 2463 1222 2545 utriusque
1251 2478 1366 2546 portus

192 2567 319 2634 ostium
352 2564 551 2645 aditumque
577 2562 732 2648 proiecta
768 2573 836 2628 est:
873 2564 905 2627 in
933 2583 999 2643 qua
1024 2561 1147 2632 domus
1180 2578 1251 2643 est,
1287 2588 1366 2648 quae
1420 2568 1421 2571 ’

191 2665 284 2745 regis
314 2665 472 2731 Hieronis
507 2663 589 2741 luit,
617 2682 683 2744 qua
708 2675 885 2743 praetores
912 2667 963 2731 uti
992 2665 1116 2732 solent.
1156 2665 1195 2731 ln
1222 2688 1262 2733 ca
1292 2677 1367 2735 suut
1420 2740 1421 2745 ἵ

192 2766 294 2835 aedes
314 2785 433 2833 sacrae
453 2762 668 2846 complures,
690 2763 752 2830 sed
775 2763 880 2843 duae,
904 2786 990 2849 quae
1011 2764 1112 2846 longe
1131 2768 1257 2835 ceteris
1278 2782 1368 2835 antc-

192 2865 337 2944 cellaut,
375 2867 517 2942 Dianae,
553 2863 734 2949 etaltera,
766 2888 852 2949 quae
878 2868 944 2933 fuit
968 2879 1045 2935 autc
1065 2869 1164 2934 istius
1185 2868 1367 2937 adventum

192 2969 426 3055 ornatissima,
449 2968 639 3034 Minervae.
680 2968 719 3033 ln
735 2967 799 3036 hac
812 2967 921 3035 insula
937 2982 1092 3042 extrema
1106 2981 1159 3039 est
1172 2971 1251 3039 sous
1266 2992 1369 3055 aquae

192 3070 321 3147 dulcis,
357 3071 410 3137 cni
438 3089 565 3136 nomeu
597 3068 769 3137 Arethusa
796 3084 867 3149 est,
902 3071 1089 3140 incredibili
1120 3074 1368 3153 magnitudine,
1420 3116 1421 3121 κ

191 3171 409 3254 plenissimus
439 3172 604 3253 piscium3
626 3173 681 3255 qui
704 3174 810 3237 fluctu
831 3184 922 3242 totus
949 3176 1158 3256 operiretur,
1180 3176 1245 3241 nisi
1266 3178 1370 3242 mtmi·
1420 3247 1422 3258 J

130 3274 281 3338 lllltione
304 3292 345 3339 ac
364 3272 621 3355 molc‘lapidum
641 3274 811 3341 diiunctus
830 3286 920 3341 essct
938 3298 956 3342 a
975 3277 1070 3343 mari.
1112 3274 1232 3343 Altcra
1253 3291 1362 3344 nutem
1420 3361 1421 3364 Ἴ

190 3411 414 3426 -u—-a-n-

257 3499 269 3561 l
290 3500 346 3546 117.
365 3502 443 3547 urbem
461 3503 585 3560 Syracusas
602 3503 730 3547 marimum
748 3514 794 3544 esse
815 3500 972 3556 Graecorum,
993 3505 1174 3560 pulcherrimum
1192 3507 1294 3550 omnium
1310 3503 1365 3563 (per

109 3575 111 3582 ⁴
190 3589 269 3630 totum
287 3584 372 3630 orbern
389 3584 544 3649 terrarum.)]
564 3586 626 3644 Reg.
644 3584 713 3630 Lsid.
731 3584 758 3627 Z.
785 3583 836 3629 cn.
854 3586 884 3631 de
901 3586 965 3646 Rep.
983 3588 1014 3643 8,
1032 3603 1057 3647 p.
1075 3589 1134 3633 262.
1173 3587 1289 3634 Urboillo
1297 3601 1365 3645 prae·

189 3669 268 3720 eluro,
294 3682 363 3726 quom
385 3669 421 3712 nit
443 3668 551 3713 Timaeus
572 3668 715 3711 Graecarum
732 3667 874 3721 monimum,
905 3673 1008 3715 omnium
1025 3675 1099 3716 ouum
1116 3684 1162 3714 eme
1176 3673 1363 3728 pulcherrimum.

188 3750 271 3810 Volgo
288 3752 511 3809 pulcherrimamque
534 3752 635 3794 omnium
653 3747 835 3809 (Graecarum.)
853 3777 887 3789 -
905 3753 929 3795 iu
946 3753 1021 3812 exitu]
1047 3754 1087 3807 ,‚i.
1111 3769 1133 3799 e.
1151 3752 1270 3799 interiore
1287 3761 1311 3799 et
1327 3767 1363 3797 re·

188 3834 294 3879 motiore
311 3848 326 3878 a
351 3833 414 3879 mari
436 3838 507 3890 purte
529 3832 585 3877 sita.
621 3830 674 3877 Iam
698 3845 782 3877 eorum
805 3838 919 3890 portuum
938 3836 1110 3882 coniunctione
1127 3838 1168 3890 fit,
1187 3843 1213 3881 ut
1231 3837 1305 3882 maris
1321 3849 1362 3880 au·

187 3919 283 3970 gustum
301 3913 428 3959 brachium
446 3911 510 3958 urbis
528 3917 639 3971 purtem,
668 3926 733 3971 quae
750 3914 828 3959 insula
846 3923 924 3964 otest
942 3925 966 3964 et
984 3925 1101 3972 vocatur,
1130 3934 1145 3964 a
1163 3925 1246 3965 celcra
1264 3920 1322 3965 urbo
1336 3923 1362 3962 et

187 4000 254 4041 terra
272 3994 405 4042 continenti
424 4000 536 4052 separet,
554 3995 595 4039 sed
612 4010 642 4040 ec
660 4010 741 4042 rursus
758 3997 897 4056 adiungitur
914 4000 1024 4057 ponte.“
1048 3999 1075 4043 Z.

255 4101 267 4163 h
292 4103 347 4147 118.
373 4097 476 4163 Dianae]
505 4101 566 4161 ling.
589 4103 670 4161 (held.
695 4104 735 4149 hic
766 4104 857 4151 omittit
878 4104 952 4152 etiam
982 4120 1021 4152 vr.
1045 4109 1068 4150 el
1089 4105 1197 4166 alteros)
1220 4107 1295 4165 Sgall.
1318 4104 1360 4149 cfr.

186 4184 297 4242 Madvig.
315 4198 340 4242 p.
359 4183 401 4228 33.
425 4196 470 4228 unu
487 4185 579 4230 Dionae
596 4187 623 4233 Z.
652 4188 703 4233 Cfr.
721 4186 733 4247 ᾗ
753 4187 810 4232 110.

255 4287 266 4347 5
290 4288 345 4333 119.
364 4293 492 4348 ceteraeque
515 4293 580 4338 urbis
598 4284 830 4360 partes]„1{orum
845 4307 885 4341 vv.
904 4307 985 4341 nentur
999 4293 1035 4340 ita
1058 4294 1173 4340 constitui
1193 4294 1280 4349 debet,
1307 4294 1330 4337 ut
1346 4304 1362 4334 ο
