2850 4759
231 270 290 338 tto
692 269 925 340 CICERONIS
1406 325 1407 388 ἦ

1406 391 1407 448 l

129 497 132 506 .
231 432 328 504 nibus
355 452 395 501 ac
430 432 581 508 terminis
611 433 841 502 eontinentur:
876 436 940 500 erit
967 434 1123 516 profecto
1155 436 1245 502 inter
1280 435 1407 504 buruni

230 535 346 606 laudes
363 535 488 620 aliquid
505 535 572 604 loci
590 551 727 606 nostrae
747 536 893 616 gloriae,
914 537 977 604 nisi
996 537 1088 604 forte
1108 540 1217 607 maius
1238 551 1292 606 est
1312 553 1384 622 pate·

160 665 162 668 ·
231 640 343 706 lacere
363 641 461 708 uobis
491 640 702 723 provincias,
730 663 795 723 qno
818 642 912 707 exire
934 642 1121 727 possimus,
1144 664 1245 724 quarn
1268 664 1383 720 curare,

231 756 269 814 nt
287 744 387 812 etiam
407 742 472 824 illi,
495 745 550 826 qni
572 745 710 826 absunt,
731 742 891 821 babeant,
915 766 981 827 quo
1004 746 1151 812 victores
1174 759 1382 822 revertantur.

172 855 211 919 22
233 847 447 939 Quamquam
473 860 524 913 est
551 870 617 914 uuo
639 844 716 914 loco
738 848 892 914 condicio
915 845 1034 914 melior
1055 860 1218 918 externae
1239 851 1383 918 uictoriae
1406 871 1407 882 ¹

231 975 331 1036 quatu
353 951 577 1028 domesticae,
600 950 690 1035 quod
712 950 828 1019 hostes
850 946 1054 1032 alienigenae
1074 964 1133 1020 aut
1154 954 1310 1035 oppressi
1329 975 1383 1020 ser·

230 1058 326 1128 vinni
353 1069 412 1124 aut
437 1056 564 1137 recepti
593 1055 753 1122 beneficio
782 1077 818 1123 se
847 1055 1174 1138 obligatosputant:
1200 1058 1258 1139 qui
1287 1069 1382 1123 auten

230 1182 275 1229 cx
298 1181 440 1227 numero
465 1161 587 1229 civium
610 1158 780 1228 dementia
802 1158 912 1243 aliqua
933 1160 1106 1241 depravati
1133 1158 1249 1227 hostes
1271 1162 1382 1244 patriae

230 1262 335 1334 semel
366 1283 442 1331 esse
475 1273 677 1344 coeperunt,
714 1284 792 1341 eos,
825 1285 904 1334 cum
932 1284 951 1329 a
979 1263 1126 1344 pernicie
1161 1265 1207 1329 rei
1243 1263 1381 1346 publicae

231 1365 435 1450 reppuleris,
458 1367 527 1433 'nec
555 1366 588 1432 vi
616 1372 776 1434 coercere
811 1387 874 1433 nec
911 1367 1071 1434 beneficio
1105 1363 1241 1447 placare
1270 1367 1407 1450 possisr

231 1490 334 1553 quare
355 1468 434 1538 mibi
453 1492 530 1537 cum
551 1469 689 1551 perditis
711 1469 840 1535 civibus
859 1482 1034 1538 aeteruum
1055 1468 1177 1540 bellum
1198 1482 1381 1552 susceptum

231 1594 306 1641 esse
335 1572 445 1639 video.
503 1571 542 1639 ld
572 1594 634 1653 ego
672 1565 785 1640 vestro
821 1573 1052 1657 bonorumque
1086 1574 1235 1640 omnium
1260 1571 1381 1640 ,auxilio

231 1677 459 1758 memoriaque
480 1687 650 1743 tantorum
674 1674 921 1758 periculorum,
956 1698 1039 1760 quae
1061 1667 1130 1746 uon
1151 1676 1254 1744 modo
1276 1679 1309 1743 iu
1329 1676 1382 1743 hoc

230 1779 376 1864 populo,
414 1781 469 1863 qui
489 1789 647 1848 ‘servatus
669 1792 740 1858 est,
777 1779 835 1847 sed
861 1779 988 1861 [etiarn]
1017 1780 1050 1847 in
1072 1781 1222 1847 onmium
1244 1781 1381 1859 genuen

230 1881 442 1949 sermonibus
462 1901 500 1947 ac
518 1883 683 1949 mentibus
704 1903 838 1965 semper·
856 1883 1023 1963 haerebit,
1048 1907 1066 1951 a
1084 1904 1138 1949 me
1156 1896 1294 1974 atquca
1311 1885 1380 1948 meis

229 1983 329 2054 facile
351 1986 540 2067 propulsari
563 2007 663 2067 posse
690 1985 834 2060 confido.
881 1988 998 2069 Neque
1024 1985 1094 2054 ulla
1121 1987 1276 2069 profecto
1304 1997 1381 2052 tanta

230 2090 281 2157 vis
301 2091 503 2172 reperietur,
535 2111 618 2173 quae
640 2091 912 2157 coniunctionem
935 2103 1080 2158 vestram
1099 2092 1314 2175 equitumque
1327 2092 1381 2157 Rc

230 2214 407 2260 manorum
431 2206 463 2259 et
488 2206 615 2260 tautam
640 2195 924 2275 conspirationem
947 2195 1114 2262 bonorum
1141 2195 1294 2262 omnium
1318 2214 1381 2259 cou-

229 2295 377 2377 friugere
397 2308 429 2362 et
456 2293 658 2368 labefactare
677 2298 803 2378 possit.
862 2336 865 2340 .

171 2401 210 2468 ²3
307 2398 380 2469 XI..
411 2399 507 2492 Quae
536 2422 613 2465 eum
642 2403 688 2466 ita
711 2402 795 2477 siut,
826 2400 945 2469 Patres
973 2400 1174 2483 conscripti,
1205 2423 1268 2482 pro
1293 2395 1382 2481 irnpe-

230 2504 293 2580 rio,
313 2525 374 2585 pro
390 2505 553 2587 exercitu,
576 2503 837 2585 proprovincia,
858 2527 956 2586 quam
971 2504 1122 2587 neglexi,
1144 2527 1207 2587 pro
1225 2502 1379 2589 triumpho

214 2608 417 2689 ,ceterisque
440 2605 548 2673 laudis
562 2607 775 2686 insignibus,
809 2629 893 2690 quae
917 2620 997 2676 sunt
1021 2629 1040 2675 a
1065 2628 1118 2674 nre
1140 2619 1282 2691 propter
1303 2607 1379 2673 urbis

229 2720 428 2793 vestraeque
448 2710 563 2779 salutis
586 2709 774 2780 custodiam
794 2710 986 2793 repudiata,
1017 2733 1079 2794 pro
1101 2710 1264 2793 clientelis
1285 2709 1379 2792 hospi·

231 2812 351 2895 ttisque
374 2812 651 2896 provincialibus,
685 2834 769 2897 quae
797 2827 907 2881 tamen
931 2815 1067 2883 urbanis
1094 2814 1213 2898 opibus
1238 2838 1308 2882 nou
1330 2812 1378 2879 rni-

298 3002 367 3065 522.
385 3008 419 3049 eei
442 3004 505 3049 omni
528 3005 552 3049 in
575 3006 627 3050 loeo
644 3005 675 3050 R.
692 3018 810 3070 superscr.
828 3019 880 3051 uno.
915 3006 948 3052 Ut
964 3021 1023 3061 nos,
1048 3006 1099 3051 TP.
1117 3030 1147 3045 -
1166 3008 1273 3063 oppressi
1289 3005 1377 3050 rerum&

230 3093 270 3136 aut
285 3091 316 3136 tt.
335 3089 393 3151 (non
411 3087 455 3153 T.)
475 3112 506 3126 -·
524 3090 638 3147 depuleris
656 3088 686 3135 R.
704 3088 816 3147 repuleris
833 3087 869 3133 uel
885 3092 1009 3135 removeris
1025 3104 1066 3135 uec
1082 3083 1111 3136 T.
1129 3097 1162 3127 -'
1178 3094 1304 3147 susceptum
1319 3090 1376 3132 aeter·

230 3188 283 3219 rrum
300 3174 380 3219 bellum
399 3175 430 3220 tr.
441 3174 511 3218 —Id
528 3171 581 3234 ego]
599 3173 653 3224 ΤΕ.
672 3172 760 3219 Salisb.
776 3173 828 3218 Erf.
847 3172 931 3231 Steph.
949 3173 1010 3230 quod
1026 3185 1070 3229 ego
1086 3171 1144 3215 Em.
1155 3195 1190 3206 -
1202 3172 1241 3215 seri
1255 3174 1279 3214 ei
1294 3169 1376 3214 omnir!

230 3258 260 3304 tt.
278 3258 317 3303 sed
334 3239 433 3304 omnium
450 3256 479 3306 T.
496 3257 547 3303 Erf.
565 3257 604 3302 sed
620 3260 645 3302 in
661 3251 762 3303 omnium
779 3257 887 3316 Madvig.
897 3281 930 3292 -
941 3257 1111 3301 corrducticnem
1123 3259 1221 3299 uestram
1231 3254 1284 3300 ΤΒ.
1296 3247 1340 3299 nrt
1350 3270 1375 3286 ··

229 3340 387 3404 confringere]
406 3342 457 3398 ΤΒ.
474 3341 525 3388 Etr.
544 3342 652 3402 Madvig.
666 3341 814 3401 perfringere
830 3340 889 3387 Em.
1095 3328 1100 3338 ¹

297 3449 308 3512 ἡ
325 3449 366 3497 23.
387 3451 440 3497 Om.
453 3465 492 3499 rr.
507 3453 593 3497 Patres
604 3455 728 3509 conscripti
740 3435 815 3500 R.'-
824 3465 871 3508 pro
888 3451 1003 3504 exercitu,
1017 3462 1064 3506 pro
1082 3447 1221 3507 diligentia,
1236 3463 1283 3506 pro
1292 3444 1373 3505 prodr·

227 3537 266 3582 eie
282 3536 312 3581 Τ.
329 3535 374 3597 (ex
391 3535 434 3591 iis,
461 3550 523 3598 quae
539 3536 601 3582 infru
618 3538 743 3596 leguntur:
768 3535 799 3580 ud
822 3545 923 3580 carnem
946 3548 1018 3591 remp.
1043 3531 1186 3591 diligentia.)
1205 3557 1240 3568 -
1253 3546 1300 3591 pro
1320 3523 1371 3581 raeti]

227 3619 258 3667 T.
276 3619 326 3665 Eut.
343 3619 401 3665 Eru.
419 3625 441 3664 et
454 3635 500 3677 pro
518 3621 547 3667 R.
565 3648 598 3659 -
616 3617 758 3679 conspicitis]
772 3619 845 3664 TRP.
862 3617 920 3683 Em.
934 3620 1068 3676 perspicitis
1085 3617 1168 3663 bamb.
1183 3617 1317 3674 prospicitis
1332 3609 1370 3657 art
1406 3569 1407 3650 l

228 3702 329 3751 Abrens.
350 3729 384 3741 -
403 3707 461 3749 nibil
477 3703 502 3765 a]
527 3705 579 3752 TR.
596 3705 647 3751 Eri.
665 3706 725 3748 nibil
741 3704 806 3747 aliud
822 3716 836 3747 a
853 3702 910 3749 Em.
928 3704 1003 3746 -in
1019 3703 1101 3748 uerbis
1117 3701 1173 3760 fisa
1187 3693 1308 3762 'meniibml
1330 3692 1369 3740 'tt

227 3789 279 3835 nrt.
296 3790 377 3834 verre
394 3788 465 3847 instra
483 3790 591 3835 mentibus
609 3789 637 3836 P.
655 3789 736 3834 nesbit
753 3786 862 3830 mentibus
880 3785 952 3845 infirm
969 3786 1027 3832 Eru.
1045 3788 1070 3830 in
1086 3788 1170 3830 uestris
1188 3785 1261 3845 instra
1279 3780 1369 3829 mendi*

227 3871 335 3931 Madvig.
353 3895 389 3907 -
406 3864 532 3932 tutissimo]
550 3869 603 3916 ΤΒ.
624 3868 677 3914 Erf.
693 3869 832 3926 firmissimo
848 3870 906 3916 Ern.
922 3868 1061 3928 firmissimo
1078 3871 1235 3929 irrtt’snmoque
1252 3870 1280 3915 P.
1297 3892 1324 3903 -
1337 3872 1369 3906 Μ

227 3957 298 4001 soiius
306 3957 336 4001 R.
347 3969 407 4014 apr.
417 3970 495 4001 manu.
505 3954 554 4000 Erf.
567 3968 608 3999 ruo
619 3955 680 3998 solus
691 3941 721 4000 T.
732 3954 775 4015 (R.
788 3970 804 4001 rr
815 3968 862 4001 sec.
875 3955 919 4015 m.)
929 3955 986 4001 Etru.
999 3979 1032 3991 -
1043 3957 1187 3999 comanente
1197 3955 1227 4000 R.
1236 3956 1294 4015 (uon
1302 3946 1368 4006 T·)·
1406 3983 1407 4006 ,

217 4040 298 4099 filium
316 4038 373 4099 rere]
390 4038 419 4085 T.
437 4039 488 4085 Erf.
506 4052 552 4084 eree
561 4038 642 4097 filium
658 4039 689 4085 tt.
706 4026 783 4085 Erus
933 4107 936 4111 .
1025 3999 1041 4040 ⁰
1406 4015 1407 4108 l

1406 4117 1407 4144 l

224 4199 229 4210 '
293 4208 362 4269 523.
380 4214 424 4264 pro
439 4208 571 4268 moniarii]
587 4210 652 4274 Plut.
669 4210 720 4258 cte.
737 4212 774 4257 ta.
792 4211 834 4259 eci
849 4204 940 4258 τοῦτον
955 4200 1109 4268 (Λντώνιον)
1126 4189 1366 4273 aperireapcrire
1406 4177 1407 4262 i

225 4284 380 4358 ὃΚδῑὲρωνν
396 4292 475 4355 lxiiii)
488 4293 533 4356 μὲν
549 4294 692 4359 ἑψηφίσατο
708 4290 758 4344 τῶν
773 4288 899 4361 ἐπαρχιῶν
915 4289 1093 4350 Μακεδονίαν,
1110 4283 1178 4353 αὑτῷ
1197 4290 1224 4341 δὲ
1242 4283 1284 4351 τὴν
1292 4284 1316 4334 Γ
1313 4279 1365 4330 nie·
1406 4281 1407 4364 l

223 4377 282 4425 τίαν
303 4373 436 4439 διδομένην
458 4367 630 4443 παρῃτήσατο.
1406 4367 1407 4420 l
