2850 4759
291 322 460 393 enarro
486 324 572 394 rao
599 327 641 395 Ρ.
669 312 828 407 sunna,
857 278 886 396 ὁ.
911 330 959 402 n.
1148 331 1207 398 ru

52 484 87 552 de
113 484 267 553 omnibns
296 496 431 551 constat
453 484 578 563 fuisse,
620 486 690 555 eius
719 487 886 569 ignoratio
915 487 956 556 de
989 488 1099 575 aliquo
1127 508 1206 575 pur-

50 589 133 669 gatio
159 588 257 655 debet
282 586 402 654 videri.
443 587 507 656 Sed
532 590 598 656 iam
625 613 694 657 non
720 614 863 676 quaero,
885 606 1048 674 purgetne
1069 595 1204 664 Cassius

49 690 193 771 Sullam3
224 690 306 759 illud
335 691 415 758 mihi
444 704 573 762 tautum
602 696 682 763 satis
711 709 788 777 est,
826 710 944 765 contra
972 696 1098 766 Sullam
1124 698 1205 767 nihil
1290 714 1293 720 '

48 817 116 864 esse
141 798 174 862 in
198 795 335 864 indiclb.
1313 883 1315 893 Α

117 898 211 965 XIV.
253 897 422 967 Exclusus
453 898 518 967 hac
547 901 782 970 criminatione
806 903 998 988 Torquatus
1022 927 1141 975 rursus
1170 908 1204 976 in
1223 913 1263 978 tt

47 1023 96 1069 roe
115 1003 231 1082 irruit,
261 1014 316 1069 me
339 1016 492 1085 accusat3
524 1006 570 1072 ait
588 1027 641 1073 me
663 1005 760 1073 aliter
781 1027 820 1073 ac
841 1005 966 1074 dictum
988 1010 1031 1077 sit
1054 1012 1088 1076 in
1110 1010 1204 1078 tabu-

46 1104 89 1172 las
111 1104 263 1188 publicas
286 1105 471 1174 rettulisse.
513 1107 541 1176 0
574 1108 619 1176 dii
643 1109 868 1203 immortales!
898 1113 1009 1192 (robis
1032 1114 1119 1180 enim
1144 1115 1204 1181 tri-

46 1209 155 1288 buam,
192 1230 278 1293 quae
314 1221 427 1277 vestra
456 1222 553 1292 sunt-3
585 1233 649 1279 nec
679 1234 761 1281 vero
789 1199 930 1298 possum
962 1238 1036 1284 meo
1073 1229 1203 1287 tantum

46 1304 171 1393 ingenio
199 1312 296 1390 dare,
324 1325 545 1392 attentares,
581 1328 707 1406 tantas,
744 1331 812 1385 tam
835 1320 963 1401 varias,
998 1331 1065 1387 tam
1086 1342 1204 1405 repen·

48 1417 141 1496 tinas,
179 1418 215 1484 in
247 1415 304 1483 illa
328 1416 616 1487 turbulentissima
647 1433 847 1505 tempestate
874 1424 922 1489 rei
949 1423 1100 1506 publicae
1127 1447 1204 1492 mea

48 1534 154 1603 sponte
177 1521 421 1603 dispexerim)3
456 1543 518 1589 vos
538 1524 693 1604 profecto
722 1530 870 1595 animum
893 1548 1005 1594 mcum
1032 1539 1103 1594 tum
1123 1549 1204 1597 con·

47 1624 221 1692 servandae
242 1626 370 1707 patriae
393 1624 575 1708 cupiditate
591 1627 892 1711 incendistisqvos
913 1652 968 1697 me
988 1630 1029 1698 ab
1048 1632 1202 1700 omnibus

49 1730 157 1796 ceteris
182 1729 446 1810 cogitationibus
471 1730 633 1797 adunam
655 1731 799 1801 salutem
822 1736 870 1801 rei
890 1733 1203 1817 publicaeleonver·

50 1833 146 1912 tistisq
181 1855 245 1900 vos
272 1833 415 1917 denique
441 1834 474 1900 in
504 1837 603 1903 tantis
630 1838 775 1905 tenebris
805 1841 928 1906 erroris
954 1850 988 1904 et
1009 1838 1202 1905 inscientiae
1244 1854 1247 1865 ’

48 1934 262 2005 clarissimum
288 1934 403 2003 lumen
426 1936 630 2019 praetulistis
658 1942 764 2008 menti
788 1963 894 2009 meae.
935 1939 1011 2007 Vidi
1039 1963 1102 2022 ego
1123 1940 1200 2019 hoc,
1221 1941 1261 2004 41

47 2038 181 2120 iudices,
223 2042 287 2108 nisi
315 2043 442 2107 recenti
470 2026 632 2109 memoria
661 2056 796 2111 senatus
831 2045 1066 2111 auctoritatem
1102 2043 1201 2112 huius

47 2143 146 2210 indicii
179 2136 409 2212 monumentis
441 2141 582 2226 publicis
614 2158 756 2215 testatus
787 2167 915 2222 essem,
950 2147 1041 2226 fore,
1072 2160 1110 2215 ut
1144 2146 1203 2213 ali·

49 2247 167 2328 quando
205 2271 277 2314 non
309 2249 503 2330 Torquatus
532 2269 640 2331 neque
672 2249 836 2332 Torquati
872 2251 1034 2332 quispiam
1070 2249 1200 2338 similis,

48 2341 130 2427 (narn
148 2351 255 2419 idme
276 2350 420 2418 multum
438 2349 595 2434 fefellit),
634 2352 692 2419 sed
712 2364 749 2419 ut
770 2351 885 2434 aliquis
901 2352 1102 2434 patrimonio
1120 2374 1201 2420 nau·

47 2452 166 2535 irogus,
204 2456 362 2523 inimicus
385 2457 461 2532 otii,
490 2457 656 2522 bonorum
678 2454 806 2543 bostis,
838 2456 934 2523 aliter
954 2454 1097 2524 indicata
1117 2453 1200 2535 haec

49 2576 112 2625 esse
130 2559 277 2638 diceret,
305 2582 371 2641 quo
391 2558 522 2627 facilius
537 2557 776 2653 ·ventoaliquo
798 2561 831 2626 in
851 2561 1013 2642 optimum
1036 2579 1200 2642 quemque

49 2664 182 2730 excitato
211 2675 329 2746 posset
350 2664 381 2729 in
407 2662 502 2730 malis
528 2664 576 2729 rei
600 2661 752 2745 publicae
773 2675 909 2745 portum
931 2684 1070 2730 suorum
1094 2660 1200 2729 malo-

48 2784 113 2832 rum
139 2765 285 2851 aliquem
312 2768 473 2834 invenire.
514 2767 630 2850 ltaque
652 2765 854 2833 introductis
879 2767 912 2831 iu
936 2779 1090 2833 senatum
1114 2764 1199 2833 tndi÷

49 2867 147 2951 cibus,
174 2870 338 2945 cunstitui
361 2885 553 2958 senatores,
585 2871 641 2954 qui
658 2869 769 2937 omnia
788 2868 936 2935 indicum
957 2868 1064 2946 dicta,
1097 2870 1200 2936 inter-

48 2985 170 3055 rogata,
201 2994 365 3056 responsa
387 2976 644 3056 perscriberent.
682 2976 729 3039 At
749 2994 834 3056 quos
856 2973 964 3039 viros!
993 2996 1061 3038 non
1085 2974 1196 3040 solum
1217 2984 1257 3046 42
1293 2966 1297 2971 ’

49 3092 168 3144 summa
191 3079 319 3144 virtute
338 3090 372 3145 et
388 3077 473 3159 fide,
507 3080 601 3145 cuius
618 3066 749 3158 generis
768 3076 803 3142 iu
822 3087 941 3144 senatu
962 3072 1104 3141 facultas
1126 3095 1196 3139 rna-

49 3194 229 3212 ——nun—-o

106 3259 173 3322 tto.
190 3264 277 3310 ἀίοἰιιπι
293 3259 338 3322 sit]
357 3259 469 3308 Ambros.
486 3261 572 3325 dictum
588 3264 623 3306 est
637 3259 733 3306 Manat.
749 3263 797 3305 tac.
815 3257 887 3305 Torr.
904 3260 969 3319 quod
986 3256 1114 3303 defendunt
1129 3255 1195 3301 Mat·

50 3343 105 3391 biae
131 3354 155 3393 et
176 3347 307 3394 Frotscher
333 3359 382 3393 non
412 3346 546 3407 cogitantes
579 3346 712 3405 parendum
738 3343 810 3390 subse
836 3342 1013 3404 antiquissimae
1047 3339 1196 3398 sonoritati,

50 3431 177 3485 praesertim
198 3429 354 3499 rectissimam
375 3430 504 3480 lectionem
525 3430 663 3477 exhibente.
685 3453 720 3467 -
742 3427 896 3487 convertistis]
919 3426 958 3473 Sic
980 3426 1053 3473 etlam
1068 3424 1099 3471 P.
1116 3430 1194 3472 contu·

51 3512 100 3557 tato
115 3513 184 3562 Bero.
202 3515 295 3561 Gener.
312 3514 406 3560 Manat.
441 3515 526 3562 Ortum
542 3515 590 3562 hoc
607 3528 641 3561 ex
658 3528 708 3575 seq.
722 3513 874 3570 praetulistis.

107 3620 118 3684 l
134 3623 174 3669 li.
196 3625 250 3670 Vidi
261 3639 305 3682 ego
316 3622 370 3685 tos]
393 3625 446 3670 Vtut
461 3625 505 3668 troc
522 3638 580 3681 ego,
597 3623 647 3668 otdr'
663 3621 692 3668 P.
726 3621 775 3668 Per
785 3634 812 3668 se
824 3633 872 3667 uon
884 3619 1006 3679 displicet:
1024 3624 1103 3666 ortum
1113 3625 1193 3667 tumen

26 3764 28 3769 Ι
51 3703 141 3752 alterum
157 3710 206 3753 oirls'
222 3723 256 3755 ex
273 3723 340 3771 seqq.
357 3710 411 3768 syll.
428 3709 477 3753 iuris*
494 3708 595 3755 ridetur.

108 3812 173 3875 tta.
191 3820 295 3863 murima
312 3817 362 3876 est]
380 3817 471 3864 Gener.
506 3817 562 3863 Hoc
579 3817 630 3863 scil.
648 3817 663 3862 l.
681 3820 704 3861 st
720 3822 776 3861 ente
792 3820 826 3861 set
837 3815 953 3862 facillime
963 3800 1076 3861 excidere}
1087 3818 1193 3874 poterat.
1233 3844 1236 3851 s

51 3892 122 3957 Volgo
138 3901 205 3948 abest
221 3915 244 3949 v.
263 3906 302 3948 est.
337 3902 431 3947 Lamus
461 3903 522 3946 cuius
538 3903 628 3959 generis
645 3906 679 3945 est
700 3906 745 3946 cet.
770 3902 831 3945 cuius
855 3888 945 3958 generis
967 3903 1018 3943 erat
1037 3900 1083 3944 ce't.
1105 3898 1135 3945 Ρ.
1157 3920 1193 3934 -
1283 3938 1285 3942 Α

52 3978 290 4046 tuscanensem]
308 3987 344 4031 lu's
360 3985 488 4030 homiuibus
504 3990 545 4030 aut
553 3985 628 4043 fidem
649 3988 689 4029 aut
710 3987 829 4042 ingenium
844 3989 910 4040 putet
932 3983 1028 4042 defuisse
1048 3982 1079 4028 P.
1100 3981 1193 4028 omissis

53 4075 86 4108 rr.
101 4068 128 4111 sd
143 4084 192 4114 vere
209 4070 359 4129 refmeudum
376 4094 409 4107 -
426 4069 506 4129 emin]
523 4071 592 4115 diuisi
608 4069 700 4117 Manut.
718 4074 767 4115 tac.
784 4069 855 4114 Torr.
1127 4058 1129 4061 ’

53 4165 227 4188 Q·—

43 4294 45 4301 X
111 4232 176 4293 §42
202 4238 226 4283 0.
252 4226 397 4294 Cosconium]
424 4235 464 4296 qui
490 4239 577 4295 postes
600 4248 646 4296 pro
669 4235 767 4282 consule
787 4232 931 4293 Hispaniam
955 4230 1136 4278 administrarit.
1158 4254 1192 4266 -

55 4316 83 4359 tr.
98 4318 224 4382 Messalam]
248 4335 313 4367 coos.
331 4336 355 4367 a.
374 4335 396 4366 u.
414 4334 435 4366 e.
454 4320 511 4366 701.
529 4343 564 4356 ·-
582 4322 614 4366 P.
636 4320 758 4377 Nigidium
780 4318 901 4375 Figulum,
929 4316 1012 4361 studiis
1033 4312 1191 4359 severioribus

56 4400 171 4463 celebrem,
187 4406 234 4464 Ap.
254 4406 373 4452 Claudium
389 4404 435 4466 (P.
453 4404 533 4452 Clodii
549 4401 673 4464 fratrem),
696 4412 824 4462 augurem,
845 4413 897 4462 eus.
915 4400 992 4457 700sv
