2850 4759
119 286 123 297 ,
198 241 260 304 404
677 230 914 299 ΟΙΟΕΒΟΝΊὸ

201 417 303 481 quarn
325 411 426 462 caeca
447 390 587 459 avaritia
609 396 674 456 est!
696 389 741 455 Et
762 409 871 471 nuper
892 387 960 452 fixa
982 386 1096 455 tabula
1116 397 1189 460 cst,
1213 406 1279 467 qua
1297 387 1362 453 ciri·

201 510 289 566 tates
311 493 599 577 locupletissimae
622 492 836 559 Cretensium
858 488 1047 555 liberantur
1067 488 1315 568 statuiturque,
1332 508 1361 551 ne

200 611 281 681 post
301 598 353 663 Μ.
376 597 519 661 Brutum
542 591 785 675 proconsulem
807 592 852 658 sit
873 591 973 655 Creta
995 589 1180 669 provincia.
1225 589 1277 653 Tu
1291 609 1362 654 men·

202 702 246 769 tis
268 719 304 766 cs
326 695 497 777 composa
518 707 555 761 tu
577 716 645 760 non
667 689 982 772 corisumgendns‘?
1004 693 1056 755 An
1072 691 1232 757 Caesaris
1248 689 1360 754 decreto

203 802 306 866 Creta
332 808 412 879 post
440 798 492 862 Μ.
521 794 617 861 Bruti
644 794 823 861 decessum
850 792 962 872 potuit
987 789 1139 875 liberari,
1174 810 1258 855 cum
1284 789 1361 854 Creta

203 900 285 967 nihil
315 899 355 965 ad
379 899 521 963 Brutum
546 897 692 962 Caesare
721 895 800 959 vivo
829 893 1042 974 pertineret?
1081 896 1126 958 At
1147 890 1254 958 liuius
1274 890 1363 955 verrii·

206 1004 299 1068 tione
325 999 451 1065 decreti
479 998 541 1075 (ue
569 994 651 1061 nihil
679 1007 793 1059 actum
823 994 969 1074 putetis)
1003 993 1221 1072 provinciam
1252 995 1361 1060 Cretan

205 1101 412 1183 perdidistis.
453 1099 600 1165 Omnino
620 1114 723 1161 nemo
743 1093 844 1160 ullius
866 1095 915 1159 rei
936 1094 1002 1159 fuit
1020 1105 1175 1174 emptor,
1199 1096 1255 1159 cui
1275 1094 1363 1159 deiur-

147 1213 187 1273 98
208 1204 252 1267 rit
273 1201 327 1266 hie
342 1198 512 1265 venditor.
554 1197 598 1263 Et
613 1193 826 1261 deexnlibus
840 1192 970 1272 legem,
992 1215 1092 1274 quam
1113 1195 1243 1274 fixisti,
1265 1194 1362 1262 Caesar

210 1301 298 1368 tulit.
341 1299 476 1366 Nullius
491 1299 641 1363 insector
656 1294 901 1361 calamitatem:
920 1294 1054 1358 tantum
1066 1315 1220 1375 queror,
1243 1297 1361 1376 primum

209 1424 327 1469 eorum
352 1398 479 1466 reditus
502 1408 680 1479 aequatos,
712 1417 858 1477 quornm
881 1416 1017 1461 sarisam
1041 1396 1170 1462 Caesar
1191 1396 1361 1464 dissimilem

171 1494 177 1505 ’
209 1502 383 1580 iudicarit,
406 1499 526 1565 deinde
542 1503 656 1564 nescio
672 1517 734 1562 cur
749 1519 816 1562 raon
832 1494 971 1577 reliquis
986 1496 1074 1562 idem
1093 1499 1239 1565 tribuas.
1273 1499 1361 1577 Neque

211 1606 299 1670 enim
322 1601 398 1682 plus
421 1621 521 1681 quam
549 1612 618 1665 tres
645 1609 704 1663 aut
731 1609 892 1679 quattuor
920 1596 1038 1679 reliqui
1060 1609 1153 1663 sunt.
1200 1599 1267 1688 Qui
1286 1595 1361 1664 simili

211 1707 245 1769 in
268 1702 460 1787 calamitate
477 1712 577 1775 sunt,
600 1720 661 1763 cur
677 1710 735 1762 tua
750 1696 983 1764 misericordia
999 1696 1099 1764 simili
1115 1722 1187 1765 rron
1203 1693 1361 1763 inritatur?

214 1822 356 1868 eureos
378 1800 479 1867 habes
501 1802 534 1865 in
553 1798 633 1865 loco
656 1798 796 1879 patrui?
818 1798 860 1863 de
880 1820 947 1878 quo
969 1799 1077 1874 serre,
1100 1820 1180 1865 rum
1195 1800 1241 1865 ale
1256 1797 1358 1878 reliquis

213 1903 342 1978 ferree,
371 1900 528 1977 noluistis
562 1919 661 1980 quem
690 1901 792 1964 etiam
815 1898 856 1964 ad
878 1910 1057 1965 censuram
1079 1901 1261 1979 petendam
1281 1901 1360 1978 impr·

215 2002 445 2082 listieamque
462 2002 664 2082 'petitionem
687 2002 912 2080 comparasti,
940 2021 1029 2081 quae
1051 2013 1084 2065 et
1106 2003 1197 2068 risus
1220 2001 1359 2066 irentimm

156 2118 195 2179 99
216 2113 251 2168 et
278 2100 432 2185 querelas
463 2112 629 2166 innueret.
674 2101 743 2166 Cur
771 2112 884 2166 autem
908 2122 946 2165 ea
968 2103 1106 2168 comitia
1128 2125 1198 2167 nou
1220 2094 1359 2166 ltabtristil

156 2232 161 2245 ·
217 2225 259 2269 an
281 2204 357 2283 quia
380 2202 534 2269 tribrurus
556 2200 643 2280 plebi
664 2202 840 2267 sinistrum
864 2199 992 2266 fulmen
1007 2203 1216 2268 nurrtiabatffl-
1234 2203 1310 2267 Cum
1321 2211 1360 2262 tua

218 2302 298 2385 quid
317 2305 476 2377 interest,
499 2298 590 2366 nulla
611 2300 760 2379 auspicia
777 2312 877 2376 suntq
899 2323 975 2367 cum
993 2315 1151 2381 tuorum,
1175 2317 1246 2369 tum
1262 2297 1360 2368 fisrcli·

217 2406 346 2485 giosus.
391 2400 509 2490 Quint>
541 2400 685 2465 cundem
715 2401 748 2464 in
776 2404 1019 2481 septemviratu
1046 2426 1159 2470 rtorrne
1182 2396 1360 2472 riestituistii

218 2503 405 2569 Intervenit
425 2502 535 2578 enim,
556 2502 610 2566 cni
632 2500 801 2577 metuisti,
823 2500 945 2585 credo,
966 2525 1008 2568 ne
1028 2495 1124 2573 salvo
1142 2507 1253 2588 eapite
1267 2518 1360 2582 negare

219 2621 413 2636 μ’

198 2682 203 2693 ’
220 2683 252 2726 Et
267 2675 350 2740 nuper]
369 2678 407 2724 Sic
425 2676 520 2736 Vatia,
539 2674 577 2725 cui
595 2678 728 2740 aliquando
746 2684 769 2724 et
786 2681 932 2738 respondere
950 2678 1067 2740 putabam
1084 2681 1109 2728 in
1124 2652 1194 2745 seqq,
1228 2684 1258 2729 Et
1272 2683 1297 2728 de
1308 2678 1361 2725 eruli

220 2765 261 2807 bns
279 2768 325 2807 cet.
360 2763 441 2818 Nuper
459 2763 533 2808 ceteri
553 2764 626 2807 Libri.
661 2762 771 2820 Madvig.
794 2764 922 2807 Fortasse:
950 2768 975 2806 ut
995 2779 1075 2820 nuper.
1096 2791 1126 2801 -
1152 2767 1220 2811 Creta
1237 2759 1304 2825 nita]
1318 2759 1360 2814 0⁸5⁸

220 2844 313 2891 Caesar
330 2844 364 2888 M.
383 2843 461 2891 Bruto
478 2844 650 2889 Macedoniarn
668 2843 811 2887 destinarat.

288 2951 360 3012 598.
380 2951 411 2994 Et
432 2951 460 2994 de
484 2949 542 3007 cet]
564 2949 625 2994 Cum
648 2957 710 2993 rrnrre
734 2948 831 2993 videaur
854 2950 901 2995 troc
925 2955 948 2994 et
964 2948 1009 2998 rix
1026 2951 1175 3011 respondere
1192 2967 1262 3012 posse
1277 2943 1361 2996 Vaticani

220 3036 268 3083 illis
286 3035 318 3078 Er
333 3046 421 3089 nuper,
453 3032 510 3091 quid
534 3031 634 3076 omnino
653 3025 701 3075 silai
726 3030 799 3086 velit,
829 3045 915 3089 parurn
933 3033 1065 3091 perspicit).
1101 3036 1185 3082 Sermo
1202 3032 1238 3080 est
1254 3047 1294 3093 per
1306 3036 1361 3075 tarra

222 3116 405 3175 paragraphum
424 3116 454 3159 de
471 3116 526 3171 lege
543 3113 575 3158 ab
588 3111 698 3158 Antonio
717 3113 741 3157 in
759 3113 882 3160 tribunatu
900 3115 967 3170 lata,
985 3116 1047 3160 unde
1065 3117 1145 3161 malim
1158 3119 1208 3171 Ata
1224 3118 1248 3162 id
1264 3121 1306 3168 est,
1321 3109 1361 3166 „it

222 3198 304 3263 fateor
321 3199 352 3242 de
369 3195 482 3240 exulibus
501 3195 590 3252 legem,
614 3206 687 3252 quam
704 3200 731 3239 tu
748 3194 857 3241 tribunus
875 3197 909 3254 pl.
927 3196 1015 3250 fixisti,
1030 3213 1069 3243 ,re
1086 3213 1145 3244 vera
1162 3214 1177 3243 a
1196 3200 1295 3245 Caesare
1309 3196 1361 3239 tana

223 3293 287 3334 esse,
305 3292 353 3325 non
373 3277 395 3322 ei
414 3275 582 3334 suppositam,
600 3281 626 3320 ut
643 3275 722 3320 fecisti
740 3276 764 3321 iu
780 3273 905 3321 liberanda
918 3277 992 3321 Creta
1005 3278 1115 3338 aliisque.
1149 3282 1195 3326 Sed
1207 3281 1230 3325 in
1242 3282 1281 3326 illa
1291 3285 1360 3338 quoqu

224 3360 330 3419 iniquum
348 3365 372 3402 te
390 3359 529 3403 monstrasti
547 3363 571 3401 et
588 3357 659 3415 pravi
677 3357 751 3401 animi
764 3358 910 3404 hominem.“
922 3382 956 3393 -
967 3361 1087 3418 aequatos]
1100 3362 1156 3407 Hoc
1169 3378 1205 3418 v.,
1217 3364 1278 3423 quod
1289 3356 1360 3404 omnint)

225 3440 353 3499 requiritur
370 3454 385 3483 a
404 3453 454 3498 seq.
479 3431 622 3493 decidium,
649 3439 750 3484 debetur
772 3438 930 3493 camerarios
958 3447 1150 3502 receperuntque
1170 3443 1227 3490 Era.
1245 3449 1268 3488 et
1282 3436 1360 3493 Matar·

224 3521 292 3564 Libri
309 3522 455 3576 trepidanter,
473 3522 539 3579 quod
557 3527 699 3578 exponunt:
721 3521 814 3578 „quasi
832 3520 888 3565 lohe
906 3520 989 3580 aliqua
1007 3524 1164 3582 adspersos.“
1209 3526 1251 3572 vir
1266 3525 1334 3569 coac
1345 3517 1363 3562 l!-

224 3615 302 3658 marg.
319 3600 428 3658 Herrag.
446 3614 515 3646 meae
533 3601 673 3658 adscripsit:
703 3603 780 3657 inique
800 3606 924 3659 aequatos,
952 3603 994 3663 qui
1015 3609 1096 3651 tamen
1119 3607 1246 3655 rethorum
1266 3600 1361 3651 tauta

225 3695 274 3727 nort
298 3681 394 3727 videtur
416 3682 544 3740 quadrare.
569 3706 601 3720 ·-
624 3681 723 3741 patrui]
748 3683 777 3727 0.
801 3683 923 3729 Antonius
946 3691 1004 3730 ante
1026 3685 1139 3732 Caesaris
1162 3703 1243 3735 necem
1263 3679 1359 3732 assatio

226 3763 309 3813 rediit,
327 3775 380 3806 cum
399 3763 501 3808 reditum
519 3765 671 3822 impetrasset
689 3765 756 3808 nulla
774 3765 842 3822 lege,
860 3772 886 3810 ut
903 3766 1012 3825 videtur,
1029 3771 1072 3814 sed
1089 3770 1190 3818 decreto
1206 3768 1313 3825 Caesaris
1325 3761 1359 3806 Cli·

226 3842 312 3885 Garat.
349 3841 390 3885 Sic
408 3841 459 3885 lieri
477 3844 571 3898 potuit,
599 3850 624 3888 ut
642 3843 677 3888 M.
690 3843 817 3891 ,Antonius
834 3861 913 3906 aeque
930 3850 1107 3908 maligue-eum
1123 3853 1156 3896 ad
1173 3863 1287 3898 censuram
1302 3849 1359 3904 W

226 3925 282 3967 dam
299 3922 448 3980 impelleret,
474 3924 614 3969 destitueret
637 3925 661 3968 in
685 3927 859 3983 septemviram
877 3943 939 3987 agro
957 3931 1086 3989 Campano
1105 3939 1129 3978 et
1147 3934 1262 3979 Leontino
1278 3924 1359 3973 autimas

225 4004 363 4050 dividendo.
390 4004 414 4047 Si
431 4010 488 4060 post
501 4003 613 4048 Caesaris
631 4007 725 4050 demum
743 4018 825 4052 necem
845 4011 967 4056 restitutus
985 4020 1057 4068 esset,
1074 4015 1097 4058 in
1116 4017 1189 4071 exule
1206 4017 1236 4059 dc
1251 4021 1331 4058 cessuri
1344 4009 1359 4046 ‘¹

225 4083 398 4139 septemviram
418 4082 566 4125 conferendo
585 4083 652 4127 trullo
670 4087 745 4128 morlo
762 4089 803 4145 agi
821 4092 947 4145 potuisset.
1084 4073 1086 4076 .

292 4185 366 4243 599,
382 4182 592 4244 Irrternmsr'cer]
616 4185 657 4230 Sic
679 4187 760 4234 locum
785 4193 889 4238 restituit
912 4180 1050 4255 Madvigiirs
1074 4201 1176 4258 Opnscc.
1193 4201 1266 4246 aceri
1287 4212 1306 4255 p·
1322 4189 1358 4236 ¹7¹·
