2850 4759
252 312 422 385 ornato
446 313 530 383 ruo
552 316 592 381 r.
615 312 773 393 sunta,
802 335 833 384 ο.
858 318 877 380 ι
898 327 932 382 et
952 281 1004 384 a(
1027 287 1032 296 “
1147 301 1207 382 'ass

48 497 114 543 rnen
134 478 166 543 ia
189 477 312 544 ceteris
338 474 434 546 malis
459 475 556 544 iacile
578 477 690 561 patior
711 475 862 545 oblatum
884 474 966 543 mihi
988 488 1140 560 tempus,
1170 480 1206 546 in

47 604 105 664 qno
142 581 221 648 boni
253 582 315 646 riri
344 578 515 649 lenitatem
548 601 658 650 meam
689 580 1045 663 misericordiamque,
1089 593 1208 651 notam

46 687 192 753 orirnibus
227 684 418 769 quondam,
454 707 544 753 nunc
574 688 670 771 quasi
698 687 926 754 intermissam
963 702 1206 774 agnoscerent,
1255 753 1259 768 p

44 791 178 873 improbi
199 810 240 857 ac
259 788 381 872 perditi
407 791 517 873 cives,
548 789 707 858 redomiti
724 802 824 873 atque
844 790 942 870 victi,
962 792 1207 874 praecipitante

44 893 242 976 republica,
263 892 500 962 vehementem
519 916 573 962 rne
589 896 696 963 fuisse
709 906 811 979 atque
825 894 970 972 fortem,
993 908 1205 976 conservata,

45 997 149 1064 mitent
169 1018 210 1064 ac
232 998 488 1067 misericordem
508 999 707 1067 faterentur.
758 1000 804 1064 Et
824 999 983 1082 quoniam
1000 999 1037 1067 L.
1051 1005 1205 1084 'l'orqua·
1235 999 1256 1064 2

46 1111 109 1175 tus,
141 1097 238 1169 meus
254 1100 428 1168 familiaris
442 1124 482 1169 ac
497 1106 728 1181 necessarius,
751 1100 900 1187 iudices,
930 1104 1155 1190 existimavit,
1176 1104 1206 1171 si

45 1199 192 1271 nostram
213 1206 248 1272 in
272 1195 489 1274 accersitione
512 1230 576 1276 sua
605 1206 841 1274 necessitatem
873 1206 1207 1292 familiaritatemque

45 1306 212 1385 violasset,
257 1309 381 1394 aliquid
410 1332 446 1379 se
470 1312 511 1379 de
533 1310 736 1380 auctoritate
758 1332 854 1377 meae
877 1310 1083 1380 defensionis
1103 1315 1207 1395 posse

47 1410 231 1492 detrahere,
280 1436 359 1481 curn
401 1415 499 1484 huius
532 1414 675 1502 periculi
713 1413 969 1499 propulsatione
1001 1416 1206 1496 coniungam

47 1514 268 1585 defensionem
294 1519 391 1586 cilicii
426 1520 503 1588 mei.
566 1520 646 1613 Quo
680 1518 816 1605 quidem
842 1539 966 1601 genere
990 1531 1059 1586 non
1091 1531 1206 1606 uterer

47 1622 210 1699 orationis,
247 1623 396 1700 iudices,
430 1622 496 1690 hoc
520 1635 693 1708 temporo,
725 1624 753 1691 si
782 1645 858 1691 mea
878 1622 987 1691 solum
1011 1618 1206 1690 interesset:

47 1723 147 1793 multis
177 1727 266 1794 enirn
290 1727 366 1793 miti
390 1725 474 1796 locis
495 1739 528 1794 et
547 1726 625 1796 data
649 1725 794 1795 facultas
815 1739 867 1795 est
891 1740 925 1795 ct
944 1748 1045 1810 saepe
1075 1726 1208 1795 dabitur

48 1827 81 1893 de
99 1852 169 1897 mea
192 1830 292 1898 laude
316 1829 468 1910 dicendi3
502 1828 561 1898 sed
582 1841 621 1897 ut
641 1829 713 1916 ille,
747 1830 934 1910 †indices‚
970 1843 1131 1915 quantum
1164 1829 1206 1897 de

48 1954 111 2000 nea
136 1936 339 2004 auctoritate
365 1935 578 2018 desipuisset,
612 1946 742 2001 tantum
767 1954 804 2002 se
833 1932 875 2000 de
903 1932 1003 2002 huius
1029 1934 1204 2018 praesidiis

48 2035 287 2107 deminuturum
317 2041 482 2132 putauit,
514 2040 564 2107 sic
592 2036 659 2107 hoc
690 2059 755 2118 ego
791 2039 918 2115 sentio,
957 2040 985 2108 si
1020 2041 1086 2105 mei
1122 2039 1205 2105 facti

47 2142 196 2210 rationem
221 2144 318 2211 vobis
348 2143 640 2225 constantiamque
667 2141 767 2208 liuius
797 2142 893 2207 ollicii
927 2161 966 2206 ac.
997 2142 1203 2211 defensionis
1255 2192 1275 2208 f

47 2244 242 2321 probatem,
265 2265 402 2346 causam
427 2268 559 2330 quoque
580 2267 634 2311 me
659 2246 697 2313 Ρ
721 2243 830 2312 Sullae
850 2246 1085 2329 probaturum

113 2352 156 2414 ll.
197 2355 253 2418 Ac
274 2374 421 2433 prunum
442 2351 551 2418 abste
572 2348 673 2428 illud
702 2350 739 2416 L
761 2353 952 2433 l'orquatc,
975 2369 1118 2433 quaero,
1142 2348 1251 2418 curi

48 2471 127 2519 inea
150 2455 276 2522 ceteris
298 2453 493 2522 clarissimis
515 2455 596 2521 viris
616 2476 657 2521 ac
677 2453 935 2537 principibus
908 2455 1053 2523 civitatis
1079 2456 1110 2521 in
1135 2453 1201 2522 ltoc

49 2558 141 2624 officio
173 2572 274 2643 atque
299 2560 332 2625 in
357 2559 561 2626 detensionis
585 2559 659 2625 iure
683 2579 859 2627 secernas:
898 2560 978 2643 quid
1007 2560 1095 2625 enirn
1129 2572 1201 2637 est,

48 2663 251 2739 quamobrem
273 2663 330 2730 abs
354 2674 386 2729 te
401 2663 442 2754 Q.
458 2663 628 2730 Hortensii
649 2662 799 2738 factum,
822 2662 1001 2731 clarissimi
1023 2664 1084 2729 viri
1101 2675 1203 2745 atque

49 2766 234 2833 ornatissimi
258 2767 361 2844 ciris,
382 2791 448 2833 sion
471 2765 754 2851 reprehendatur,
777 2758 1045 2848 reprehendatur
1059 2766 1202 2833 meuml

47 2862 120 2934 Nam
141 2871 167 2937 si
189 2872 317 2938 initum·
337 2884 389 2938 est
416 2869 595 2938 consilium
617 2893 636 2936 a
657 2870 694 2938 P.
717 2868 808 2937 Sulla
834 2869 1094 2938 inflammandae
1121 2872 1202 2937 ciri·

50 2984 225 3006 '‘b--h-

104 3052 114 3114 i
130 3056 152 3100 2.
170 3058 326 3101 necessitatem
337 3052 594 3113 familiaritatemque]
629 3053 689 3102 Cum
702 3052 837 3099 offenderet
856 3052 881 3098 itt
895 3068 919 3100 r.
933 3054 1052 3097 necmilas
1066 3068 1114 3113 pro
1127 3068 1201 3098 aeca-

49 3138 131 3183 titudine
147 3142 243 3200 posito,
262 3141 373 3186 correxit
382 3140 424 3185 P.:
442 3139 624 3183 corrsaetadiaem
636 3152 663 3181 aa
668 3136 868 3194 familiaritatem.
878 3163 910 3174 -
924 3153 969 3183 non
985 3143 1060 3198 alaasr
1076 3135 1220 3198 orationis}

51 3226 149 3269 orationis
166 3240 210 3270 tlon
228 3230 305 3271 uterer
319 3225 348 3271 P.
365 3252 399 3263 -
409 3222 514 3283 facultas
531 3221 574 3281 est]
590 3225 624 3265 est
634 3219 685 3280 sac.
700 3209 729 3267 P.
741 3249 771 3259 -
788 3223 893 3284 putauit]
912 3224 952 3269 Ex
970 3224 1139 3283 supplemento
1154 3222 1202 3270 hoc

25 3359 26 3364 ,
50 3311 69 3350 l·
84 3322 128 3355 esse
148 3311 299 3357 manifestum
317 3315 353 3355 est
374 3323 409 3355 ex
428 3319 473 3361 eu,
496 3308 561 3369 quod
585 3305 627 3351 alii
643 3320 743 3366 prorsus
760 3309 874 3354 omittunt
898 3308 934 3369 (ut
955 3305 1070 3365 Genea),
1096 3307 1202 3354 allilia·

50 3387 97 3437 liant
116 3400 193 3451 palat,
222 3396 377 3448 aestimavit,
405 3395 507 3451 sperauit
531 3391 576 3452 (sic
596 3387 640 3452 P.)
685 3391 745 3437 Cum
771 3399 851 3438 tamen
881 3409 895 3440 e
924 3393 1000 3442 verbo
1028 3395 1102 3439 sentio
1125 3394 1202 3440 minus

51 3480 162 3525 cannoto
174 3479 326 3540 cogitatione
343 3480 486 3539 suppleatur
499 3480 585 3527 sensit,
610 3483 635 3522 ut
650 3478 730 3524 voluit
749 3478 821 3530 Gar„
840 3493 887 3537 ego
906 3479 990 3526 ritium
1004 3463 1087 3539 potius
1107 3494 1200 3540 quaero

51 3556 103 3607 lut.
120 3565 202 3610 iudices
220 3571 279 3625 pust
299 3580 323 3611 r.
341 3566 394 3618 ills,
418 3572 559 3624 corruptum
577 3577 610 3608 ex
635 3565 753 3608 iudicauit.
789 3563 874 3610 Statim
897 3565 959 3610 eninr
987 3566 1112 3625 praecedit
1138 3565 1202 3618 idem

52 3652 70 3684 r.
86 3644 171 3691 iudices.

104 3734 115 3797 l
132 3738 154 3783 3.
172 3741 297 3785 clarissimi
315 3738 374 3799 cet]
398 3741 523 3784 clarissimi
545 3745 612 3799 atqas
641 3744 784 3788 oa·uatisslmr'
808 3745 855 3789 viri
878 3743 908 3789 Ρ.
929 3742 1004 3795 Tullii
1026 3742 1200 3794 consuetudine

52 3814 104 3864 haud
133 3826 221 3883 agnita.
246 3852 281 3865 -
307 3827 407 3870 civitatis
427 3828 507 3875 iuius,
540 3828 703 3884 'extinguente'
734 3825 803 3885 imp]
850 3824 996 3871 Concinnius
1024 3825 1058 3870 sic
1089 3823 1201 3870 distinxit

52 3899 186 3964 Torrentius,
210 3923 282 3972 quam
306 3912 395 3971 volgo:
422 3913 537 3962 civitatis,
564 3914 630 3956 terias
644 3916 690 3957 est.
705 3935 740 3949 -·
756 3914 795 3969 qai
809 3908 974 3968 definiendas.
1000 3910 1041 3969 qai
1054 3907 1199 3965 dammam]

52 3987 84 4043 qai
97 3991 239 4048 deterrdsadas
256 4010 318 4049 sum,
343 4010 410 4055 qaam
429 3998 468 4054 qui
495 3998 629 4040 deserendas
652 3995 681 4040 P.
724 3994 790 4047 „Sed
808 4006 856 4037 non
879 3992 991 4050 placet.“
1024 3991 1199 4036 Taenarius.

54 4066 205 4134 interpolator
226 4082 277 4127 scil.
293 4087 372 4128 totam
392 4081 466 4127 Tullii
482 4079 625 4128 sententiam.
641 4093 727 4140 parum
746 4076 875 4124 intellexit.

53 4176 213 4200 κ-ι-

110 4242 158 4304 §2
177 4248 410 4308 familiaritatemque
432 4245 558 4307 uiolasset]
580 4246 631 4292 scil.
649 4244 707 4291 milti
725 4242 899 4296 obtrectando,
921 4242 976 4286 darn
994 4239 1083 4311 Sullam
1101 4240 1199 4281 secuml
1241 4295 1245 4311 ζ

55 4319 74 4366 ld
89 4328 227 4383 Potissimum
250 4334 366 4388 afferens,
396 4332 517 4392 indignam
542 4343 640 4389 prorsus
656 4344 708 4375 osse
733 4342 781 4373 rem
806 4326 957 4373 coniuratum
980 4323 1084 4382 aliquem
1102 4316 1197 4365 defendi

56 4406 80 4452 alr
95 4410 133 4458 illo
150 4415 212 4477 ipso,
230 4419 271 4482 qai
287 4419 480 4466 coniurationem
499 4413 649 4476 patefecerit.
668 4414 711 4460 cfr.
729 4412 741 4473 i
758 4412 799 4458 35.
