2850 4759
123 285 352 357 AccUsnr.
370 285 420 354 IN
441 287 482 355 C.
505 285 696 356 VERREM
717 286 802 356 Llll.
824 287 881 366 tv,
902 308 936 356 e.
956 291 1110 356 53—55.
1169 291 1210 356 63

27 453 71 511 est
88 443 181 511 urbs
205 443 401 525 Syracusis,
422 445 478 511 cui
500 464 627 512 nornen
647 443 843 514 Achradina
862 457 930 514 est:
951 447 986 514 in
1007 448 1207 530 qualorum

27 548 233 624 maximnm,
254 545 504 629 pulcherrimae
524 548 696 629 porticus,
719 548 976 616 ornatissimum
996 551 1207 631 prytaniurn,

26 646 235 730 amplissima
262 660 315 714 est
338 648 451 729 curia,
480 646 712 732 templumque
735 649 913 728 egregium
942 649 1035 718 lovis
1058 649 1207 733 Olympii
1290 651 1294 662 '

27 762 227 833 ceteraeque
252 750 345 815 urbis
368 761 501 830 partes,
524 770 608 834 quse
627 770 694 817 uua
718 748 863 817 vialata
885 762 1050 833 perpetua
1072 751 1209 822 multis-r

27 872 88 933 que
117 853 323 920 transversis
347 850 475 919 divisae
497 852 638 934 privatis
663 850 827 920 aedificiis
850 854 1080 921 continentur,
1122 854 1206 921 Ter·

30 954 72 1019 tia
91 964 147 1019 est
173 954 272 1039 urbs,
293 972 397 1037 quae,
420 954 511 1046 quod
537 956 570 1020 in
595 975 635 1021 ea
658 967 757 1037 parte
780 953 951 1021 Fortunae
976 957 1093 1022 fanum
1119 957 1206 1023 anti-

28 1078 127 1137 quum
151 1055 234 1134 suit,
257 1055 574 1138 'l'ycba'nominata
591 1067 663 1129 est,
684 1056 719 1122 in
743 1078 808 1137 qua
832 1058 1047 1139 gymnasium
1068 1056 1206 1139 amplis·

27 1159 147 1224 simum
172 1170 243 1234 est,
273 1169 308 1223 et
332 1155 526 1239 complures
550 1156 651 1224 aedes
678 1177 812 1226 sacrae:
848 1157 1040 1242 coliturque
1065 1179 1104 1227 ea
1124 1179 1206 1241 pars

27 1271 56 1324 et
74 1258 251 1326 habitatur
275 1258 562 1341 frequentissime.
613 1259 749 1351 Quarta
771 1271 885 1327 autem
909 1270 977 1337 est,
999 1281 1103 1344 quae,
1126 1262 1205 1345 quia

25 1373 198 1443 postrema
228 1359 449 1427 coaedificata
478 1373 546 1439 est,
579 1361 742 1444 Neapolis
777 1362 990 1429 nominatur:
1022 1382 1124 1445 quam
1159 1361 1206 1428 ad

25 1485 192 1531 summam
219 1460 390 1529 theatrum
419 1464 626 1548 maximum,
663 1476 839 1544 praeterea
867 1462 936 1530 duo
967 1462 1093 1546 templa
1121 1475 1204 1530 sunt

25 1563 190 1646 egregia,
205 1564 341 1631 Cereris
365 1586 489 1645 unum,
517 1564 664 1631 alterum
682 1565 838 1642 Liberae,
864 1566 1068 1649 signumque
1095 1564 1203 1645 Apol·

24 1665 195 1747 tintssqu
223 1666 419 1734 Temenites
448 1679 607 1744 vocatur,
634 1664 903 1748 pulcherrimum
933 1679 968 1734 et
992 1667 1201 1752 maximum,

25 1768 106 1848 qnod
127 1769 193 1835 iste
213 1769 242 1836 si
266 1778 405 1850 portare
426 1769 612 1849 potuisset,
634 1791 701 1835 non
723 1767 914 1836 dubitasset
936 1770 1085 1836 auterre.

94 1870 180 1939 Llll.
221 1871 322 1936 Nune
350 1870 392 1936 ad
414 1869 619 1937 Marcellum
646 1882 815 1957 revertar,
838 1891 881 1937 ne
898 1869 983 1937 haec
1003 1891 1022 1937 s
1044 1890 1100 1938 me
1123 1870 1261 1952 sineno

24 1992 123 2039 eausa
156 1973 431 2038 commemorata
463 1992 539 2039 esse
570 1972 762 2038 videantur.
807 1969 979 2061 Quicum
1007 1983 1075 2038 tam
1103 1992 1202 2054 prae·

25 2073 148 2139 clarum
172 2076 292 2139 urbem
314 2075 346 2139 vi
373 2074 548 2156 copiisque
567 2073 731 2154 cepisset,
755 2094 824 2140 non
848 2074 979 2153 putavit
998 2072 1043 2139 ad
1064 2072 1201 2140 laudem

24 2175 138 2256 populi
166 2176 311 2242 Romani
337 2175 403 2240 boc
426 2175 614 2257 pertinere,
637 2172 725 2239 barte
743 2171 1049 2254 pulchritudinem,
1072 2195 1115 2240 ex
1134 2195 1201 2258 qua

23 2278 219 2356 praesertim
246 2276 386 2357 periculi
411 2274 492 2342 nibil
518 2272 777 2352 ostenderetur,
799 2273 913 2340 delere
934 2286 968 2341 et
987 2277 1202 2355 extinguere.

23 2376 139 2457 ltaque
162 2376 322 2444 aediliciis
352 2374 696 2457 omnibus‚'pnblicis
718 2376 876 2456 privatis,
896 2376 1003 2442 sacris
1018 2375 1200 2460 profanis,

23 2477 69 2546 sie
89 2480 259 2560 pepercit,
282 2480 376 2560 quasi
398 2479 441 2545 acl
464 2498 503 2544 ea
523 2475 736 2543 defendenda
757 2497 835 2543 curn
857 2475 1011 2542 exercitu
1019 2519 1029 2551 ,
1050 2499 1120 2545 non
1139 2499 1200 2559 op,

22 2582 198 2661 pugnanda
223 2583 384 2649 venisset.
436 2582 475 2647 ln
501 2590 623 2647 orrratu
644 2578 738 2644 urbis
766 2577 885 2643 habuit
907 2567 1072 2645 uictoriae
1092 2579 1198 2646 ratio-

23 2701 111 2758 nem,
138 2681 253 2748 habuit
271 2681 503 2750 humanitatis.
549 2679 720 2745 Victoriae
743 2680 882 2762 putabat
903 2700 979 2748 esse
1002 2680 1110 2747 multa
1130 2682 1199 2749 Ro-

23 2802 107 2849 mam
130 2783 331 2870 depor·tat·e‚
359 2805 446 2866 quae
468 2793 671 2850 ornamento
691 2782 766 2848 urbi
789 2802 864 2848 esse
888 2795 1047 2862 possent,
1075 2782 1198 2850 huma·

24 2884 145 2962 nitatis,
182 2909 249 2952 uon
277 2884 378 2965 plane
402 2882 576 2966 expoliare
600 2882 738 2968 urbem,
767 2885 969 2964 praesertim
993 2904 1095 2965 quam
1116 2905 1198 2950 con·
1247 2871 1251 2876 ’

22 2973 154 3052 servare
171 2986 350 3053 voluisset.
391 2987 430 3053 ln
452 2985 515 3051 hae
533 2985 714 3065 partitione
738 2996 879 3050 ornatus
897 3006 964 3049 non
987 2984 1063 3064 plus
1085 2986 1257 3063 vieto-121

22 3088 70 3152 ria
90 3087 244 3154 Marcelli
268 3087 393 3180 populo
419 3089 573 3156 Ronrano
599 3085 780 3167 appetivit,
803 3106 903 3166 quam
922 3082 1116 3152 humanitas
1133 3084 1198 3167 Sy·
1306 3089 1310 3093 ’

22 3246 209 3264 Μ..-

23 3354 162 3411 praegressis
179 3355 308 3415 aliquanto
321 3355 375 3414 plus
393 3356 548 3415 suppleatnrs
566 3359 695 3411 ceteraeque
714 3353 778 3398 urbis
793 3358 878 3412 partes
898 3356 931 3400 sd
951 3356 1054 3401 eandem
1076 3355 1197 3404 rstionent

22 3436 99 3476 subtr
124 3435 149 3479 Z.
168 3460 198 3470 -
221 3438 259 3478 uia
281 3438 328 3478 luta
352 3432 476 3495 perpetua]
499 3435 538 3480 Sic
561 3434 622 3492 Reg.
641 3433 709 3478 bein.
733 3438 771 3478 viu
788 3438 852 3489 luta,
870 3437 971 3482 semitae
991 3439 1108 3497 oppositu
1125 3454 1197 3485 unam

22 3512 141 3557 constituit
163 3513 304 3569 notionem,
329 3512 368 3559 cui
392 3514 531 3573 adiungitur
551 3517 674 3565 irriderer
688 3524 813 3574 perpetua,
844 3526 870 3564 ut
890 3519 901 3579 l
920 3521 961 3565 81.
981 3522 1111 3565 bominibus
1132 3524 1198 3565 nouis

22 3592 146 3639 industriis.
181 3597 253 3648 Quod
269 3596 312 3656 qni
331 3610 380 3642 non
399 3596 580 3655 intelligebant,
598 3598 748 3645 inverterunt
766 3600 815 3642 luta
835 3601 873 3643 uia
889 3604 1004 3656 perpetuu
1024 3601 1100 3658 Sgnll.
1120 3601 1147 3645 Z.
1166 3624 1198 3640 ι-

22 3672 129 3716 theatrum
144 3671 282 3737 mximum}
301 3676 362 3735 ch.
381 3675 449 3721 neit.
470 3680 583 3723 theutrum
599 3682 635 3723 est
655 3693 719 3723 maa.
733 3679 760 3723 Z.
785 3679 832 3723 Sed
849 3694 873 3725 v.
889 3680 1006 3726 substant.
1023 3682 1085 3727 inest
1104 3683 1128 3728 in
1146 3697 1197 3742 seq.
1256 3706 1259 3710 ·

22 3757 72 3795 sunt
86 3755 157 3801 etiarn
178 3759 210 3804 ed
232 3773 255 3804 v.
273 3761 395 3805 theatrum.
419 3784 453 3797 -
483 3762 593 3823 Τέμενος
609 3750 689 3814 τόπος
707 3749 826 3815 Σικελίας
845 3753 896 3811 ὕπὸ
914 3757 961 3818 τὰς
975 3754 1116 3821 Ἐπιπολὰς
1134 3761 1199 3832 πρὸς

23 3837 76 3889 ταῖς
88 3835 280 3905 Συρακούσαις,
298 3834 329 3889 oti
348 3835 459 3907 οἰκήτωρ
482 3842 626 3906 Τεμενίτης.
661 3842 746 3901 steph.
761 3841 822 3900 Byz.

86 3940 170 4000 5120.
194 3944 364 4007 oppugnanda]
389 3947 456 3993 Leid.
482 3949 637 4005 espuguuuela
661 3948 688 3993 Ζ.
716 3970 753 3984 -
779 3953 966 4007 exoppugnanda
989 3952 1051 4011 Reg.
1083 3951 1198 4013 (utraque

23 4017 124 4068 lectione
139 4025 289 4084 coniuncta.)
326 4015 386 4072 Cirnr
407 4028 489 4074 exitus
509 4017 642 4076 obsidionis
658 4044 754 4089 semper
770 4030 874 4077 incertus
891 4032 936 4088 sit,
953 4047 1013 4079 sane
1034 4035 1121 4080 rectius
1138 4035 1197 4081 dici·

23 4113 75 4145 mus
92 4106 122 4148 sd
140 4110 318 4165 oppugrmudam
336 4123 409 4168 quarn
432 4111 464 4154 sd
484 4115 663 4169 expugnandum
683 4114 766 4160 urbem
791 4117 884 4162 uenisse
904 4117 1057 4162 Marcellum.

92 4207 102 4267 l
121 4211 174 4258 121.
196 4211 333 4277 apportata]
356 4215 428 4275 (Reg.
447 4213 486 4275 Z.)
513 4219 637 4275 deportata
657 4219 739 4275 Leia,
758 4226 784 4266 nt
795 4221 932 4267 Lambinus.
953 4226 1074 4278 asportata
1092 4224 1196 4268 Erm-

24 4284 126 4335 Honon's
145 4299 166 4340 et
188 4295 294 4357 Virtutis]
310 4296 380 4375 lieg-
402 4298 468 4344 Leid.
490 4299 516 4346 Z.
545 4314 578 4346 ex
605 4303 779 4349 consuetudine
805 4304 902 4349 Latina.
938 4304 1061 4361 Inscriptt.
1083 4319 1114 4348 ιιι.
1137 4306 1191 4348 Lat.
