2850 4759
222 312 403 383 ORdllO
427 314 509 382 PRO
535 314 574 382 ll.
599 312 848 389 DEIOTARO,
876 337 907 383 o.
933 318 981 382 ll.
1131 312 1188 381 343

31 496 70 544 ue
92 475 212 559 potuit
236 487 489 558 peraetateru.
512 476 665 549 indua,
690 475 921 557 Cappadocia,
952 475 1079 563 Ponto,
1109 475 1187 542 Cili-

32 602 67 656 a,
89 581 193 662 Syria
218 579 314 647 bella
336 592 525 659 gesseruut.
565 581 708 647 Senatus
730 601 810 645 rero
834 580 955 645 iudicia
976 579 1017 646 de
1039 579 1095 647 illo
1112 593 1187 648 ‘taur

31 682 104 750 ulta
129 697 282 767 tamque
307 682 489 750 honorifica
498 730 510 768 ,
531 705 615 767 quae
636 683 778 765 publicis
800 682 914 766 populi
937 685 1078 751 Romani
1101 682 1188 750 litte·

31 789 383 872 smouurneutisque
404 787 602 867 consignata
622 801 719 859 sunt,
755 809 839 870 uriae
867 809 1013 869 unquam
1037 799 1186 855 uetustas

31 904 120 959 irruet
148 902 215 958 aut
249 913 339 976 quae
371 903 461 957 tanta
483 889 604 956 delebit
620 890 771 957 obtivioa
813 891 903 982 Quid
920 891 1099 958 devirtute
1116 891 1187 957 eius

31 994 140 1063 leam?
171 994 218 1061 de
244 994 479 1075 magnitudine
499 994 621 1071 anistri,
643 998 827 1080 gravitate,
857 994 1074 1069 constantia?
1103 1016 1188 1078 quae

31 1118 119 1167 iones
142 1098 245 1166 docti
272 1112 374 1182 atque
390 1098 557 1180 sapientes
572 1119 723 1173 summa,
746 1098 878 1180 quidam
895 1099 994 1164 etiam
1012 1096 1085 1166 sola
1100 1100 1189 1166 bona

31 1223 75 1270 sse
95 1201 293 1287 dixerunt,
314 1199 432 1285 hisque
453 1225 521 1268 nnn
543 1200 645 1268 modo
665 1201 705 1269 ad
723 1203 824 1276 bene,
846 1203 903 1270 sed
920 1202 1076 1269 etiamad
1093 1204 1187 1270 beate

31 1304 189 1372 luendum
219 1317 422 1374 contentam
451 1325 526 1372 esse
552 1306 723 1371 uirtutem.
773 1306 864 1372 llaec
893 1305 946 1372 ille
974 1318 1132 1388 reputans
1155 1318 1188 1373 et
1209 1315 1248 1374 38

31 1409 75 1495 ies
95 1422 298 1493 noctesque
316 1409 487 1490 cogitans,
509 1431 577 1475 uon
592 1409 694 1476 modo
711 1411 767 1475 tibi
783 1432 850 1477 non
866 1422 1063 1488 succenset,
1085 1413 1189 1484 (esset

31 1511 93 1578 nim
114 1535 188 1580 uon
217 1511 335 1580 solum
358 1512 531 1592 ingratus,
552 1512 611 1580 sed
631 1524 731 1579 etiam
748 1524 894 1590 anreust,
918 1534 1035 1580 verum
1052 1535 1188 1582 onmem

31 1615 299 1699 tanquillitatem
327 1628 360 1682 et
387 1616 534 1699 quietem
561 1618 745 1685 senectutis
773 1629 948 1700 acceptam
982 1610 1100 1683 refert
1119 1615 1189 1684 cle-

31 1718 154 1786 rentiae
176 1731 279 1786 tuae.

86 1819 181 1889 ΧΠ.
226 1822 310 1913 Quo
332 1820 467 1905 quidem
488 1823 598 1890 animo
620 1844 698 1890 eum
722 1836 819 1891 antea
841 1824 924 1899 fuit,
952 1835 1022 1890 tum
1045 1846 1112 1893 non
1127 1822 1191 1891 du·

31 1921 98 2001 rito,
119 1926 203 2009 quin
229 1928 299 1993 tuis
321 1924 458 2002 litteris,
481 1948 624 2010 quarum
646 1926 838 2010 exemplum
853 1926 937 2015 legi,
958 1949 1039 2011 quas
1055 1928 1095 1996 ad
1111 1950 1188 1996 euru

31 2022 322 2103 larraoonehuie
351 2028 517 2097 Blesamio
546 2027 684 2106 dedisti,
719 2052 756 2098 se
783 2031 889 2112 magis
916 2036 1015 2098 etiarn
1044 2034 1191 2099 erexerit

31 2128 57 2193 rb
75 2134 240 2218 omrrique
263 2132 490 2201 sollieitudine
512 2133 727 2201 abstraxerit.
777 2133 876 2200 tunes
898 2135 984 2201 enirn
1008 2155 1085 2200 eum
1108 2137 1191 2202 berre

31 2252 156 2312 sperarex
171 2250 209 2304 et
231 2238 324 2305 bono
345 2257 420 2305 esse
441 2237 576 2303 animo:
607 2230 695 2319 quod
718 2236 787 2302 seio
815 2249 848 2303 te
870 2260 936 2304 non
957 2240 1085 2303 frustra
1105 2238 1191 2304 scri-

31 2334 94 2402 lere
113 2337 252 2421 solere3
282 2340 417 2408 memini
439 2340 527 2407 enirn
549 2338 666 2409 iisdem
689 2340 762 2405 lere
783 2341 894 2407 verbis
916 2340 958 2407 ad
979 2361 1033 2406 me
1056 2353 1088 2406 te
1108 2342 1191 2406 srri-
1241 2392 1246 2406 a

32 2440 95 2505 lere
115 2462 243 2527 meque
266 2446 332 2512 tuis
348 2440 468 2514 litteris
484 2445 566 2511 bene
580 2464 718 2527 sperare
734 2465 801 2510 non
813 2442 945 2509 ‘frustra
960 2464 1034 2511 esse
1049 2443 1189 2512 iussum.
1275 2449 1279 2454 ’

32 2537 149 2629 laboro
171 2547 331 2632 equidem
353 2548 443 2630 regis
467 2547 613 2615 Deiotari
635 2570 757 2625 eausa,
793 2567 938 2630 quocum
969 2547 1048 2614 milri
1075 2548 1190 2613 amiei-
1212 2540 1251 2607 39.

32 2641 99 2713 tiam
127 2670 183 2718 res
212 2649 349 2735 publiea
374 2649 586 2725 conciliavit,
618 2649 801 2733 ltospitiurn
832 2648 987 2720 voluntas
1015 2650 1191 2732 utriusque

33 2748 218 2831 coniunxit,
242 2754 510 2821 familiaritatem
528 2754 739 2820 consuetudo
762 2751 892 2831 attulit,
920 2775 1087 2821 summam
1109 2771 1191 2820 vero

33 2857 307 2925 necessitudinem
337 2880 458 2940 nragua
485 2859 556 2925 eius
583 2859 689 2925 officia
710 2868 744 2925 et
766 2859 797 2923 in
819 2878 873 2923 me
896 2857 981 2923 etin
1003 2857 1191 2943 exereitum

36 2973 136 3025 meum
160 2963 370 3042 effecerunt3
403 2959 463 3030 sed
492 2983 570 3026 cum
597 2961 639 3027 de
667 2960 724 3028 illo
754 2959 887 3037 laboro,
923 2972 993 3025 tum
1015 2959 1055 3025 de
1077 2958 1192 3026 multis

33 3060 243 3141 amplissimis
266 3067 365 3142 viris,
401 3066 520 3150 quibus
547 3063 652 3131 semel
680 3066 834 3144 ignotum
857 3084 875 3129 a
897 3079 928 3130 te
950 3084 1023 3129 esse
1045 3073 1191 3144 oportet,

34 3178 89 3226 nee
107 3165 307 3237 beneficium
331 3182 427 3236 tirum
449 3171 480 3235 in
503 3168 639 3235 dubium
662 3167 795 3250 vocari,
824 3188 887 3234 neo
907 3167 1045 3233 haerere
1067 3167 1099 3232 iu
1121 3166 1192 3231 ani·

39 3265 287 3340 uistomtnurn
310 3273 567 3341 sollicitudiuem
590 3272 828 3352 sempiternam
859 3293 922 3337 neo
949 3268 1123 3346 accidere,
1155 3280 1194 3334 ut

40 3367 203 3453 quisquam
228 3389 261 3441 te
282 3375 400 3443 timere
421 3375 557 3457 incipiat
577 3395 713 3458 eorum,
736 3375 791 3457 qui
813 3376 881 3443 siut
900 3373 1003 3441 semel
1027 3396 1045 3440 a
1067 3384 1098 3440 te
1114 3371 1193 3441 libe·

43 3472 96 3536 tat‘t
121 3477 258 3546 timore.
311 3478 388 3546 Non
414 3477 538 3554 debeo,
579 3479 787 3554 CsCaesatn
828 3477 917 3561 quod
945 3479 1015 3544 lieri
1045 3477 1133 3546 solet
1161 3479 1192 3544 in
1214 3491 1254 3552 40

45 3576 131 3645 tantis
153 3581 329 3665 periculis,
366 3593 513 3656 tentare,
548 3604 732 3666 errqrionam
763 3581 865 3648 modo
894 3581 1036 3650 dicendo
1065 3583 1194 3650 miseri-

45 3679 179 3752 cordiam
203 3701 293 3754 tuam
316 3708 532 3753 commorere
548 3686 686 3769 possim.
724 3676 814 3754 'uiuit
829 3707 912 3768 opus
928 3699 996 3764 esu
1016 3706 1195 3753 occurrere

46 3795 255 3826 ‘'x-.-

43 3877 46 3884 >
103 3865 169 3928 ssa.
186 3850 313 3938 iocoque]
332 3876 362 3922 u.
380 3879 403 3920 «r
418 3879 493 3921 nonai
511 3860 580 3922 uu.

102 3973 167 4037 589.
185 3989 206 4031 et
223 3986 247 4031 iu
264 3982 309 4047 me]
328 3983 351 4031 b.
369 3986 393 4030 in
411 3998 445 4030 me
463 3985 494 4031 el.
512 3984 541 4030 Ε.
558 4010 591 4021 -
608 3985 654 4029 sint
669 3987 739 4031 semel
754 4000 768 4031 a
786 3982 817 4046 te]
841 3984 887 4031 elb.
906 3987 973 4030 sarad
990 4001 1003 4030 a
1021 3988 1042 4029 te
1059 3987 1104 4030 sint
1121 3984 1151 4033 Ε.

50 4076 254 4111 κ

47 4142 96 4197 ’Μ
110 4151 216 4213 Murano,
240 4175 296 4220 quae
314 4138 442 4212 Sertorius,
469 4172 525 4218 pune
549 4159 656 4203 Lucullus
674 4173 741 4218 quum
759 4163 854 4211 ornate,
881 4172 947 4216 quum
965 4156 1102 4214 honorifice,
1128 4167 1195 4214 quum

51 4233 138 4281 “⁸⁰5²‘'
153 4254 217 4302 saepe
235 4248 259 4290 in
275 4249 353 4293 senatu
368 4244 580 4302 praedicaverunt?
612 4243 671 4296 Quid
694 4242 722 4286 de
747 4240 786 4285 Gn.
805 4241 917 4295 Pompeio
942 4240 1045 4295 toqrrnrl
1072 4238 1112 4296 qui
1128 4247 1195 4278 unum

52 4307 170 4370 Deiotarum
186 4330 209 4374 in
226 4334 275 4376 tolo
292 4329 347 4376 urle
364 4333 478 4375 terrorum
496 4342 525 4374 ea
542 4329 619 4377 attinio
637 4329 735 4373 amicum
754 4337 844 4380 ueraque
863 4322 1007 4372 denariatam,
1025 4335 1091 4365 uuuru
1100 4318 1195 4378 fidelem

53 4401 126 4453 l⁰l²¹⁴l0
141 4407 168 4455 ll¹
185 4412 300 4461 iudicauit.
