2850 4759
305 263 392 341 eno
422 265 465 330 a.
496 262 717 347 cauernis,
747 286 779 333 c.
808 268 848 332 22
869 279 903 334 er
922 269 975 332 er.
1174 251 1257 334 ιον1

51 422 205 490 homines
228 422 261 489 in
283 434 342 490 tuo
363 422 503 505 negotio
527 423 644 492 Latine
665 425 966 506 obliviscerentuu
997 426 1087 509 quod
1110 429 1231 496 inermi
1279 416 1303 451 '³'

49 526 170 590 arrareti
191 523 446 603 iudicarentur3
476 526 585 610 quod,
608 548 687 593 eum
710 526 928 593 interdictum
951 542 1042 597 esset
1064 529 1105 595 de
1127 529 1232 612 pluri·

48 626 127 701 bus,v
164 628 349 693 commissa
379 648 434 695 res
462 629 620 694 essetab
647 651 734 707 nn03
768 649 855 696 unus
883 628 988 695 humo
1017 628 1132 712 plures
1154 652 1231 698 esse

47 728 204 794 homines
226 729 444 794 indicaretur.
485 729 512 791 V
515 750 610 795 eruin
635 731 668 796 in
688 729 742 796 his
758 731 871 798 causis
886 753 955 796 non
970 734 1073 798 verba
1090 734 1230 799 veniunt
1249 751 1288 812 ω

47 831 77 895 in
97 830 286 906 iudicium,
317 829 378 896 sed
407 851 445 896 ea
474 851 548 905 res,
580 833 678 897 cuius
707 853 810 898 eausa
832 832 936 899 verba
956 831 1041 898 haee
1060 832 1104 899 ad
1125 835 1230 900 inter·

48 929 176 996 dictum
198 931 353 998 coniecta
374 944 467 999 sunt.
512 932 603 1013 Vini,
633 952 721 1016 quae
748 932 790 999 ad
821 944 992 1014 caputio
1018 934 1123 1000 vitam
1151 955 1230 1015 per-

50 1032 145 1108 tinet,
171 1033 305 1098 restitui
326 1033 400 1101 sine
421 1032 489 1098 utta
511 1033 712 1116 exceptione
735 1033 936 1112 voluerunt3
956 1054 997 1101 ea
1018 1035 1056 1102 fit
1076 1032 1229 1118 pierum-

48 1153 104 1215 que
125 1153 192 1215 per
213 1128 369 1201 homines
385 1124 523 1202 euectos
539 1146 776 1219 arnratosqne:
798 1137 826 1203 si
842 1134 908 1202 alio
923 1134 1083 1219 consilio,
1106 1137 1228 1205 eudem
1300 1214 1303 1221 X

46 1233 199 1314 periculo
231 1235 323 1301 faeta
353 1237 417 1314 sit,
448 1236 569 1304 eodem
599 1235 672 1302 iure
699 1257 775 1303 esse
802 1235 995 1303 voluerunt.
1038 1239 1117 1305 Non
1138 1228 1228 1305 enirn

46 1338 154 1404 maior
175 1349 228 1404 est
248 1337 390 1416 iniuria,
420 1339 447 1406 si
472 1351 528 1404 tna
550 1337 679 1404 familia
700 1361 802 1421 quam
824 1340 853 1404 si
876 1350 954 1405 tuus
976 1332 1128 1417 villicus,
1147 1362 1237 1433 nun„

45 1440 70 1504 si
92 1440 143 1505 tui
166 1438 257 1506 servi
278 1461 379 1521 quarn
401 1441 430 1507 si
452 1439 552 1506 alieni
574 1462 613 1507 ae
637 1441 856 1516 mercenarii,
883 1463 971 1516 non,
994 1441 1023 1508 si
1047 1454 1126 1508 tuus
1146 1437 1231 1523 pr'o·'

45 1555 184 1608 curator
201 1562 305 1624 quum
333 1541 362 1607 si
384 1542 517 1607 vicinus
538 1555 597 1608 aut
624 1540 767 1610 libertus
790 1553 884 1616 tuus,
919 1564 1006 1621 nori,
1041 1545 1070 1610 si
1095 1543 1225 1610 euaetis

43 1639 238 1708 hominibus
267 1665 367 1725 quarn
396 1645 425 1711 si
451 1642 654 1712 voluntariis
676 1646 857 1710 autetiam
880 1644 1027 1712 assiduis
1048 1646 1092 1710 ae‘
1109 1637 1226 1710 dorne-

44 1745 155 1819 sucis,
176 1767 264 1821 raon,
286 1747 314 1811 si
335 1747 476 1812 armatis
498 1768 597 1828 quarn
620 1747 647 1813 si
670 1747 828 1820 biennis,
850 1747 905 1828 qui
926 1748 994 1812 vim
1010 1740 1241 1813 armatnrnm²
1294 1808 1296 1811 .

44 1842 206 1912 haberent
219 1844 262 1913 ad
276 1846 487 1933 nocendum,
512 1869 597 1925 non,
621 1848 649 1912 si
665 1845 818 1929 phuibus
833 1868 933 1930 quana
950 1848 977 1915 si
988 1850 1062 1914 'nno
1073 1842 1241 1921 ‘'arma·to.·
1272 1836 1286 1863 '⁴

46 1944 176 2032 Quibus
192 1947 281 2011 enirn
298 1949 398 2014 rebus
414 1946 615 2030 plerumque
629 1950 680 2016 vis
698 1949 754 2025 fn,
777 1947 944 2015 eiusmodi
961 1940 1020 2015 eae
1037 1944 1091 2016 res
1106 1942 1223 2039 appel·

44 2043 155 2112 lentur
175 2038 378 2114 interdiu0.‘
414 2050 447 2116 Si
469 2071 531 2131 per
552 2050 634 2117 alias
663 2073 717 2117 res
739 2049 858 2116 eadem
879 2053 970 2115 sacta
991 2052 1044 2117 vis
1065 2056 1155 2128 est,'
1169 2056 1239 2125 ea','

46 2149 175 2219 tametsi
204 2150 317 2215 verbis
344 2150 514 2217 interdicti
543 2175 612 2217 uon
639 2151 872 2227 concluditur,
912 2154 1078 2218 sententia
1109 2145 1223 2227 tamen

45 2249 125 2316 iuris
145 2262 246 2332 atque
267 2253 470 2317 airetnritate
493 2253 671 2317 retinetur.

119 2351 251 2417 xant
296 2353 400 2420 Venio
424 2373 515 2420 nune
536 2352 577 2417 ad
607 2350 692 2417 illud
721 2364 835 2433 tuum,
880 2352 1122 2433 „Nondeieei3
1152 2359 1283 2439 nundi

45 2453 128 2518 enirn
160 2455 223 2520 sivi
254 2444 454 2526 secedere.“
486 2455 612 2532 ¹Puto,
650 2465 683 2521 te
714 2455 846 2536 ipsum,
878 2457 978 2534 Piso,
1008 2446 1221 2543 perspicere,

45 2568 166 2634 quanto
188 2555 253 2622 i'sta
274 2559 320 2623 sit
341 2557 518 2637 angustior
540 2556 753 2640 iniquiorque
775 2555 949 2635 defensio,
993 2578 1093 2640 quarn
1115 2557 1145 2624 si
1165 2553 1224 2624 itta'
1313 2552 1317 2556 ’

44 2670 192 2722 uterere:
223 2657 494 2736 „Nonsnerunt
520 2658 661 2737 annati3
695 2681 774 2724 enin
803 2648 949 2727 fustibus
976 2671 1011 2724 et
1031 2660 1125 2749 saxis
1145 2659 1223 2724 fue·

44 2760 151 2826 runt.“
193 2759 227 2825 Si
249 2757 445 2826 mehercule
467 2757 548 2824 nrihi
570 2782 638 2826 non
659 2763 801 2841 copioso
824 2759 953 2826 homini
974 2759 1018 2826 nd
1039 2759 1238 2852 dicendum'h

46 2861 132 2940 optio
154 2859 272 2935 detur,
316 2872 432 2925 utrtnn
460 2858 575 2926 rnalim
605 2861 807 2949 defendere,
847 2884 915 2927 non
946 2881 1022 2945 esse
1051 2860 1221 2929 deiectum

45 2981 134 3039 eum,
156 2962 213 3028 eni
237 2963 267 3027 ri
290 2974 324 3028 et
345 2964 448 3029 armis
472 2962 674 3042 ingredienti
694 2965 740 3028 sit
754 2983 937 3028 occursum
951 2954 1221 3053 z'anmar‘rulatos

44 3085 108 3129 non
127 3064 235 3130 fuisse
247 3084 334 3142 eos,
357 3066 413 3146 qui
435 3065 508 3130 sine
529 3066 635 3130 scutis
651 3065 791 3145 sineque
805 3063 899 3127 ferro
915 3062 1057 3127 fuerint:
1081 3058 1237 3126 ornnino‘

46 3163 317 3247 adprobandum
340 3179 520 3248 utrumqne
543 3186 614 3231 rem
637 3164 771 3230 rideam
792 3164 961 3229 infirmam
988 3162 1222 3242 nugatorium-

47 3287 103 3345 que
123 3289 218 3346 esse3
250 3267 292 3333 ad
321 3267 502 3354 dicendum
526 3277 640 3332 autem
669 3268 707 3350 in*
724 3264 831 3331 altera
853 3264 970 3329 videar
992 3263 1072 3330 inihi
1095 3262 1221 3344 aliquid

45 3368 187 3448 reperire
207 3391 329 3454 posse,
351 3393 419 3436 nun
441 3370 546 3436 fnisse
565 3379 716 3435 armatos
733 3388 806 3443 eos,
830 3367 885 3449 qni
903 3387 1012 3446 neque
1026 3365 1109 3430 ferri
1124 3365 1221 3446 quid-

47 3489 137 3547 quam
159 3491 269 3553 neque
290 3482 426 3537 sentum
450 3469 558 3535 ullum
582 3469 777 3535 habuerint:
808 3467 863 3533 hie
884 3488 965 3532 vero
986 3466 1165 3540 haeream,
1190 3468 1220 3532 si

47 3569 119 3635 rnihr
141 3571 393 3639 defendendum
414 3573 474 3649 sit,
497 3593 594 3656 enm,
616 3572 673 3655 qni
695 3570 815 3653 pulsus
835 3570 1042 3650 fugatusque
1062 3570 1126 3648 sit,
1151 3589 1220 3634 non
1243 3566 1252 3572 ’

45 3735 267 3752 ᾖ*

106 3851 117 3912 h
141 3854 182 3900 63.
207 3856 240 3899 ad
268 3854 426 3916 interdictum]
451 3856 570 3914 Palimpe.
600 3858 624 3901 ire
642 3857 788 3901 interdictum
810 3855 840 3899 Ο.
890 3854 917 3898 lu
940 3853 992 3898 Ers.
1013 3867 1028 3896 u
1048 3835 1219 3897 secundano-

47 3945 103 3979 mnm
120 3951 191 3983 nunu
208 3939 349 3998 supplethm
369 3941 401 3984 in.
417 3962 452 3975 -
471 3954 499 3982 ue
517 3937 598 3998 ntum]
619 3939 737 3997 Palimps.
759 3939 810 3983 Erf.
828 3942 850 3980 et
866 3937 897 3979 ad
915 3938 986 3991 uitam
1003 3935 1034 3979 Ο.
1055 3961 1090 3972 --
1102 3920 1222 3992 ,ἰηεηηίςῙ

47 4013 102 4061 Οιι.
121 4020 244 4066 uenatum
270 4022 301 4067 0.
325 4022 375 4067 hoe
402 4024 460 4068 loeo
483 4036 537 4068 eum
566 4022 653 4067 ceteris
679 4022 758 4068 cond.
786 4020 859 4065 notin.
879 4047 914 4059 -
932 4026 1076 4065 umentorum
1099 4015 1218 4077 traderent]

47 4094 153 4159 P⁸limpe
170 4104 281 4149 haberent
292 4090 444 4151 'remeaturum
460 4106 491 4151 0.
509 4128 541 4142 -·
558 4108 669 4152 sententia
685 4103 772 4164 tamen]
798 4104 916 4164 Palimps.
932 4102 1136 4160 tumen-sententiar
1153 4100 1184 4144 Ο.

107 4205 176 4267 564.
197 4224 244 4256 auu
267 4213 328 4256 enim
351 4210 406 4272 sini]
433 4212 551 4272 Pulimpe.
571 4213 626 4264 Eri.
647 4214 669 4257 εἰ
686 4226 733 4258 riou
755 4212 801 4256 sini
819 4212 850 4257 0.
871 4235 906 4248 -
925 4207 1028 4270 utraeque]
1051 4204 1168 4264 Palimps·
1189 4217 1218 4247 ac

49 4287 89 4332 stne
107 4291 137 4338 0.
