2850 4759
1304 200 1316 227 Ι

100 280 102 285 ’
202 278 262 351 aas
490 342 494 347 ,
659 252 892 349 creaturus

203 438 402 509 Saturninus
417 435 619 522 Capitolium
641 448 770 507 teneret
783 449 950 526 armatus,
970 451 1061 506 esset
1073 457 1141 507 una
1155 438 1194 508 C.
1208 437 1354 521 Gauda,

205 544 244 613 0.
266 542 438 622 Saufeius,
458 541 558 613 ctiam
578 539 634 609 ille
655 562 698 610 ex
719 541 936 626 compedibus
957 553 1057 626 atque
1070 542 1242 625 ergastulo
1256 546 1354 612 Grac·

205 648 308 727 choas
327 647 448 719 addam
462 647 632 730 (quoniam
646 646 693 713 ita
708 647 773 724 vis)
788 645 905 713 eodcrn
923 646 968 739 Q.
984 647 1184 735 Labienum,
1204 660 1355 731 patruum

94 764 98 771 “
204 765 316 821 tuum:
337 752 371 819 in
392 751 471 821 foro,
489 762 602 819 autcnr
623 750 662 817 0.
684 750 815 819 Marius
835 762 871 825 ct
889 750 927 821 L.
941 749 1091 821 Valerius
1106 750 1263 840 Flaccus,
1283 774 1356 821 cou-
1412 758 1413 761 ’

205 855 314 934 aulea,
334 867 413 938 post
431 866 573 925 cunctus
588 863 750 931 senatus,
771 865 871 937 atquc
890 850 946 921 ille
966 866 1121 935 senatus,
1143 877 1243 940 quern
1264 857 1355 925 stiam
1412 916 1413 919 ,

205 982 269 1049 vos
288 960 368 1043 ipsi,
390 960 445 1044 qui
465 957 528 1029 hos
548 970 667 1042 patres,
681 958 910 1041 conscriptos,
931 958 1096 1042 quinunc
1115 967 1211 1039 sunt,
1233 959 1266 1027 in
1280 961 1367 1041 invi<

206 1063 295 1133 diarn
316 1065 464 1142 vocatis,
485 1084 551 1145 quo
572 1058 704 1131 facilius
727 1057 768 1128 dc
788 1058 854 1130 hoo
873 1073 993 1129 senatu
1014 1061 1192 1129 detrahere
1211 1064 1358 1147 possitis,

205 1166 344 1236 laudare
364 1165 603 1237 consuevistis:
623 1185 700 1232 oum
717 1154 988 1248 eqrresterord03
1006 1177 1201 1248 aequorum
1214 1168 1356 1251 equitum

206 1273 451 1350 Rornanorum,
471 1267 517 1337 dii
536 1267 761 1337 immortales!
790 1281 924 1352 patrum
944 1281 1141 1337 nostrorum
1168 1281 1273 1354 atque
1295 1272 1358 1337 eius

208 1378 341 1454 aetatis,
356 1380 479 1460 †tluae
494 1385 565 1445 turn
580 1392 737 1456 inagnum
751 1384 882 1463 partem
897 1374 945 1442 rei
955 1371 1106 1458 publicae
1117 1384 1358 1456 atqueornnem
1412 1452 1413 1455 Ἴ

209 1477 405 1561 dignitatem
425 1478 627 1547 iudiciorum
649 1478 796 1547 tenebat:
818 1498 896 1545 cum
911 1498 1029 1547 omnes
1043 1478 1196 1550 omniurn
1210 1479 1359 1547 ordinum
1412 1478 1413 1525 ἲ

208 1581 376 1664 homines,
403 1584 457 1666 qui
477 1582 512 1651 in
531 1582 640 1653 salute
660 1583 709 1650 rei
729 1580 881 1666 publicae
901 1578 1045 1665 salutern
1065 1601 1163 1649 suam
1184 1583 1359 1665 repositam
1412 1604 1413 1673 ἦ

209 1707 284 1755 essa
304 1687 568 1765 arbitrabantur,
590 1706 684 1753 arma
705 1686 886 1768 cepissent:
915 1682 993 1769 quid
1015 1681 1149 1751 tandem
1170 1684 1211 1751 C.
1234 1685 1359 1753 Rabirio
1412 1710 1413 1749 5

149 1796 188 1861 21
209 1790 400 1858 faciendum
420 1788 510 1857 fuiti
531 1789 580 1858 De
601 1789 746 1875 teipso,
769 1788 923 1873 inquam,
944 1787 1102 1868 Labiene,
1124 1809 1270 1871 quaero:
1289 1810 1360 1856 cum

210 1892 251 1961 ad
273 1914 367 1960 arma
386 1891 542 1991 eonsules
564 1913 607 1960 ex
627 1903 763 1960 senatus
785 1889 940 1978 consulto
962 1891 1193 1972 vocavissent;
1215 1914 1296 1961 cunr
1314 1915 1361 1959 ar·

211 2008 320 2087 matus
334 1996 384 2064 M.
400 1995 579 2074 Aemilius,
599 1996 755 2079 princeps
769 2007 922 2075 senatus,
944 1997 976 2062 in
992 1995 1129 2063 comitio
1144 1998 1361 2076 constitissem

210 2100 293 2182 qtri,
316 2120 394 2169 curn
410 2099 544 2185 ingredi
563 2098 622 2166 vix
640 2111 774 2185 posset,
802 2121 869 2167 non
890 2098 932 2166 ad
953 2098 1195 2183 insequendum
1217 2099 1281 2167 sibi
1298 2094 1360 2167 tar·
1411 2096 1413 2159 l

211 2204 348 2272 ditatern
369 2205 514 2288 pedum,
549 2203 608 2272 scd
629 2203 671 2271 ad
699 2204 895 2286 fugiendum
916 2202 1157 2293 impedimento
1178 2202 1254 2271 fore
1272 2217 1362 2288 puta·

211 2308 286 2388 bat3
315 2328 391 2376 curn
414 2307 555 2392 denique
577 2308 620 2400 Q.
643 2305 824 2388 Scaevola,
855 2306 1030 2375 confectus
1051 2318 1245 2387 senectute,
1272 2327 1362 2391 prae·
1411 2356 1412 2391 ,

211 2413 342 2496 peditus
364 2413 499 2490 morbo,
534 2433 673 2481 mancus
700 2424 735 2478 et
755 2411 913 2479 membris
940 2411 1093 2479 omnibus
1115 2419 1234 2493 eaptus
1255 2432 1295 2478 ae
1316 2410 1362 2475 de
1411 2430 1412 2497 3

211 2514 304 2593 bilis,
337 2513 446 2582 hastili
475 2515 575 2582 nixus
606 2526 639 2581 et
669 2517 770 2581 arrirni
799 2515 868 2582 vim
899 2524 932 2580 et
959 2513 1189 2605 infirmitatem
1216 2512 1362 2596 corporis
1410 2522 1413 2650 1

213 2615 423 2697 ostenderet,
443 2639 520 2685 cum
535 2617 570 2684 L.
583 2615 758 2702 Metellus,
781 2616 850 2689 Ser.
863 2616 986 2697 Galba,
1010 2618 1046 2689 G.
1058 2616 1240 2695 Serranus,
1255 2617 1293 2684 P.
1305 2619 1363 2685 Ru·

214 2717 325 2797 tilius,
356 2719 392 2791 C.
419 2719 579 2799 Fimbria,
618 2721 662 2813 Q.
687 2719 827 2789 Catulus
856 2742 1056 2806 omnesque,
1091 2722 1145 2804 qui
1176 2731 1363 2789 tumerent
1409 2714 1411 2789 l

212 2821 408 2901 corrsularcs
428 2846 491 2907 pro
512 2823 620 2893 salute
640 2826 812 2892 communi
834 2826 927 2893 arina
948 2826 1133 2908 cepissent,
1153 2846 1231 2894 curn
1253 2845 1362 2896 ornnes

213 3103 329 3145 mentum:
346 3111 410 3157 quem
421 3098 489 3143 etiarn
501 3112 542 3143 noa
553 3100 599 3157 tpu'
612 3100 760 3154 laudatis,
777 3101 965 3160 qao-pounb,
981 3103 1107 3148 tardare
1122 3102 1363 3148 consuevistis.-

142 3216 147 3221 .
213 3185 311 3244 equitum
327 3181 494 3244 Romanorum]
513 3183 605 3230 Firmat
621 3183 703 3231 Ambr.
721 3185 779 3232 Era.
797 3183 886 3231 delevit
902 3199 926 3231 r.
943 3186 1100 3231 Rornanorum
1117 3200 1170 3233 cum
1186 3185 1234 3232 Ed.
1256 3186 1363 3232 Ι480.-·
1409 3162 1410 3177 ¹

210 3271 304 3325 patrum
320 3270 451 3321 nostrorum
468 3271 534 3326 utque
556 3271 604 3313 airu
625 3273 722 3324 aetatis,
747 3269 964 3333 quac-donabat]
990 3270 1126 3317 Admodum
1147 3270 1299 3319 inconcinna.
1311 3270 1362 3316 baec

214 3366 265 3398 csse
281 3350 355 3414 sensit
370 3349 499 3399 Lambinus
515 3365 654 3411 proponens
671 3355 711 3412 qui
720 3355 871 3417 -qtencbnnt
905 3355 951 3400 Sed
974 3338 1110 3403 edamnnuc
1132 3357 1180 3416 leg.
1203 3369 1305 3403 censeo:
1330 3352 1362 3412 μ’

213 3437 289 3498 (ordo
311 3433 432 3496 equester)
455 3434 550 3480 tenebat.
583 3436 646 3482 Nam
669 3441 743 3490 netur,
773 3451 937 3502 quaecumque
958 3441 1055 3486 taudem
1080 3446 1269 3499 srt‚1magnan
1282 3442 1362 3497 parit·
1408 3494 1409 3497 Ἴ

214 3523 273 3578 reip.
289 3524 363 3569 unere
379 3533 429 3566 nou
446 3522 542 3577 potesta
557 3523 650 3575 patrum
666 3525 796 3567 suanorum
813 3528 894 3570 autem
910 3528 933 3568 et
945 3525 992 3568 eius
1004 3526 1085 3569 aetatis
1096 3524 1215 3585 significat
1226 3540 1271 3573 eos
1282 3536 1362 3577 onina,

194 3605 256 3666 ⁴qui
280 3604 365 3665 paullo
388 3602 493 3651 maiorer
517 3605 555 3651 rel
578 3602 682 3650 minores
703 3609 762 3649 natu
785 3606 893 3663 patribus
914 3605 1002 3652 nostris
1019 3605 1115 3652 fuerunt
1132 3607 1249 3669 simulque
1266 3621 1319 3653 cunr
1332 3601 1362 3650 bia

216 3689 335 3737 aixerunt.

282 3796 351 3858 tat.
374 3795 527 3859 mensurant]
551 3801 680 3843 armassent
701 3798 750 3857 leg.
774 3811 825 3844 ease
848 3798 872 3844 in
894 3799 1029 3855 Addendis‚
1055 3814 1118 3861 quae
1136 3814 1257 3862 nunquam
1275 3795 1362 3860 prodie-
1407 3814 1408 3817 ’

132 3900 141 3908 ·
216 3889 285 3935 runt,
302 3896 327 3929 se
344 3883 559 3929 demonstraturum
576 3895 627 3928 saas
644 3881 702 3928 dicit
719 3881 806 3928 Garat.
823 3883 855 3927 ad
872 3882 995 3931 Sestianae
1012 3898 1033 3930 c.
1048 3884 1088 3940 ta,
1103 3883 1145 3930 44.
1179 3885 1225 3931 Sed
1242 3884 1277 3931 ibi
1294 3880 1362 3930 cntt.

216 3969 247 4013 od
262 3982 328 4013 mano
344 3972 453 4013 voment
467 3973 492 4015 st
508 3969 538 4015 da
554 3967 625 4014 Orat.
643 3965 698 4029 m
716 3967 771 4013 133.
789 3981 839 4012 cum
855 3982 885 4013 aa
901 3969 923 4014 S.
938 3969 962 4015 C.
974 3970 1005 4014 nd
1016 3983 1081 4014 arran
1094 3970 1285 4014 cocunea-M.
1294 3966 1363 4014 Acar·

217 4051 272 4114 tius]
292 4053 347 4098 Ocra
368 4053 470 4099 bibones
492 4055 527 4111 pt.
545 4054 678 4099 Suturnmas
698 4057 723 4097 at
736 4056 832 4108 praetor
850 4051 947 4097 Glaucia
964 4058 987 4098 et
1003 4053 1108 4112 Epuitiur
1124 4053 1257 4111 designatio
1273 4036 1362 4098 aum
1406 4100 1407 4113 χ

213 4138 249 4194 pt.
267 4137 380 4183 maximos
402 4139 428 4182 aa
450 4137 540 4182 ciuitate
561 4141 641 4183 nostro
660 4138 796 4183 seditionum
813 4140 886 4180 motus
902 4139 1039 4182 eacumsmt
1053 4148 1093 4182 nec
1109 4139 1228 4195 qumquam
1245 4152 1270 4183 sa
1285 4135 1361 4195 populu

216 4224 330 4266 consumo
352 4225 488 4280 opponeret,
515 4216 617 4280 primicii
635 4222 669 4267 M.
691 4221 805 4265 Aemilius
828 4220 923 4266 &aaran
948 4221 973 4266 C.
997 4222 1098 4266 Mariam
1121 4223 1265 4267 comulatam
1284 4223 1361 4267 aesia

216 4310 329 4362 gerarum
344 4307 447 4353 bormias
463 4310 508 4358 cat,
533 4309 558 4349 ut
573 4304 698 4349 libertatem
716 4305 817 4362 legesque
834 4315 901 4347 maara
917 4301 1058 4360 defenderet,
1078 4304 1229 4362 protinusque
1246 4317 1311 4349 arrae
1324 4298 1361 4345 rili

179 4446 185 4459 ,
218 4388 299 4446 affin-ri
323 4391 416 4457 ainait.x
439 4389 523 4443 Quibus
543 4390 621 4435 attam
646 4388 726 4434 alliam
757 4390 906 4432 senectute
928 4385 1099 4444 confectum
1120 4391 1143 4432 ct
1160 4400 1234 4445 paena
1258 4389 1361 4443 dilapsam
