2850 4759
268 263 437 357 cuano
458 235 577 356 nin
596 281 869 371 ceruinam,
898 311 930 358 ο.
947 292 980 355 r.
1149 292 1209 360 uo

50 462 281 534 nequetunren
297 462 554 533 permoventur.
597 450 721 533 Video,
749 452 804 518 cui
819 451 870 520 -sit
889 447 1013 535 Apulia
1029 451 1205 548 attributa,
1227 453 1249 518 6

49 557 114 637 quis
134 553 255 622 habeat
275 554 470 632 Etruriam,
492 555 566 638 quis
588 575 706 635 agrum
726 555 906 631 Picenum,
927 557 1001 637 quis
1022 554 1207 639 Gallicum,

47 659 113 740 quis
134 658 196 726 sibi
217 656 278 724 has
299 658 445 725 urbanas
473 656 612 725 insidias
634 656 748 726 caedis
774 671 874 742 atque
894 658 1127 727 incendiorum
1149 659 1209 727 dc-

47 762 246 843 poposcerit.
284 759 410 841 ¹Omnia
436 752 619 843 superioris
647 762 758 832 noctis
779 761 920 829 consilia
940 761 982 829 ad
1004 784 1057 830 me
1079 760 1210 846 perlata

48 885 115 945 esse
135 865 304 943 sentiunt,
330 865 474 946 patefeci
495 865 528 930 in
549 876 667 932 senatu
689 865 849 934 hesterno
871 866 943 943 die3
974 865 1116 933 Catilina
1137 868 1209 949 ipse

46 968 232 1051 pertimuit,¹
248 967 421 1050 profugit:
445 966 478 1034 hi
499 957 579 1051 quid
599 969 825 1050 exspectant?
846 970 918 1037 Nae
931 969 978 1036 illi
993 969 1209 1038 vehementer

48 1082 171 1147 errant,
194 1071 223 1138 si
244 1069 336 1152 illam
358 1092 468 1140 meam
482 1072 661 1153 pristinam
674 1070 844 1141 lenitatem
859 1068 1057 1157 perpetuam
1072 1086 1211 1158 sperant

47 1171 228 1240 futuram..
266 1179 274 1186 '
363 1225 366 1232 .
481 1245 485 1251 ,
968 1197 970 1201 ·

52 1337 56 1361 ἔ
116 1278 182 1340 Ν.
212 1261 328 1368 'Quod
344 1278 556 1359 exspectavi,
579 1281 643 1347 iarn
658 1301 733 1347 snm
747 1290 942 1357 assecutus.
963 1292 1001 1356 ut
1014 1300 1076 1347 vos
1092 1298 1209 1347 omnes

48 1377 165 1445 lectam
189 1400 265 1447 esse
287 1394 403 1464 aperte
424 1384 691 1452 coniurationem
713 1395 833 1451 contra
849 1405 921 1450 rem
937 1381 1103 1465 publicam
1118 1379 1211 1448 vide·

49 1483 143 1566 retis..
160 1482 247 1550 lesi
268 1503 350 1551 vero
372 1484 399 1552 si
421 1486 495 1568 quis
518 1498 589 1567 est,
612 1488 669 1570 qui
690 1485 852 1567 Catilinae
872 1486 998 1556 similes
1020 1507 1098 1553 cum
1116 1485 1211 1551 Cati-

48 1580 109 1654 lina
135 1587 261 1653 sentire
288 1610 355 1664 non
376 1601 490 1671 putet.
532 1591 610 1658 Nou
631 1601 683 1658 est
703 1590 770 1660 iam
790 1589 918 1656 lenitati
931 1587 1051 1656 locus:
1085 1586 1212 1661 severi-

52 1697 145 1755 tatem
167 1711 224 1756 res
244 1691 318 1772 ipsa
338 1690 476 1772 flagitat.
508 1696 619 1760 Unum
634 1693 736 1760 etiam
751 1715 841 1784 nunc
856 1691 1053 1760 concedam:
1074 1701 1211 1768 exeant,
1226 1687 1238 1752 ’.

51 1792 321 1874 proficiscantur,
343 1816 385 1860 ne
405 1798 574 1879 patiantur
596 1787 761 1874 desiderio
783 1783 1026 1888 suiCatilinaln
1049 1796 1212 1862 miserum

53 1894 229 1964 tabescere.
271 1898 518 1968 Demonstrabo
540 1903 620 1969 iter:
649 1889 787 1974 Aurelia
806 1902 861 1994 oia
882 1894 1140 1983 prolectusest.
1178 1894 1211 1961 Si

53 1999 236 2066 accelerare
255 2000 385 2082 volent,
407 2004 451 2070 ad
465 2026 642 2087 vesperam
657 1994 918 2088 consequentur.
959 2003 989 2070 Ο
1005 2002 1212 2068 fortunatam
1235 2005 1256 2069 7

52 2102 324 2186 rempublicam,
348 2108 376 2174 si
398 2108 532 2190 quidem
554 2108 639 2175 hanc
660 2111 826 2176 sentinam
840 2106 938 2173 huius
953 2106 1044 2172 urbis
1060 2099 1211 2169 eiecerit!

53 2204 118 2278 Uno
145 2206 342 2298 melrercule
370 2210 510 2286 Catilina
536 2211 702 2280 exhausto
732 2209 881 2277 relevata
903 2207 983 2276 mihi
1006 2218 1213 2274 et-recreata

54 2328 100 2376 res
122 2311 258 2393 publica
283 2311 429 2379 videtur.
474 2313 565 2404 Quid
595 2316 683 2381 enirn
716 2313 795 2382 mali
817 2326 875 2379 ant
895 2311 1031 2379 sceleris
1053 2311 1132 2391 lingi
1147 2320 1214 2373 aut

55 2415 186 2493 cogitari
215 2426 344 2497 potest,
378 2415 468 2500 quod
494 2412 563 2485 rron
590 2416 645 2483 ille
672 2416 894 2500 conceperim
929 2416 1001 2498 quis
1025 2426 1096 2481 tota
1117 2410 1215 2477 ltalia

54 2517 237 2596 veneticu5‚
260 2521 334 2602 quis
355 2519 539 2602 gladiatur,
560 2522 635 2604 quis
656 2525 759 2600 latro,
780 2523 853 2604 quis
868 2520 1027 2596 sicarius,
1050 2510 1122 2600 quis
1137 2537 1213 2599 pari

19 2665 20 2670 η
55 2617 169 2695 nitida,
199 2622 274 2704 quis
298 2634 577 2691 testamentorum
600 2619 788 2711 subiector⁷
823 2625 896 2707 quis
918 2622 1214 2708 circumscriptor,

57 2722 121 2803 quis
139 2746 270 2804 ganeo,
293 2727 371 2810 quis.
388 2748 511 2811 tropos,
538 2731 614 2811 quis
637 2727 797 2807 adulter‚·
814 2737 898 2810 quac
921 2726 1040 2791 mulier
1061 2726 1214 2804 infamis,

57 2826 120 2910 quis
141 2840 325 2914 corruptor
346 2830 546 2907 iuventutis,
574 2833 646 2914 quis
669 2844 870 2913 corruptus,
899 2832 970 2913 quis
992 2824 1215 2912 perditus-in-

57 2930 315 3016 reniripotest,
330 2933 441 3013 quise
457 2955 541 2999 cum
564 2933 703 3001 Catilina
724 2958 790 3001 non
811 2932 1068 2999 familiarissime
1090 2933 1215 2997 vixisse

57 3029 220 3101 sanarunt>
256 3057 340 3115 quae
367 3036 486 3103 caedes
515 3059 575 3119 per
603 3035 707 3115 hosce
730 3023 835 3114 annos
856 3038 926 3102 sine
947 3035 1003 3100 illo
1025 3038 1115 3134 facta
1136 3033 1216 3100 esre>

59 3152 243 3168 —————-

77 3255 81 3274 ι
115 3232 127 3294 l
143 3236 217 3280 unt
232 3229 333 3296 Aprum]
350 3234 405 3278 ΤΒ.
421 3234 511 3291 Apulia
526 3235 558 3278 n't
573 3233 631 3278 Em.
644 3259 678 3271 -
694 3230 755 3292 quio]
773 3238 859 3294 quater
875 3233 927 3277 TR.
945 3233 985 3290 put
1000 3225 1059 3276 Ero.
1072 3256 1103 3267 -·
1114 3228 1216 3291 ptrlota]

58 3311 102 3361 ΤΗ.
119 3318 193 3363 delata
210 3318 269 3363 Ern.
288 3319 398 3380 (sentiunt
413 3320 444 3364 ud
460 3332 496 3362 me
512 3332 559 3362 esre
575 3315 650 3364 deletu
664 3317 708 3375 1².)
733 3319 808 3363 deleta
831 3317 926 3363 defendi
949 3322 1029 3376 potest
1047 3331 1080 3362 ex
1098 3317 1168 3364 Orat.
1186 3316 1217 3368 3,

58 3396 83 3454 3,
98 3400 121 3446 7.
147 3418 186 3456 ea,
213 3418 270 3463 puae
293 3408 359 3448 erant
379 3404 410 3448 ud
432 3381 468 3453 me
491 3405 574 3451 rlelula.
591 3427 625 3444 ι-
641 3405 745 3450 besterna
763 3403 792 3447 ll.
813 3402 874 3461 (non
892 3399 932 3461 T.)
951 3426 986 3437 -
1001 3405 1127 3459 pristinum
1143 3415 1218 3446 neom

59 3479 83 3527 P·
99 3498 143 3532 om.
161 3501 234 3532 meum
252 3486 362 3548 R.'(non
380 3486 421 3549 Τ.)
438 3512 470 3525 -
484 3492 597 3534 assecutus
613 3502 662 3536 sum
680 3487 708 3533 P.
725 3512 759 3523 -
770 3488 816 3531 nisi
832 3501 887 3531 uero
905 3484 952 3550 [ai]
972 3487 1081 3546 Madvig.
1097 3485 1162 3532 coni.
1181 3509 1216 3519 -

60 3580 98 3614 non
110 3578 201 3628 putetur
220 3575 250 3619 P.
268 3574 381 3634 deceptus
399 3590 414 3621 a
432 3575 525 3620 termin.
542 3577 635 3620 similis
652 3575 725 3620 TRI'.
737 3597 770 3610 -
782 3576 949 3628 demonstratur
967 3574 1001 3616 ire
1018 3572 1140 3615 Aureliam
1154 3571 1218 3615 oium
1304 3561 1305 3564 ¹

60 3650 131 3697 lb·
147 3661 227 3703 uolunt
243 3660 273 3704 R.
292 3658 353 3720 (non
371 3658 413 3720 Τ.)
463 3677 465 3682 ·
1201 3657 1203 3661 ’

118 3741 169 3825 Π.
187 3766 304 3832 eogitari]
323 3768 397 3813 TRP.
415 3770 546 3826 excogitari
563 3768 621 3814 Em.
638 3792 671 3805 ·-
688 3770 793 3825 concepit
808 3767 838 3813 P.
856 3768 910 3813 Om.
929 3782 968 3814 rr.
986 3767 1037 3825 quis
1055 3765 1171 3832 ueposR.
1184 3788 1218 3803 -

61 3846 100 3889 ntra·
112 3863 154 3905 per
171 3854 242 3918 illumt
256 3852 285 3904 P.
304 3851 365 3912 (non
378 3850 445 3912 ΤΗ.)
486 3902 487 3905 ¹
611 3913 614 3918 Ι

66 3948 247 3968 -........
431 3954 434 3959 .

123 4030 174 4091 lb.
193 4032 297 4093 Apulia]
324 4034 356 4084 G.
373 4036 481 4079 Mallium
503 4035 623 4086 Faesulas,
650 4034 783 4090 Septimium
805 4035 915 4090 quendam
942 4029 1066 4083 Camertem
1090 4034 1114 4075 in
1136 4041 1218 4086 ugrum

67 4110 181 4174 Picenum,
202 4117 226 4163 C..
244 4118 331 4163 Iulium
348 4121 373 4166 lu
389 4121 500 4176 Apuliam
518 4121 612 4164 atrurn.
630 4119 678 4163 Sal.
697 4132 718 4163 c.
732 4119 773 4164 27.
793 4141 824 4155 —·
842 4120 915 4163 cladis
932 4118 1051 4176 Cethegus
1069 4123 1093 4162 et
1110 4116 1165 4167 alii}
1183 4116 1218 4157 in·

66 4200 185 4245 tenuiorum
202 4200 318 4249 Gabinius
336 4210 360 4248 et
373 4203 491 4256 Statilius.
510 4209 609 4248 auctore
623 4201 727 4246 Salustio
746 4216 766 4246 r.
785 4202 966 4260 43.-perlatu
985 4200 1041 4260 esse]
1060 4214 1103 4259 per
1121 4197 1219 4242 Curium

67 4283 87 4343 tl
102 4273 215 4338 Fuluium.
233 4289 280 4333 Sel.
300 4301 321 4335 c.
339 4289 380 4332 28.
399 4290 508 4343 Superior
525 4300 579 4332 nox
591 4286 615 4333 lr.
628 4288 645 4329 l.
662 4288 759 4340 eadem,
778 4301 840 4346 quae
858 4287 931 4332 eliam
948 4286 971 4330 in
984 4284 1108 4329 Orationis
1126 4281 1219 4340 primae

29 4349 31 4354 Ι
67 4357 105 4418 ll·
121 4374 222 4424 superior
239 4378 263 4418 el
281 4370 325 4431 §tt
340 4374 410 4428 prior
428 4371 527 4425 elicitum
545 4371 591 4415 boc
609 4370 703 4430 quidem
718 4371 775 4416 loco
787 4371 845 4415 salis
857 4370 998 4429 improprie.
1011 4394 1043 4403 -
1056 4366 1151 4409 Aurelio
1168 4362 1219 4407 o'r‘al

871 4475 907 4532 lt
