2850 4759
303 272 472 345 ORATIO
496 270 582 341 PRO
604 270 646 340 C.
668 269 872 347 ennato,
901 291 933 341 c.
959 272 988 337 l.
1182 272 1239 336 133

74 448 175 505 tamen
187 432 295 501 iu'bao
307 431 505 501 defensione
520 432 640 514 capitis
657 431 768 498 fernae
783 433 1069 514 fortunarumque
1084 433 1237 503 omniurn

71 538 103 609 b.
117 536 238 605 Rabirii
253 534 476 617 proponenda
490 535 579 601 ratio
594 532 728 603 videtur
744 556 819 602 csse
835 536 932 603 officii
948 536 1034 613 nrci,
1056 548 1238 617 propterca
1271 574 1274 585 »

69 657 253 673 κ

69 720 191 777 carnificem
216 720 245 763 de
261 716 338 776 foro,
365 730 454 761 crucem
478 716 506 760 da
529 728 611 771 campo
630 717 755 762 sustulisse.
799 715 885 776 Neque
903 715 927 761 in
945 715 1011 761 omni
1029 714 1182 769 detensione,
1208 731 1238 771 ac

70 802 191 864 praecipue
216 793 312 863 quidem
330 779 353 847 in
373 798 537 860 perorationis
557 805 641 857 parte,
672 812 745 859 quarn
771 798 944 845 Vaticanenses
970 799 1074 844 schedae
1098 807 1238 853 servarunt,

69 888 95 931 de
110 901 205 933 carcere
221 893 246 932 et
266 887 296 932 de
314 898 399 942 cruce,
416 883 458 931 scd
476 883 508 928 de
524 879 605 927 exilio
626 881 675 933 rei,
692 882 712 928 si
730 865 920 938 condenalretur,
945 882 1047 942 cogitat
1084 884 1166 936 Quare
1182 898 1238 942 per·

69 983 154 1017 ssasaas
177 969 273 1023 babeo,
290 968 349 1016 licet
372 965 523 1016 contrarium
545 966 628 1011 tradat
655 963 721 1017 llio,
748 963 833 1010 iecisse
857 964 988 1010 Labienum
1010 966 1087 1021 idem,
1114 969 1181 1027 quod
1205 969 1238 1013 ab

68 1052 240 1111 accusatoribus
258 1052 288 1098 Ρ.
303 1050 398 1108 Clodii,
416 1050 459 1111 qui
476 1050 578 1096 classem
597 1047 684 1107 populi
700 1047 806 1093 Romani
823 1049 855 1092 ad
866 1046 983 1106 Drepana
1001 1050 1129 1107 amiserat,
1146 1051 1238 1097 factum

69 1147 112 1178 casa
132 1132 251 1191 interpres
279 1131 405 1178 Ciceronis
424 1133 456 1175 ad
477 1130 617 1177 orationem
637 1131 661 1176 in
686 1129 800 1176 Clodium
826 1137 851 1176 et
874 1130 1006 1176 Curionem
1029 1135 1102 1178 docet
1128 1132 1168 1193 (v.
1186 1131 1238 1191 4.),

68 1214 147 1261 indicio
166 1216 238 1262 valde
255 1213 408 1261 memorabili
426 1221 451 1260 et
470 1215 536 1275 quod
555 1228 604 1259 rem
623 1213 684 1258 clari
699 1212 809 1271 exempli
826 1214 902 1259 multo
917 1216 1054 1261 accuratius
1074 1229 1146 1276 quarn
1163 1215 1237 1260 ceteri

69 1305 164 1345 aeterum
184 1307 315 1344 auctorum
335 1296 384 1343 loci
405 1297 518 1343 illustrat.
566 1296 629 1343 Nam
651 1296 757 1342 Pullium
778 1296 821 1356 (Ρ.
841 1296 939 1342 Villium
960 1297 1071 1358 suspicor
1087 1297 1237 1344 scribendum

67 1380 122 1441 erae)
135 1389 159 1428 et
178 1381 346 1438 Fundanium,
363 1380 475 1428 uibunos
491 1381 542 1440 pb,
560 1380 635 1427 tradit
650 1380 717 1426 dicta
732 1379 773 1426 die
790 1380 981 1438 perduellionis,
998 1395 1052 1428 cam
1067 1380 1139 1429 imber
1160 1381 1237 1429 caai-

68 1464 97 1510 tia
117 1465 266 1521 diremisset,
283 1471 373 1523 postea
397 1464 427 1509 P.
450 1462 542 1511 Clodio
558 1465 659 1510 multam
675 1462 800 1523 irrogasse
818 1461 894 1509 CXX.
917 1463 1008 1511 milium
1029 1464 1108 1517 aerias
1136 1478 1187 1525 quo
1201 1463 1238 1511 iu·

67 1547 123 1595 dicio
137 1562 153 1594 a
169 1550 266 1609 populo
284 1550 413 1595 damnatus
430 1553 474 1593 eat.
511 1546 600 1593 Verum
624 1547 672 1592 lsoc
693 1546 729 1592 ita
747 1545 861 1605 disputo,
878 1552 904 1591 ut
922 1547 1018 1592 minime
1038 1546 1143 1593 dubitem
1163 1547 1238 1591 Rabi-

67 1630 118 1675 rium
136 1634 166 1677 ad
187 1633 310 1691 populum
336 1645 499 1690 provocasset
518 1631 561 1676 lex
582 1629 645 1676 enim
664 1629 765 1675 iubebat
789 1628 885 1688 (Livius
903 1629 923 1675 l.
945 1645 967 1676 c.
988 1628 1055 1689 26.):
1074 1633 1115 1677 sed
1135 1646 1169 1676 ex
1194 1630 1237 1675 illa
1288 1664 1291 1667 .

68 1713 176 1761 Ciceronis
199 1715 351 1775 gloriatione
373 1721 398 1763 et
420 1712 510 1759 tribuni
534 1714 634 1774 querela
658 1713 767 1772 colligo,
793 1712 898 1758 consulis
918 1719 1063 1774 senatusque
1088 1704 1237 1760 auctoritate

67 1794 172 1843 abolitum
200 1797 288 1852 tuisse,
314 1799 382 1859 quod
405 1797 525 1846 duumviri
552 1804 639 1844 contra
671 1800 750 1858 legem
780 1813 796 1845 a
822 1804 940 1858 praetore
971 1800 1023 1845 dati
1055 1784 1237 1854 iudicaverants

66 1878 130 1925 iratao
145 1883 300 1939 praeclarum
320 1881 382 1927 illud
401 1883 430 1935 0.
451 1878 546 1931 Metelli
564 1881 658 1933 lacluas
675 1884 707 1928 ad
727 1883 843 1929 iudicium
861 1878 892 1928 de
912 1884 988 1950 prulta
1011 1885 1162 1931 referendum
1182 1899 1237 1931 ease

67 1964 153 2011 omniuo
170 1964 320 2020 arbitrarer,
337 1963 383 2010 sisi
400 1965 539 2013 absolutum
557 1981 610 2012 esse
626 1965 754 2017 Rabirium
770 1966 859 2027 populi
876 1966 997 2027 suffragiis
1015 1967 1143 2015 Suetonius
1163 1966 1236 2027 signi⁴
1272 1993 1275 2003 =

67 2047 151 2101 ficeret,
167 2053 339 2108 servatumque
357 2061 400 2093 sua
421 2048 524 2103 virtute,
542 2063 591 2095 non
604 2056 714 2109 ereptum
727 2050 789 2095 alius
803 2049 926 2096 cuiusdam
939 2066 1001 2109 ope,
1025 2052 1143 2112 optimum
1158 2052 1236 2097 civem

67 2127 141 2177 tieem
159 2129 210 2190 ipse
230 2130 358 2176 indicaret.
382 2130 416 2191 (in
436 2131 550 2177 Pisonem
571 2146 593 2178 c.
614 2132 650 2191 2.)
687 2132 776 2193 ltaque
795 2140 821 2178 ut
838 2148 921 2190 orror,
940 2133 981 2193 qui
998 2148 1072 2191 super
1092 2135 1138 2179 bac
1154 2149 1180 2180 re
1199 2134 1235 2179 in·

20 2264 21 2271 ¹
67 2213 144 2270 saluit,
161 2214 258 2273 penitus
274 2210 390 2269 tollatur,
408 2213 585 2261 inscribendam
607 2217 746 2262 orationem
763 2218 795 2261 nil
814 2218 929 2270 Quirites,
948 2229 996 2261 non
1007 2230 1055 2273 pro
1063 2216 1234 2275 perduellionis

20 2280 24 2321 l
65 2308 111 2350 rra,
125 2300 230 2353 madens
258 2310 404 2361 quamquam
425 2299 488 2345 bunc
510 2299 606 2345 titulum
625 2298 817 2360 antiquissimam
837 2313 889 2345 esse
905 2312 953 2346 uon
972 2302 1063 2358 negor·

121 2381 179 2428 Cum
191 2387 275 2428 autem
291 2383 319 2429 G.
334 2380 447 2431 Rabirius
461 2383 573 2431 term
588 2382 620 2435 sit
634 2387 661 2429 et
678 2383 710 2428 ab
727 2381 863 2429 llorteoaio
877 2389 903 2428 et
921 2398 938 2428 a
953 2382 1087 2438 Cicerone,
1105 2383 1144 2431 lale
1157 2397 1235 2442 porro

66 2466 122 2509 tauta
147 2464 243 2513 dicendi
270 2467 345 2527 copia
374 2474 469 2524 utatur,
495 2472 546 2512 um
569 2460 722 2529 παθητικῶς
745 2469 775 2512 de
799 2466 974 2525 perduellionis
994 2466 1077 2513 iudicii
1102 2466 1235 2514 atrocitate

65 2554 225 2607 conqueratur,
256 2556 307 2595 tam
331 2550 442 2611 impenso
465 2549 546 2596 nodio
572 2563 619 2609 pro
643 2549 739 2595 Rabirii
765 2549 848 2609 capite
868 2565 899 2596 ac
919 2551 985 2596 fama
1006 2551 1126 2610 populum
1147 2552 1234 2615 depre-¹

66 2634 135 2684 cetur,
163 2637 188 2677 ut
206 2633 327 2679 eiusmodi
345 2633 494 2683 declamatio
513 2628 538 2679 et
558 2634 683 2692 ampullae
699 2633 724 2678 in
746 2632 850 2691 simplici
869 2634 960 2680 multae
978 2634 1131 2693 irrogatione
1146 2648 1234 2699 propo

64 2708 125 2757 risun
141 2716 292 2762 auditoribus
310 2717 468 2763 excitaturae
487 2715 601 2771 fuissem,
627 2716 740 2778 equidem
756 2716 928 2776 praeeuntibus
949 2714 1104 2777 Goettliagio
1118 2718 1233 2778 (Hermes

64 2786 116 2841 vat.
133 2797 172 2844 26.
198 2814 222 2858 p.
240 2798 310 2859 tao.)
333 2807 358 2846 et
379 2799 467 2848 natue
492 2799 642 2862 (Gssclielts
663 2802 705 2846 der
727 2805 788 2847 νῶι.
807 2794 1013 2860 euganeaegaa.
1031 2816 1056 2860 p.
1066 2800 1138 2862 229.)
1173 2800 1232 2849 Nie-

64 2874 182 2931 bnlsriauae
207 2883 300 2929 rationi
321 2885 439 2931 accedere
459 2898 510 2931 non
529 2898 604 2946 queo.
650 2884 741 2933 Totam
767 2889 848 2930 autem
869 2898 920 2930 rem
943 2885 979 2933 sic
997 2891 1079 2949 actam
1103 2896 1155 2931 esee
1177 2884 1232 2930 exi·

64 2959 140 3009 atino:
183 2966 322 3026 Diligenter
352 2973 441 3028 agente
471 2968 495 3014 iu
528 2967 613 3027 primis
639 2967 759 3014 Cicerone
790 2966 818 3027 (i
836 2950 901 3026 ¹32.)
930 2975 1028 3014 senatus
1057 2970 1144 3013 multas
1173 2982 1232 3025 pro·

63 3049 110 3104 pler
129 3062 226 3105 causas,
250 3058 274 3118 et
296 3051 420 3112 maxime,
446 3057 473 3097 ut
499 3050 609 3098 seditiosi
634 3051 744 3097 homiues
768 3053 951 3106 coircerontur,
978 3058 1097 3096 statuerat
1122 3049 1232 3096 omnibus

63 3131 132 3179 soris
155 3135 202 3180 boc
230 3135 408 3195 iatriogeddum
438 3149 469 3182 ac
488 3135 671 3199 rescindendum
695 3149 749 3180 esse
768 3133 942 3193 perduellionis
959 3132 1087 3180 iudicium:
1120 3132 1232 3181 videlicet

63 3223 108 3257 cura
133 3215 257 3264 Rabirium
286 3222 440 3266 damnassent
471 3217 604 3272 duumviri,
638 3224 789 3276 provocaret
813 3216 833 3263 is
862 3218 895 3262 ad
923 3219 1056 3277 populumr
1092 3218 1232 3265 defendere·

64 3298 96 3340 tur
109 3301 232 3349 svduobus
252 3300 310 3351 tiris
327 3302 378 3351 elus
393 3302 486 3351 aetatis
506 3300 727 3362 eloquentissimis,
745 3302 775 3354 Q.
793 3300 929 3347 Hortensio
951 3307 976 3345 et
994 3300 1029 3346 M.
1050 3301 1147 3355 Tullios
1164 3302 1231 3362 quod

62 3376 81 3421 ti
97 3381 133 3429 rat
148 3385 255 3431 maxime
275 3399 290 3430 a
308 3386 404 3444 populo
419 3387 589 3441 damnaretur,
607 3391 720 3431 entreats
737 3397 850 3445 quaeque
869 3389 1034 3437 tentarentur,
1062 3398 1113 3445 quo
1129 3384 1231 3433 comitia

63 3465 111 3508 ante
125 3465 226 3515 tabellas
239 3469 348 3527 perlatas
367 3467 551 3524 dirimerentura
576 3469 601 3515 id
618 3470 685 3529 quod
703 3469 733 3521 Q.
751 3468 864 3513 llleteRus
880 3466 952 3513 Celer
965 3466 1067 3513 sublato
1083 3467 1179 3514 vexillo
1195 3482 1231 3514 ex

63 3539 161 3594 laniculo
179 3557 267 3609 postea
287 3557 384 3598 strenue
398 3558 528 3599 exsecutus
546 3557 590 3599 ast.
616 3551 663 3607 Et,
681 3552 702 3599 si
721 3552 769 3597 lsoc
788 3548 915 3610 egregium
931 3550 1024 3597 lacinus
1039 3564 1089 3595 non
1105 3556 1167 3596 esset
1186 3566 1233 3609 pa·

63 3629 152 3684 tratum,
168 3640 225 3679 anto
249 3635 354 3683 tabeUaa
374 3635 487 3682 diribitaa
506 3635 621 3690 Rabirio,
638 3636 745 3681 fortasse
759 3634 835 3681 etiam
853 3640 958 3693 propter
975 3635 1065 3680 multae
1085 3634 1230 3693 magnitudi-

62 3719 119 3767 aem,
135 3713 158 3760 ia
178 3716 280 3765 exilium
297 3719 401 3765 eundum
421 3722 490 3771 erat,
507 3715 625 3776 qsocbca
643 3716 668 3762 in
685 3715 859 3775 peroratione,
877 3727 942 3774 qnae
966 3728 1026 3760 vera
1045 3728 1097 3760 ease
1116 3713 1229 3766 debebat,

62 3799 103 3835 ¹¹02
117 3793 147 3839 de
165 3797 255 3843 crudeli
269 3797 316 3844 llio
335 3796 458 3857 supplicio
475 3795 554 3843 rerba>
570 3795 642 3851 lacit,
659 3796 703 3841 sed
720 3797 797 3843 solum
812 3798 843 3842 de
860 3810 946 3842 eorum
963 3795 1073 3853 miseria,
1092 3797 1135 3858 qui
1150 3797 1230 3843 solnm

62 3877 143 3922 vertare
166 3885 294 3938 cogantur.
337 3870 367 3926 lr’s
390 3880 471 3927 media
497 3885 579 3925 auleas
602 3880 719 3927 oratione
744 3881 823 3939 ipsum
840 3880 909 3927 illurn
924 3881 1007 3926 locura
1025 3880 1136 3927 oratorie
1153 3890 1230 3925 exor-

62 3963 111 4000 nare
129 3959 238 4010 licebat*
253 3964 347 4009 Contra
363 3968 495 4009 accusator
513 3962 647 4017 Labienus,
665 3969 691 4009 ut
707 3963 830 4009 inimicum
850 3976 952 4024 quoquo
972 3966 1047 4010 modo
1066 3963 1229 4016 ulcisceretur,

62 4044 147 4090 lsstlot
166 4057 238 4103 qaam
252 4048 319 4105 quod
338 4046 461 4093 actionem
484 4045 660 4105 perduellionis
682 4046 706 4093 ei
724 4045 843 4099 intendit,
862 4048 962 4092 multam
985 4061 1085 4108 quoque
1107 4045 1230 4103 irrogarit

62 4114 86 4176 (l
98 4121 139 4178 θι)
158 4123 206 4173 iarn
226 4128 372 4187 praesidens
389 4129 460 4185 lore,
484 4135 510 4176 ut
531 4130 706 4189 perduellionis
727 4129 842 4177 iudicium
859 4130 1018 4189 impediretur
1035 4145 1065 4176 ac
1082 4129 1229 4175 dissolvere·

63 4201 102 4245 l¹¹·
132 4204 240 4266 Propter
253 4211 301 4257 lsoo
321 4210 400 4270 ipsam
421 4211 576 4261 aearb'uaime
603 4218 701 4273 questus
723 4218 759 4258 est
778 4226 794 4257 a
818 4212 938 4259 Cicerone
954 4212 1016 4258 illud
1037 4226 1089 4259 esse
1106 4207 1228 4254 sublatura

62 4278 87 4340 (l
101 4284 162 4346 ¹⁰·)·
194 4291 232 4339 Sic
248 4294 316 4341 nulls
329 4293 381 4342 isus
395 4301 507 4342 remanet
525 4294 667 4352 difficultas,
694 4301 719 4343 at
741 4301 835 4355 perstat
856 4297 914 4343 tides
933 4293 1024 4347 Dloni,
1048 4292 1102 4354 qul,
1128 4294 1153 4335 ut
1176 4290 1228 4339 eiua
