2850 4759
135 710 138 711 f
204 772 284 847 nr.
328 770 607 848 runnu
651 674 1086 847 c1cnnotrrs

380 946 430 1048 O
484 947 532 1048 R
584 947 630 1048 A
683 946 732 1047 'I'
785 944 807 1047 Ι
860 943 916 1050 Ο

621 1180 673 1224 DE

99 1320 520 1405 IMPERIO
595 1316 1209 1406 eN.POMrEr1

580 1507 705 1553 stvtt

289 1646 415 1713 etto
456 1644 636 1712 LEGE
676 1644 1000 1712 Mustela.

495 1809 764 1833 »φ’

527 1958 769 2029 montrum.

139 2118 219 2182 Cum
240 2115 335 2182 nrrlla
358 2113 470 2181 adlruc
494 2113 690 2194 praeclarae
710 2112 811 2180 huius
833 2117 997 2183 orationis
1019 2130 1114 2185 extet
1136 2118 1237 2187 editio

75 2215 259 2284 scholastica
291 2214 334 2281 ad
370 2215 609 2280 auctoritatem
646 2214 766 2294 optimi
798 2213 887 2278 iuter
918 2236 1008 2280 nunc
1043 2219 1237 2284 accuratius

73 2326 156 2382 notos
175 2316 313 2383 Codicis
336 2313 550 2381 Erfurtensis
579 2312 760 2390 diligenter
787 2322 924 2378 exacta:
952 2317 1050 2391 (nam
1071 2328 1105 2380 et
1129 2316 1238 2382 Stein-

73 2416 200 2484 metzius
225 2428 261 2483 et
286 2417 359 2496 ipse
385 2413 601 2495 Madvigius,
638 2412 677 2477 V.
709 2413 748 2481 Ο.
776 2413 946 2494 primariis
977 2412 1083 2479 Tullii
1109 2416 1237 2483 criticis

71 2515 176 2582 nerito
209 2514 510 2592 adnumerandus,
550 2533 615 2581 suo
653 2513 796 2595 quisque
823 2512 965 2580 consilio
1000 2514 1052 2580 usi
1075 2537 1142 2605 nou
1168 2527 1237 2583 tatu

71 2609 139 2677 illud
159 2626 376 2694 spectarunt,
399 2637 499 2696 quam
526 2626 564 2679 ut
587 2611 810 2696 probabiliter
835 2612 961 2680 exilio
988 2615 1073 2685 Cod.
1095 2616 1238 2699 aliisque

72 2714 278 2785 emendarent
307 2718 455 2796 priorem
485 2714 630 2796 aliquam
667 2714 925 2794 recensionem,
955 2714 1070 2782 Dauus
1105 2736 1237 2799 meant,

71 2808 294 2882 Ernestianam
316 2814 546 2892 Gerrnanus):
576 2835 639 2894 ego
664 2814 811 2880 eandem
837 2817 926 2881 riam
958 2815 1089 2896 ingredi
1111 2818 1237 2890 statui,

71 2932 157 2989 quarn
178 2929 337 2983 secutum
360 2916 513 2982 videram
532 2916 740 2980 Beneekiutn
761 2916 794 2980 iu
816 2918 949 2995 optima
962 2917 1110 2981 editione
1126 2912 1237 2996 philo-

71 3007 144 3089 logis
169 3037 209 3082 ao
237 3018 430 3098 magistris,
459 3040 526 3081 nou
555 3013 731 3095 discipulis
762 3014 949 3098 destinata,
984 3016 1030 3079 ita
1059 3028 1171 3079 taurea
1199 3026 1238 3078 ut

73 3131 167 3201 metm
190 3118 425 3185 recensionem
448 3117 541 3197 prius
566 3102 790 3187 conficerem,
820 3136 920 3195 quam
946 3110 1038 3179 illam
1062 3136 1139 3179 curn
1162 3134 1238 3195 mea

74 3218 315 3283 contenderem.
357 3217 553 3281 Accedebat
577 3215 726 3293 scilicet,
761 3214 851 3296 quod
879 3214 1044 3280 habebam
1069 3217 1235 3295 ,‚retusti“

72 3310 192 3382 Codicis
210 3318 402 3390 Parcensis,
428 3317 484 3397 qui
500 3328 614 3380 tamen
639 3315 672 3380 in
697 3317 763 3393 §st
786 3315 980 3391 desinebat,
1008 3337 1099 3380 nunc
1121 3314 1240 3396 deper-

73 3409 150 3480 ditus
174 3416 326 3495 videtur,
359 3416 574 3482 collationem
600 3415 682 3481 satis
711 3429 906 3480 accuratam
932 3435 1011 3480 cum
1038 3416 1239 3482 Manutiana

72 3531 98 3573 a.
124 3517 208 3578 1554.
243 3538 263 3581 a
295 3519 421 3583 Levino
458 3516 640 3581 Torrentio
677 3518 882 3583 institutam.
943 3512 1094 3597 Uterque
1123 3528 1237 3582 autern

72 3611 179 3685 Codex
199 3626 235 3681 et
255 3617 469 3682 Erfurteusis
490 3628 524 3680 ct
549 3617 727 3682 Parcensis
747 3620 780 3682 in
799 3616 970 3697 plerisque
989 3616 1131 3681 mirrfice
1152 3616 1240 3680 inter

72 3730 102 3775 se
136 3719 355 3798 conspirant3
405 3715 507 3782 habet
539 3729 653 3785 tamen
693 3716 881 3796 singularia
911 3728 946 3781 et
980 3717 1128 3782 fortasse
1163 3736 1240 3781 vera

75 3816 223 3888 quaedam
252 3818 441 3884 Parcensis.
495 3818 622 3883 Omnes
648 3818 719 3882 eius
746 3817 911 3883 lectiones
939 3836 1125 3896 omnesque
1156 3814 1239 3891 Cud,

74 3908 270 3983 Eriurtensis
293 3942 361 3983 non
389 3931 505 3998 aperte
526 3918 665 3984 vitiosas
688 3917 742 3981 hic
764 3914 908 3981 exhibeo
932 3937 949 3981 c
971 3916 1111 3994 regione
1132 3914 1241 3979 Erue·

75 4010 187 4080 stianae
208 4015 373 4093 lectionis,
393 4040 459 4099 quo
476 4016 639 4097 philologi
660 4037 807 4099 quoque,
827 4039 895 4082 non
912 4015 1025 4081 solum
1043 4013 1241 4079 adolescen-

76 4117 133 4186 tes,
152 4113 185 4179 iu
201 4114 268 4181 hoc
290 4117 403 4183 libelle
426 4119 610 4199 reperiant,
632 4117 753 4198 quibus
779 4127 929 4208 utantur.
971 4114 1107 4180 Etenim
1130 4114 1241 4177 fateor

77 4203 131 4274 ¹¹00
155 4234 258 4292 genus
284 4217 471 4283 editionum
499 4217 579 4285 milri
605 4237 740 4296 semper
764 4236 928 4297 perquam
953 4225 1090 4294 gratum
1118 4211 1240 4284 fuisse3
