2850 4759
204 272 266 364 ros
673 223 910 349 ciceronis

207 457 282 533 cio,
308 451 443 526 studio,
469 440 725 515 benevolentia,
756 436 918 513 caritate,
946 451 1014 497 non
1033 438 1080 494 ut·
1094 438 1142 503 te,
1160 435 1200 490 ut
1222 420 1371 496 Basilun,

208 559 242 624 vi
267 567 301 621 et
325 553 446 628 ermis,
476 560 510 614 et
531 544 616 612 alios
639 542 743 607 vestri
771 534 919 611 similes,
941 552 1028 615 quos
1051 530 1181 595 clientes
1206 545 1315 591 nemo
1331 520 1374 591 br

209 659 290 727 bere
309 653 406 738 velit,
440 671 507 716 non
532 642 635 712 modo
656 641 791 710 illorum
818 637 921 704 cliens
945 654 1033 700 esse.

287 757 405 821 XLll.
446 754 580 816 Interea
612 744 692 810 dum
721 754 756 807 tu
786 739 883 816 abes,
916 736 973 817 qui
998 734 1069 799 dics
1094 728 1147 796 ille
1168 723 1373 806 collegaetui

212 860 297 938 luit,
326 877 404 921 rum
430 850 532 926 illud,
561 844 651 929 quod
674 855 710 909 tu
732 838 888 907 venerari
908 834 1063 912 solebas,
1096 834 1238 898 bustum
1266 829 1374 894 infore

214 958 351 1027 evertit!
373 973 436 1035 qua
456 972 493 1017 re
516 949 572 1015 tibi
594 945 763 1016 nuntiata,
784 951 823 1005 ut
843 936 1021 1004 constabat
1041 935 1129 999 inter
1146 951 1228 1015 εοε,
1254 929 1309 1012 qui
1330 947 1377 992 unt

215 1061 370 1135 suerunt,
399 1050 590 1122 coneidisti.
635 1043 727 1136 Quid
752 1040 902 1107 evenerit
924 1048 1063 1118 postea,
1090 1033 1220 1098 neseio.
1268 1032 1379 1096 Meton

216 1158 321 1227 credo
346 1155 493 1222 valuisse
520 1162 553 1216 ot
576 1166 682 1216 arma.
737 1139 912 1219 Collegam
942 1135 1079 1219 quidem
1102 1131 1142 1198 de
1161 1131 1268 1198 eaelo
1294 1129 1382 1196 detn-

218 1262 299 1328 xisti
319 1255 546 1336 effecistique,
569 1271 637 1317 non
661 1259 697 1312 tu
723 1241 856 1325 quidem
880 1239 983 1305 etiam
1002 1256 1112 1313 nunc,
1133 1245 1169 1298 ιιι
1187 1230 1316 1299 similis
1334 1230 1380 1302 tui,

219 1359 279 1431 sed
301 1368 413 1436 certe,
441 1366 479 1420 ut
500 1347 671 1418 dissimilis
695 1354 787 1412 esset
806 1341 871 1408 sui.

158 1464 219 1529 1118
304 1459 372 1549 Qui
397 1476 478 1522 vero
499 1450 576 1519 iude
598 1446 727 1516 reditus
751 1440 913 1510 Romam!
947 1457 1033 1520 quae
1058 1434 1272 1519 perturbatio
1300 1432 1382 1498 totius

221 1560 330 1628 urbis!
354 1557 622 1624 Memineremns
644 1549 789 1613 Cinnam
809 1541 908 1608 nimis
928 1549 1117 1620 potentem,
1138 1534 1269 1601 Sullam
1285 1543 1382 1621 postet

223 1657 475 1730 dominantem
495 1649 600 1717 modo
622 1657 819 1727 regnantem
842 1644 1027 1708 Caesarem
1045 1638 1255 1704 videramus.
1296 1634 1381 1700 nun

223 1760 372 1825 sortasse
401 1750 520 1834 gladii,
556 1748 616 1818 sed
648 1745 855 1826 absconditi,
886 1761 950 1808 nec
979 1743 1026 1806 ita
1058 1737 1176 1815 multi,
1204 1739 1292 1815 ,tsta
1317 1755 1377 1801 tero

225 1875 311 1939 quae
338 1867 372 1922 et
398 1864 524 1938 quanta
542 1850 697 1917 barbaria
720 1845 787 1915 est!
818 1839 1151 1923 Agminequadrato
1174 1858 1260 1913 ⁴cum
1284 1833 1379 1915 gladiis

222 1966 432 2038 sequentum
468 1960 656 2022 scutorum·
676 1947 816 2013 lecticas
842 1942 971 2026 portari
1006 1940 1173 2006 videmus.
1216 1943 1322 2018 Atque
1340 1932 1379 1997 his

228 2055 363 2141 quidem
384 2055 451 2121 iem
475 2051 690 2134 inveteratis,
711 2049 830 2114 Patres
853 2042 1058 2121 conscripti,
1081 2037 1324 2106 consuetudine
1338 2033 1382 2099 ob

228 2157 419 2224 duruimus.
461 2151 626 2221 Kalendis
649 2148 755 2215 Iuniis
784 2167 862 2212 cum
889 2143 1124 2226 inscitatum,
1158 2151 1201 2204 ut
1228 2149 1302 2204 erat
1315 2155 1380 2202 ceu

228 2260 405 2334 stitutum,
439 2255 554 2320 v'enire
578 2248 761 2324 vellemus,
791 2257 885 2312 metu
913 2242 1087 2324 perterriti
1109 2241 1254 2321 repente
1278 2234 1383 2311 diffirgi

169 2371 318 2434 luemus.
367 2359 415 2423 At
437 2356 519 2432 iste,
554 2354 611 2436 qui
643 2362 764 2419 senatu
791 2369 860 2414 non
894 2355 1029 2424 egeret,
1059 2362 1168 2422 neque
1206 2336 1383 2407 desiderarit

230 2476 435 2540 quemquam
460 2466 494 2520 et
517 2454 630 2535 potius
655 2451 810 2518 discessu
834 2459 952 2514 nostro
978 2444 1122 2512 laetatus
1148 2453 1204 2508 est
1228 2441 1384 2517 statimque

230 2558 289 2623 illa
318 2553 483 2622 mirabilia
518 2553 670 2619 facinora
707 2551 831 2617 effecit.
887 2547 956 2636 Qui
990 2542 1220 2625 chirographa
1255 2537 1383 2607 Caesaris

233 2654 443 2723 defendisset
462 2651 549 2718 lucri
572 2653 623 2720 sui
649 2671 770 2728 causa,
792 2650 820 2716 is
841 2645 934 2726 leges
961 2647 1139 2722 Caesaris,
1155 2644 1293 2725 easque
1311 2657 1385 2727 pne·

233 2756 362 2838 clares,
383 2765 514 2820 utrem
535 2751 705 2834 publicam
728 2761 912 2817 concutere
936 2747 1071 2830 posset,
1108 2745 1244 2810 evertit.
1285 2743 1384 2807 Nune-

232 2879 311 2924 rum
332 2876 498 2925 annorum
516 2853 699 2935 provinciis
718 2852 936 2934 prorogavit:
956 2849 1131 2932 idemque,
1153 2851 1234 2910 cum
1259 2854 1385 2909 aetorum

235 2956 393 3025 Caesaris
416 2954 577 3021 defensor
605 2973 679 3020 esse
701 2951 859 3027 deberet,
882 2962 916 3015 et
939 2951 972 3015 in
992 2946 1137 3030 publicis
1161 2957 1196 3011 et
1216 2944 1252 3009 in
1274 2937 1383 3024 privatis

233 3061 336 3128 rebus
360 3068 443 3129 aeta,
461 3055 618 3137 Caesaris
643 3052 794 3127 rescidit.
836 3053 875 3114 ln
899 3050 1041 3132 publicis
1062 3046 1144 3113 nihil
1162 3058 1218 3115 est
1238 3045 1312 3124 lege
1330 3058 1384 3120 gn·

234 3163 330 3238 vius,
364 3160 396 3224 iu
417 3156 558 3239 privetis
578 3154 811 3222 firmissimum
835 3163 887 3217 est
909 3161 1160 3218 testamentum.
1202 3147 1309 3226 Leges
1326 3139 1383 3207 alin

236 3264 308 3330 sine
332 3255 606 3341 promulgatione
631 3252 789 3331 sustulit3
823 3249 904 3320 alias
930 3264 966 3317 ιιι
988 3241 1383 3334 ιοΗειειλριοῐιιιιΙςιιίι·

244 3402 437 3416 m

292 3498 320 3558 l
341 3500 397 3546 tot.
415 3498 532 3560 Basilum]
549 3499 681 3547 Gladiator
699 3501 730 3546 de
747 3503 826 3559 grege
838 3499 874 3544 M.
892 3484 1006 3549 Antonii,
1024 3498 1051 3539 ut
1068 3494 1122 3540 volt
1133 3488 1283 3538 Schuetzins
1299 3489 1318 3535 ln
1328 3480 1382 3530 lull&

239 3574 340 3633 histor„
367 3592 418 3624 esse
439 3580 538 3642 nequit,
564 3593 618 3625 cum
640 3580 804 3638 gladiatorem
826 3593 898 3626 nemo
915 3592 1020 3640 nuquam
1038 3583 1169 3636 patronum
1186 3577 1339 3633 cooptasset,
1358 3564 1383 3611 Α

240 3657 336 3702 ridetur
359 3659 489 3718 significari
512 3663 540 3707 1..
562 3661 682 3707 Minucius
707 3656 817 3720 Besilus,
843 3662 885 3722 qui
908 3676 962 3708 cnm
985 3660 1092 3705 Caesare
1116 3659 1140 3703 in
1164 3656 1250 3701 Gallie
1276 3655 1317 3702 fuit
1335 3646 1383 3711 (Ml

241 3738 307 3784 Gall·
326 3739 355 3797 θ,
375 3739 429 3800 29.)
454 3736 541 3801 pbstea
564 3743 741 3791 coniurationis
764 3745 788 3790 iu
812 3759 866 3790 eum
888 3739 968 3790 sociiis
990 3742 1032 3801 (nd
1050 3743 1120 3786 Foru.
1138 3742 1168 3793 6,
1187 3738 1241 3797 15.)
1277 3739 1314 3784 Eo
1331 3738 1384 3778 llll·

242 3829 368 3879 tempore,
386 3835 436 3881 quo
454 3823 515 3870 baec
531 3832 568 3872 est
584 3825 671 3872 bobilo
682 3825 780 3881 oratio,
798 3827 903 3872 fortasse
914 3838 968 3869 cum
980 3820 1091 3868 Antonio
1103 3821 1127 3866 iu
1140 3818 1247 3879 gretiam
1260 3818 1384 3865 redient·

242 3904 293 3949 dies
311 3901 361 3962 itte]
380 3903 431 3950 cn.
449 3903 560 3963 Philipp.
582 3909 657 3964 1,2,
675 3908 699 3954 b.
717 3935 750 3946 -
768 3909 796 3953 dc
819 3896 883 3952 odolo
900 3890 1041 3962 detraxisti]
1070 3900 1249 3956 dehonestasti,
1279 3894 1382 3949 fecistb'¹

242 3986 318 4032 minus
341 3985 391 4031 inm
415 3986 439 4031 in
462 3987 556 4032 caelum
580 3992 750 4039 extolleretur.
774 4014 804 4031 ι-
828 3993 855 4034 ut
876 3985 976 4047 similis]
1000 3982 1080 4029 Vetic.
1103 3982 1154 4028 cn.
1178 3979 1294 4039 Madvig.
1313 3979 1383 4034 olm

242 4083 267 4126 p.
285 4069 344 4114 493.
363 4071 435 4113 nteit
451 4069 535 4114 similis
552 4069 630 4115 codd.
648 4072 702 4116 mei.
720 4074 751 4117 Ο.

204 4242 209 4251 .
312 4173 324 4234 l
345 4175 401 4221 108.
419 4156 629 4236 sequuntnrlscil.
651 4174 802 4234 gladiatores
824 4177 906 4236 potius
928 4189 1001 4237 quem
1023 4168 1123 4225 militer,
1150 4172 1220 4230 quod
1237 4182 1298 4219 voc·
1312 4161 1382 4226 ptuit*

245 4253 323 4301 Codd.
342 4256 404 4317 (nou
421 4263 502 4306 umen
521 4259 602 4309 Vatie.
621 4255 707 4317 Bern.)
725 4259 825 4306 addunt.
