2850 4759
282 262 454 331 osirin
481 266 506 337 r.
529 262 579 332 m
600 259 877 352 carterium,
906 290 937 336 0.
963 270 1008 368 r..
1175 269 1233 336 us

62 442 115 501 rgo
138 432 210 489 tuas
232 423 411 503 petitiones
434 423 694 505 itaeonieotas,
731 436 770 492 ut
796 426 896 497 vitari
921 446 1026 509 posse
1046 451 1114 496 non
1137 429 1232 500 vide.-

58 537 176 601 rsntur‚
209 546 314 606 parra
344 526 491 609 quadam
520 528 747 598 declinatione
776 539 830 606 et,
869 539 909 595 ut
935 531 1046 616 siunt,
1083 549 1232 614 corpore

58 627 165 708 effugi!
197 628 309 710 [Nihil
331 630 437 712 agisl,
467 628 549 696 nihil
564 631 788 715 assequens,
812 629 911 715 [nihil
933 631 1093 713 molirisl,
1121 655 1231 718 neque

58 740 158 796 tamen
183 732 300 797 conari
325 751 366 798 ae
392 730 479 800 velle
508 733 655 802 desistis.
710 733 881 825 Quotiens
910 735 968 802 tibi
998 737 1064 803 iam
1093 743 1292 808 extortam

57 844 101 899 est
118 833 185 899 sira
205 835 270 901 ista
291 833 333 900 de
355 834 527 903 manibus!
559 835 719 918 quotiens
747 857 830 904 vero
859 836 986 905 excidit
1013 839 1234 923 casualiquo

57 946 84 1000 et
101 933 211 1018 elapsa
232 935 299 1004 est!
322 937 450 1018 [tamen
473 958 513 1004 ea
534 958 651 1033 oarere
673 939 802 1008 diutius
824 964 892 1008 non
906 940 1037 1024 poteslz
1058 961 1144 1024 quae
1159 941 1234 1025 qui·

56 1035 126 1104 dem.
141 1041 261 1121 quibus
283 1041 342 1111 abs
366 1052 398 1108 te
419 1042 551 1109 initiata
571 1043 679 1110 saeris
702 1063 742 1109 ae
757 1042 882 1110 devota
896 1044 958 1122 sit,
980 1046 1116 1127 neseio,
1138 1042 1237 1128 quod-

56 1159 120 1207 eam
139 1162 281 1211 neeesse
302 1156 402 1225 putas
423 1164 501 1212 esse
522 1145 555 1211 in
578 1144 730 1212 consulis
753 1167 901 1230 corpore
922 1146 1083 1228 deligere.
1109 1186 1112 1190 -

122 1245 198 1310 Vll.
242 1244 344 1314 Nune
366 1267 468 1322 vero,
491 1268 578 1329 quae
602 1259 657 1314 tua
681 1261 734 1316 est
755 1249 819 1317 ista
841 1249 940 1317 vita⁰.>
975 1249 1031 1317 sio
1052 1251 1139 1316 enim
1162 1250 1230 1318 iam

56 1356 155 1422 lesum
177 1345 319 1432 loquar,
340 1367 410 1416 non
430 1361 469 1416 ut
491 1350 570 1418 odio
585 1363 762 1434 permotus
778 1373 854 1421 esse
869 1352 1003 1430 videar,
1026 1375 1093 1435 quo
1110 1351 1230 1432 debeo,

56 1449 106 1514 sed
129 1462 165 1516 ut
185 1449 436 1530 misericordia,
464 1475 551 1537 quae
573 1453 631 1520 tibi
652 1452 744 1520 nulla
766 1453 920 1521 debetur.
965 1455 1093 1523 Venisti
1114 1454 1240 1538 paullo*

56 1563 122 1619 ante
142 1554 174 1619 in
195 1565 365 1622 senatum.
410 1556 496 1647 Quis
526 1569 558 1623 te
586 1576 630 1622 ox
658 1554 723 1623 hae
753 1567 846 1623 tanta
866 1558 1075 1640 frequentia,
1092 1640 1094 1644 Ι
1113 1569 1165 1626 tot
1186 1579 1231 1626 ex

57 1655 112 1720 tuis
138 1657 255 1726 amicis
283 1678 325 1725 ao
349 1659 551 1727 necessariis
580 1657 770 1727 saturavit?
810 1658 844 1726 Si
865 1663 931 1726 hoo
950 1673 1030 1744 post
1051 1660 1230 1729 hominnm

56 1760 243 1826 memoriam
278 1761 423 1842 contigit
453 1762 597 1840 nemini,
640 1765 736 1831 vocis
764 1775 945 1846 exspectas
972 1762 1230 1841 coutumeliam.

56 1878 123 1929 oum
143 1862 189 1931 sis
210 1865 417 1944 gravissimo
440 1864 566 1934 iudicio
590 1867 832 1958 taciturnitatis
855 1867 1069 1949 oppressus?
1107 1865 1237 1958 Quid?

52 1962 134 2043 quod
153 1964 304 2033 adventu
325 1980 385 2035 tuo
407 1969 473 2036 ista
487 1969 646 2050 subsellia
663 1969 866 2037 vacuefacta
880 1981 979 2046 suut,
1001 1969 1092 2051 quod
1107 1975 1241 2037 omnes‘

56 2067 257 2147 consulares,
292 2074 348 2153 qui
377 2074 434 2139 tibi
462 2094 626 2156 persaepe
649 2072 691 2141 ad
713 2070 853 2139 eaedem
876 2072 1053 2138 constituti
1075 2073 1239 2146 luerunt‚²

54 2170 141 2238 simul
173 2166 282 2257 atque
308 2174 485 2255 assedisti,
527 2188 660 2259 partem
695 2175 796 2241 istam
824 2172 1067 2242 subselliorum
1102 2173 1230 2241 nudam

54 2283 142 2357 etque
161 2277 300 2346 inanem
323 2280 550 2362 reliquerunt,
573 2301 640 2362 quo
665 2277 796 2343 taudem
819 2278 933 2344 animo
956 2275 1022 2344 hoo
1045 2276 1103 2340 tibi
1116 2277 1230 2341 seren·

55 2372 123 2443 dum
143 2380 274 2461 potest>
304 2382 405 2450 ,Servi
434 2380 634 2460 mehercule
659 2382 726 2448 ‘mei
754 2381 784 2449 si
810 2401 866 2450 me
885 2380 953 2448 isto
976 2390 1077 2461 paeto
1100 2390 1231 2444 metue·
1252 2387 1291 2451 lt

54 2491 133 2557 rent,
168 2494 206 2549 ut
229 2494 263 2549 te
291 2496 448 2551 metuunt
470 2506 589 2554 omnes
611 2485 703 2552 cives
727 2486 792 2566 tui,
829 2482 972 2552 domum
994 2501 1105 2549 meam
1128 2480 1229 2547 relin-

61 2600 259 2618 “—

55 2688 120 2739 Codd.
142 2694 208 2753 uoti,
237 2695 313 2742 otiam
338 2697 394 2744 mei.
428 2698 484 2744 Om.
506 2699 651 2758 Stephanus.
687 2697 787 2744 Delevit
809 2695 885 2743 stim
908 2697 1019 2758 Madvig.
1054 2696 1145 2758 Utique
1168 2696 1230 2743 haec
1240 2725 1250 2760 ¹.
1351 2691 1353 2694 ’

54 2775 95 2821 duo
116 2778 222 2826 membra
247 2780 372 2826 inculcata
396 2786 450 2827 suut
474 2796 510 2829 ex
533 2780 603 2844 §8.‚
634 2782 675 2829 ubi
697 2783 763 2839 elit,
789 2783 832 2827 se'd
849 2781 955 2828 rectiore
972 2782 1091 2827 sententis
1109 2782 1230 2841 leguntur,
1322 2782 1327 2790 '

54 2856 106 2906 Post
126 2866 218 2909 moliris
243 2864 269 2910 in
297 2863 327 2911 T.
345 2879 375 2910 sc
397 2864 521 2928 plerisque
539 2863 626 2929 (Em.)
646 2863 769 2927 squitnrs
794 2866 931 2925 querimini
948 2868 1020 2911 latere
1037 2866 1115 2909 valeat
1132 2865 1156 2907 in
1171 2867 1231 2908 tem·

52 2955 108 2997 ΡΜ.
142 2948 218 2995 Recte
237 2948 330 2996 omittit
347 2949 379 2996 ll.
397 2974 427 2986 -
446 2953 528 2995 conari
544 2966 572 2995 ac
590 2950 658 3009 nelle]
670 2949 724 2995 TR.
740 2939 801 2995 Em.
813 2951 870 2994 nelle
882 2963 910 2994 se
922 2950 1004 2993 sonori
1015 2947 1107 2993 Graes.
1120 2945 1230 3005 ltlsdsig.

111 3070 123 3132 l
144 3074 182 3121 lo.
203 3076 251 3121 usi·
266 3073 324 3136 ium]
342 3075 417 3121 TRP.
436 3076 484 3120 isis
501 3075 545 3120 stt
561 3074 618 3120 Em.
641 3099 673 3111 -
694 3076 740 3119 ista
757 3075 807 3119 st'cs
824 3072 854 3118 R.
873 3071 935 3132 (non
952 3069 995 3131 T.)
1009 3096 1046 3112 -
1057 3073 1146 3131 quoties
1163 3069 1230 3132 υονο]

54 3146 98 3199 Til.
114 3162 200 3214 quoties
217 3160 309 3206 Goion.
328 3156 438 3219 Madvig.
482 3159 529 3206 Vs.
553 3164 628 3203 tanen
645 3173 673 3203 sa
690 3172 772 3202 curere
788 3157 1034 3213 Misenensem,
1059 3170 1123 3217 quse
1141 3154 1232 3201 hubent

56 3234 123 3286 codd·
139 3244 206 3299 noti,
235 3244 311 3290 etiam
328 3243 391 3296 mei,
416 3244 449 3289 de
466 3243 605 3289 Hennensi
621 3240 772 3302 senteutis{
789 3240 809 3302 ].
844 3242 904 3286 Sunt
921 3241 1000 3300 petits
1019 3255 1053 3289 ex
1071 3240 1134 3299 Cap.
1153 3241 1178 3286 9.
1197 3263 1232 3278 -·

53 3327 113 3374 rutae
127 3329 185 3391 esse]
203 3329 235 3376 T.
251 3328 361 3388 prttosll.
379 3327 437 3373 Ere.
448 3351 478 3364 -
494 3329 519 3372 is
536 3327 648 3386 consulis]
664 3325 807 3372 Arusianus.
825 3324 879 3371 TR.
897 3326 998 3369 consutis
1016 3326 1042 3394 ἰιιΙ
1058 3324 1116 3370 Ern.
1129 3348 1164 3361 -
1181 3336 1231 3370 om.

56 3416 89 3450 tv·
104 3424 146 3467 quo
163 3414 234 3457 deleo
253 3414 286 3459 n.
302 3413 364 3473 (nou
382 3412 425 3473 T.)
435 3416 513 3456 -tot
529 3411 569 3471 ex]
588 3411 641 3458 Tu.
660 3425 690 3455 es·
701 3414 738 3468 tot
753 3410 812 3455 Erm
826 3412 915 3470 (totque
927 3407 1119 3466 P.)-grunr'ss.
1131 3409 1232 3464 suplr'sr'n

56 3485 105 3551 (u's)
120 3493 149 3541 T.
162 3523 193 3533 —
213 3495 359 3562 vacuefacta]
378 3496 429 3544 TP.
447 3483 522 3542 sum
530 3495 600 3555 fests
618 3497 649 3542 R.
665 3521 700 3534 -
715 3491 867 3555 animosae]
885 3492 938 3540 Tu.
956 3493 1035 3536 auimo
1053 3490 1162 3550 Msdvig.

114 3617 125 3679 l
150 3620 189 3666 17.
218 3609 356 3684 mehercule]
380 3621 435 3668 ΤΗ.
459 3624 570 3667 mehercle
587 3621 646 3666 Em.
672 3645 706 3664 ψ-
730 3634 780 3665 om.
797 3619 844 3663 mei
861 3618 891 3663 lt.
911 3616 971 3676 (non
989 3615 1030 3673 T.)
1047 3639 1082 3654 -·
1103 3622 1232 3675 suspectum

57 3712 95 3744 esse
110 3703 138 3750 P.
156 3705 217 3765 (non
237 3703 301 3764 Tit.)
317 3732 347 3743 -
365 3708 439 3754 oeulis
456 3704 570 3767 omnium]
589 3704 642 3750 ΤΒ.
660 3706 764 3749 omnium
782 3705 856 3748 oculis
873 3701 983 3761 Madvig.
997 3702 1082 3745 -dis
1100 3699 1159 3762 tibi]
1178 3701 1231 3747 Til.

57 3784 92 3828 titt
112 3789 149 3833 diu
172 3789 232 3838 Em.
250 3814 283 3828 -
301 3793 335 3834 est
354 3803 439 3847 parens
466 3791 567 3834 ninnium
594 3791 644 3836 odit
668 3789 698 3834 R.
720 3813 749 3823 -
770 3788 858 3832 iumdt'u
881 3782 913 3849 te]
941 3785 1035 3844 Manut.
1059 3785 1149 3832 Mutet.
1173 3787 1232 3830 ism·

57 3867 89 3912 diu
104 3872 129 3915 ds
146 3878 166 3917 te
184 3875 216 3919 R.
235 3873 292 3919 Ern.
311 3876 359 3919 torn
376 3875 403 3918 de
422 3878 443 3919 te
461 3874 501 3918 diu
518 3871 548 3919 T.
566 3898 600 3909 -
617 3870 769 3933 decurtet]
786 3869 840 3918 Tu.
858 3863 1056 3930 neq‘ueuneqse
1074 3868 1133 3916 Em.

60 3975 275 3996 Ἢ

57 4062 120 4112 ltdtts'.
153 4070 201 4116 Ubi
218 4070 353 4126 Asconius:
379 4070 435 4115 Fuit
450 4071 549 4127 opinio,
577 4070 701 4115 Catilinam
720 4070 743 4112 et
762 4067 803 4113 Cn.
820 4067 946 4119 Pisonem,
970 4064 1136 4110 adolescentem
1151 4061 1233 4119 pes-di·

58 4147 111 4201 lm,
143 4156 276 4210 remorasse
295 4156 327 4212 ad
349 4156 440 4202 cosdem
462 4159 553 4202 scitatus
571 4152 756 4212 ficiendsmu
771 4151 838 4196 Cotta
863 4154 887 4194 st
912 4150 1031 4206 Torquato
1054 4155 1114 4191 coss.
1140 4158 1233 4202 sumque
1320 4177 1322 4180 -

58 4233 138 4279 caedem
155 4238 207 4282 ideo
225 4250 272 4281 uon
288 4251 334 4283 esse
346 4238 462 4298 fuctum
481 4238 543 4296 quod
563 4239 649 4294 prius,
679 4249 748 4295 quam
765 4235 851 4292 parari
872 4237 960 4284 meent,
988 4230 1117 4275 coniuratis
1140 4230 1240 4285 siguum·

59 4313 146 4363 dediuet
165 4319 283 4376 Catilinas
305 4322 330 4368 iu
349 4325 416 4384 qnod
433 4321 592 4381 desumpsisse
614 4321 709 4368 ridetur
729 4335 744 4367 s
761 4318 868 4365 Salustio
889 4317 939 4361 tt.
1158 4321 1161 4327 '
