<?xml version="1.0" encoding="UTF-8"?>
<!DOCTYPE html PUBLIC "-//W3C//DTD XHTML 1.0 Transitional//EN"
    "http://www.w3.org/TR/xhtml1/DTD/xhtml1-transitional.dtd">
<html xmlns="http://www.w3.org/1999/xhtml" xml:lang="en" lang="en">
 <head>
  <title>
</title>
<meta http-equiv="Content-Type" content="text/html;charset=utf-8" />
  <meta name='ocr-system' content='tesseract 3.04.00' />
  <meta name='ocr-capabilities' content='ocr_page ocr_carea ocr_par ocr_line ocrx_word'/>
</head>
<body>
  <div class='ocr_page' id='page_1' title='image "./mtulliiciceroni00orelgoog_0405.png"; bbox 0 0 2850 4759; ppageno 0'>
   <div class='ocr_carea' id='block_1_1' title="bbox 236 239 1234 372">
    <p class='ocr_par' dir='ltr' id='par_1_1' title="bbox 236 239 1234 372">
     <span class='ocr_line' id='line_1_1' title="bbox 236 239 1234 372; baseline 0.005 -13"><span class='ocrx_word' id='word_1_1' title='bbox 236 288 416 361; x_wconf 78' lang='lat' dir='ltr'><strong>coarto</strong></span> <span class='ocrx_word' id='word_1_2' title='bbox 442 288 696 362; x_wconf 81' lang='grc'><strong>1111111111</strong></span> <span class='ocrx_word' id='word_1_3' title='bbox 718 292 785 372; x_wconf 82' lang='grc'><strong>11,,</strong></span> <span class='ocrx_word' id='word_1_4' title='bbox 807 311 840 360; x_wconf 81' lang='lat' dir='ltr'><strong>c.</strong></span> <span class='ocrx_word' id='word_1_5' title='bbox 863 295 902 359; x_wconf 80' lang='lat'><strong>21</strong></span> <span class='ocrx_word' id='word_1_6' title='bbox 926 307 961 363; x_wconf 75' lang='lat' dir='ltr'><strong>u</strong></span> <span class='ocrx_word' id='word_1_7' title='bbox 984 298 1034 363; x_wconf 76' lang='lat' dir='ltr'><strong>aa.</strong></span> <span class='ocrx_word' id='word_1_8' title='bbox 1174 239 1234 364; x_wconf 78' lang='lat' dir='ltr'><strong>ssa</strong></span> 
     </span>
    </p>
   </div>
   <div class='ocr_carea' id='block_1_2' title="bbox 27 450 1293 3391">
    <p class='ocr_par' dir='ltr' id='par_1_2' title="bbox 27 450 1293 2272">
     <span class='ocr_line' id='line_1_2' title="bbox 27 450 1234 539; baseline 0.007 -22"><span class='ocrx_word' id='word_1_9' title='bbox 27 462 102 518; x_wconf 87' lang='lat' dir='ltr'><strong>tum</strong></span> <span class='ocrx_word' id='word_1_10' title='bbox 122 469 235 518; x_wconf 86' lang='lat' dir='ltr'><strong>more</strong></span> <span class='ocrx_word' id='word_1_11' title='bbox 261 450 449 519; x_wconf 82' lang='lat' dir='ltr'><strong>maiorum.</strong></span> <span class='ocrx_word' id='word_1_12' title='bbox 490 451 536 521; x_wconf 85' lang='lat' dir='ltr'><strong>Et</strong></span> <span class='ocrx_word' id='word_1_13' title='bbox 559 464 595 520; x_wconf 89' lang='lat' dir='ltr'><strong>tu</strong></span> <span class='ocrx_word' id='word_1_14' title='bbox 619 453 708 538; x_wconf 85' lang='lat' dir='ltr'><strong>apud</strong></span> <span class='ocrx_word' id='word_1_15' title='bbox 734 465 848 538; x_wconf 82' lang='lat' dir='ltr'><strong>patres</strong></span> <span class='ocrx_word' id='word_1_16' title='bbox 873 454 1089 539; x_wconf 87' lang='lat' dir='ltr'><strong>conscriptos</strong></span> <span class='ocrx_word' id='word_1_17' title='bbox 1111 466 1234 526; x_wconf 87' lang='lat' dir='ltr'><strong>eontra</strong></span> 
     </span>
     <span class='ocr_line' id='line_1_3' title="bbox 28 552 1234 637; baseline 0.005 -16"><span class='ocrx_word' id='word_1_18' title='bbox 28 574 83 621; x_wconf 87' lang='lat' dir='ltr'><strong>tue</strong></span> <span class='ocrx_word' id='word_1_19' title='bbox 108 552 233 621; x_wconf 80' lang='lat' dir='ltr'><strong>dicere</strong></span> <span class='ocrx_word' id='word_1_20' title='bbox 265 574 375 621; x_wconf 87' lang='lat' dir='ltr'><strong>ausus</strong></span> <span class='ocrx_word' id='word_1_21' title='bbox 404 575 461 632; x_wconf 86' lang='lat' dir='ltr'><strong>es,</strong></span> <span class='ocrx_word' id='word_1_22' title='bbox 495 577 574 624; x_wconf 87' lang='lat' dir='ltr'><strong>oum</strong></span> <span class='ocrx_word' id='word_1_23' title='bbox 602 555 738 623; x_wconf 85' lang='lat' dir='ltr'><strong>abhoc</strong></span> <span class='ocrx_word' id='word_1_24' title='bbox 765 555 885 624; x_wconf 81' lang='lat' dir='ltr'><strong>ordine</strong></span> <span class='ocrx_word' id='word_1_25' title='bbox 914 578 979 637; x_wconf 77' lang='lat' dir='ltr'><strong>ego</strong></span> <span class='ocrx_word' id='word_1_26' title='bbox 1007 571 1234 627; x_wconf 88' lang='lat' dir='ltr'><strong>conservator</strong></span> 
     </span>
     <span class='ocr_line' id='line_1_4' title="bbox 30 654 1233 740; baseline 0.008 -18"><span class='ocrx_word' id='word_1_27' title='bbox 30 674 162 736; x_wconf 87' lang='lat' dir='ltr'><strong>essem,</strong></span> <span class='ocrx_word' id='word_1_28' title='bbox 181 666 222 722; x_wconf 92' lang='lat' dir='ltr'><strong>tu</strong></span> <span class='ocrx_word' id='word_1_29' title='bbox 243 654 360 724; x_wconf 89' lang='lat' dir='ltr'><strong>hostis</strong></span> <span class='ocrx_word' id='word_1_30' title='bbox 375 657 423 723; x_wconf 88' lang='lat' dir='ltr'><strong>rei</strong></span> <span class='ocrx_word' id='word_1_31' title='bbox 438 656 594 740; x_wconf 88' lang='lat' dir='ltr'><strong>publicae</strong></span> <span class='ocrx_word' id='word_1_32' title='bbox 613 658 811 727; x_wconf 68' lang='lat' dir='ltr'><strong>iudicatus?</strong></span> <span class='ocrx_word' id='word_1_33' title='bbox 832 660 1123 728; x_wconf 79' lang='lat' dir='ltr'><strong>Conrmemoratio</strong></span> <span class='ocrx_word' id='word_1_34' title='bbox 1142 659 1233 732; x_wconf 89' lang='lat' dir='ltr'><strong>illius</strong></span> 
     </span>
     <span class='ocr_line' id='line_1_5' title="bbox 31 755 1232 843; baseline 0.007 -20"><span class='ocrx_word' id='word_1_35' title='bbox 31 758 77 824; x_wconf 90' lang='lat' dir='ltr'><strong>tui</strong></span> <span class='ocrx_word' id='word_1_36' title='bbox 96 755 248 827; x_wconf 87' lang='lat' dir='ltr'><strong>sceleris</strong></span> <span class='ocrx_word' id='word_1_37' title='bbox 268 759 468 828; x_wconf 86' lang='lat' dir='ltr'><strong>intermissa</strong></span> <span class='ocrx_word' id='word_1_38' title='bbox 489 772 558 838; x_wconf 89' lang='lat' dir='ltr'><strong>est,</strong></span> <span class='ocrx_word' id='word_1_39' title='bbox 581 785 651 829; x_wconf 89' lang='lat' dir='ltr'><strong>nou</strong></span> <span class='ocrx_word' id='word_1_40' title='bbox 670 766 837 829; x_wconf 87' lang='lat' dir='ltr'><strong>memoria</strong></span> <span class='ocrx_word' id='word_1_41' title='bbox 855 759 976 829; x_wconf 81' lang='lat' dir='ltr'><strong>deleta.</strong></span> <span class='ocrx_word' id='word_1_42' title='bbox 1014 762 1103 829; x_wconf 89' lang='lat' dir='ltr'><strong>Dum</strong></span> <span class='ocrx_word' id='word_1_43' title='bbox 1122 784 1232 843; x_wconf 81' lang='lat' dir='ltr'><strong>geraus</strong></span> 
     </span>
     <span class='ocr_line' id='line_1_6' title="bbox 27 856 1233 950; baseline 0.007 -25"><span class='ocrx_word' id='word_1_44' title='bbox 27 856 240 938; x_wconf 88' lang='lat' dir='ltr'><strong>bominum,</strong></span> <span class='ocrx_word' id='word_1_45' title='bbox 264 858 352 928; x_wconf 88' lang='lat' dir='ltr'><strong>dum</strong></span> <span class='ocrx_word' id='word_1_46' title='bbox 374 860 492 944; x_wconf 89' lang='lat' dir='ltr'><strong>populi</strong></span> <span class='ocrx_word' id='word_1_47' title='bbox 512 865 657 931; x_wconf 87' lang='lat' dir='ltr'><strong>Romani</strong></span> <span class='ocrx_word' id='word_1_48' title='bbox 675 884 802 931; x_wconf 83' lang='lat' dir='ltr'><strong>nornen</strong></span> <span class='ocrx_word' id='word_1_49' title='bbox 824 864 991 950; x_wconf 83' lang='lat' dir='ltr'><strong>exstabit,</strong></span> <span class='ocrx_word' id='word_1_50' title='bbox 1026 863 1137 948; x_wconf 90' lang='lat' dir='ltr'><strong>(quod</strong></span> <span class='ocrx_word' id='word_1_51' title='bbox 1159 867 1233 950; x_wconf 83' lang='lat' dir='ltr'><strong>qui·</strong></span> 
     </span>
     <span class='ocr_line' id='line_1_7' title="bbox 33 958 1233 1050; baseline 0.008 -23"><span class='ocrx_word' id='word_1_52' title='bbox 33 958 109 1027; x_wconf 88' lang='lat' dir='ltr'><strong>detu</strong></span> <span class='ocrx_word' id='word_1_53' title='bbox 138 961 229 1045; x_wconf 85' lang='lat' dir='ltr'><strong>erit,</strong></span> <span class='ocrx_word' id='word_1_54' title='bbox 254 961 287 1029; x_wconf 91' lang='lat' dir='ltr'><strong>si</strong></span> <span class='ocrx_word' id='word_1_55' title='bbox 312 976 427 1045; x_wconf 87' lang='lat' dir='ltr'><strong>perte</strong></span> <span class='ocrx_word' id='word_1_56' title='bbox 451 962 583 1044; x_wconf 80' lang='lat' dir='ltr'><strong>licebit,</strong></span> <span class='ocrx_word' id='word_1_57' title='bbox 604 965 888 1048; x_wconf 78' lang='lat' dir='ltr'><strong>sempiternumll</strong></span> <span class='ocrx_word' id='word_1_58' title='bbox 911 976 968 1031; x_wconf 92' lang='lat' dir='ltr'><strong>tua</strong></span> <span class='ocrx_word' id='word_1_59' title='bbox 992 964 1048 1032; x_wconf 89' lang='lat' dir='ltr'><strong>illa</strong></span> <span class='ocrx_word' id='word_1_60' title='bbox 1070 967 1233 1050; x_wconf 82' lang='lat' dir='ltr'><strong>pestilera</strong></span> 
     </span>
     <span class='ocr_line' id='line_1_8' title="bbox 35 1062 1293 1158; baseline 0.001 -30"><span class='ocrx_word' id='word_1_61' title='bbox 35 1063 245 1133; x_wconf 75' lang='lat' dir='ltr'><strong>intercessio</strong></span> <span class='ocrx_word' id='word_1_62' title='bbox 263 1067 510 1134; x_wconf 78' lang='lat' dir='ltr'><strong>nominabitur.</strong></span> <span class='ocrx_word' id='word_1_63' title='bbox 556 1065 647 1158; x_wconf 78' lang='lat' dir='ltr'><strong>Quid</strong></span> <span class='ocrx_word' id='word_1_64' title='bbox 663 1065 784 1149; x_wconf 87' lang='lat' dir='ltr'><strong>cupide</strong></span> <span class='ocrx_word' id='word_1_65' title='bbox 799 1089 818 1134; x_wconf 90' lang='lat' dir='ltr'><strong>a</strong></span> <span class='ocrx_word' id='word_1_66' title='bbox 832 1078 973 1146; x_wconf 89' lang='lat' dir='ltr'><strong>senatu,</strong></span> <span class='ocrx_word' id='word_1_67' title='bbox 1003 1067 1083 1151; x_wconf 90' lang='lat' dir='ltr'><strong>quid</strong></span> <span class='ocrx_word' id='word_1_68' title='bbox 1104 1080 1234 1137; x_wconf 89' lang='lat' dir='ltr'><strong>temere</strong></span> <span class='ocrx_word' id='word_1_69' title='bbox 1252 1062 1293 1133; x_wconf 73' lang='lat' dir='ltr'><strong>tt</strong></span> 
     </span>
     <span class='ocr_line' id='line_1_9' title="bbox 28 1165 1234 1245; baseline 0.006 -15"><span class='ocrx_word' id='word_1_70' title='bbox 28 1165 149 1245; x_wconf 75' lang='lat' dir='ltr'><strong>fiebat,</strong></span> <span class='ocrx_word' id='word_1_71' title='bbox 174 1186 264 1234; x_wconf 84' lang='lat' dir='ltr'><strong>oum</strong></span> <span class='ocrx_word' id='word_1_72' title='bbox 290 1179 344 1244; x_wconf 87' lang='lat' dir='ltr'><strong>tu,</strong></span> <span class='ocrx_word' id='word_1_73' title='bbox 365 1189 454 1235; x_wconf 79' lang='lat' dir='ltr'><strong>uatus</strong></span> <span class='ocrx_word' id='word_1_74' title='bbox 476 1168 698 1245; x_wconf 78' lang='lat' dir='ltr'><strong>adolescens,</strong></span> <span class='ocrx_word' id='word_1_75' title='bbox 721 1169 920 1237; x_wconf 78' lang='lat' dir='ltr'><strong>universum</strong></span> <span class='ocrx_word' id='word_1_76' title='bbox 942 1169 1097 1236; x_wconf 77' lang='lat' dir='ltr'><strong>ordinem</strong></span> <span class='ocrx_word' id='word_1_77' title='bbox 1115 1168 1234 1237; x_wconf 84' lang='lat' dir='ltr'><strong>decer·</strong></span> 
     </span>
     <span class='ocr_line' id='line_1_10' title="bbox 37 1266 1232 1354; baseline 0.005 -22"><span class='ocrx_word' id='word_1_78' title='bbox 37 1287 114 1333; x_wconf 88' lang='lat' dir='ltr'><strong>nere</strong></span> <span class='ocrx_word' id='word_1_79' title='bbox 139 1266 185 1334; x_wconf 92' lang='lat' dir='ltr'><strong>de</strong></span> <span class='ocrx_word' id='word_1_80' title='bbox 205 1267 327 1336; x_wconf 88' lang='lat' dir='ltr'><strong>salute</strong></span> <span class='ocrx_word' id='word_1_81' title='bbox 343 1272 390 1336; x_wconf 88' lang='lat' dir='ltr'><strong>rei</strong></span> <span class='ocrx_word' id='word_1_82' title='bbox 413 1268 568 1353; x_wconf 89' lang='lat' dir='ltr'><strong>publicae</strong></span> <span class='ocrx_word' id='word_1_83' title='bbox 588 1269 820 1353; x_wconf 74' lang='lat' dir='ltr'><strong>prohibuisti?</strong></span> <span class='ocrx_word' id='word_1_84' title='bbox 840 1292 950 1354; x_wconf 88' lang='lat' dir='ltr'><strong>neque</strong></span> <span class='ocrx_word' id='word_1_85' title='bbox 967 1268 1000 1336; x_wconf 91' lang='lat' dir='ltr'><strong>id</strong></span> <span class='ocrx_word' id='word_1_86' title='bbox 1022 1272 1149 1349; x_wconf 77' lang='lat' dir='ltr'><strong>semel,</strong></span> <span class='ocrx_word' id='word_1_87' title='bbox 1170 1270 1232 1338; x_wconf 91' lang='lat' dir='ltr'><strong>sed</strong></span> 
     </span>
     <span class='ocr_line' id='line_1_11' title="bbox 38 1369 1232 1456; baseline 0.005 -21"><span class='ocrx_word' id='word_1_88' title='bbox 38 1369 200 1450; x_wconf 56' lang='lat' dir='ltr'><strong>saepius?</strong></span> <span class='ocrx_word' id='word_1_89' title='bbox 224 1391 343 1455; x_wconf 85' lang='lat' dir='ltr'><strong>neque</strong></span> <span class='ocrx_word' id='word_1_90' title='bbox 365 1383 401 1439; x_wconf 88' lang='lat' dir='ltr'><strong>tu</strong></span> <span class='ocrx_word' id='word_1_91' title='bbox 428 1384 542 1440; x_wconf 89' lang='lat' dir='ltr'><strong>tecum</strong></span> <span class='ocrx_word' id='word_1_92' title='bbox 571 1372 612 1439; x_wconf 89' lang='lat' dir='ltr'><strong>de</strong></span> <span class='ocrx_word' id='word_1_93' title='bbox 637 1383 777 1441; x_wconf 89' lang='lat' dir='ltr'><strong>senatus</strong></span> <span class='ocrx_word' id='word_1_94' title='bbox 802 1372 1008 1439; x_wconf 87' lang='lat' dir='ltr'><strong>auctoritate</strong></span> <span class='ocrx_word' id='word_1_95' title='bbox 1034 1374 1088 1452; x_wconf 84' lang='lat' dir='ltr'><strong>agi</strong></span> <span class='ocrx_word' id='word_1_96' title='bbox 1108 1393 1232 1456; x_wconf 86' lang='lat' dir='ltr'><strong>passus</strong></span> 
     </span>
     <span class='ocr_line' id='line_1_12' title="bbox 40 1471 1234 1562; baseline 0.005 -27"><span class='ocrx_word' id='word_1_97' title='bbox 40 1471 99 1538; x_wconf 72' lang='lat' dir='ltr'><strong>cs?</strong></span> <span class='ocrx_word' id='word_1_98' title='bbox 121 1472 221 1562; x_wconf 78' lang='lat' dir='ltr'><strong>Quid</strong></span> <span class='ocrx_word' id='word_1_99' title='bbox 238 1485 360 1540; x_wconf 85' lang='lat' dir='ltr'><strong>autem</strong></span> <span class='ocrx_word' id='word_1_100' title='bbox 381 1474 562 1554; x_wconf 81' lang='lat' dir='ltr'><strong>agebatur,</strong></span> <span class='ocrx_word' id='word_1_101' title='bbox 584 1474 648 1542; x_wconf 88' lang='lat' dir='ltr'><strong>nisi</strong></span> <span class='ocrx_word' id='word_1_102' title='bbox 665 1495 707 1540; x_wconf 92' lang='lat' dir='ltr'><strong>ne</strong></span> <span class='ocrx_word' id='word_1_103' title='bbox 728 1471 833 1554; x_wconf 80' lang='lat' dir='ltr'><strong>deleri</strong></span> <span class='ocrx_word' id='word_1_104' title='bbox 851 1484 885 1539; x_wconf 91' lang='lat' dir='ltr'><strong>et</strong></span> <span class='ocrx_word' id='word_1_105' title='bbox 904 1474 1010 1540; x_wconf 85' lang='lat' dir='ltr'><strong>everti</strong></span> <span class='ocrx_word' id='word_1_106' title='bbox 1031 1495 1103 1540; x_wconf 91' lang='lat' dir='ltr'><strong>rem</strong></span> <span class='ocrx_word' id='word_1_107' title='bbox 1123 1473 1234 1557; x_wconf 92' lang='lat' dir='ltr'><strong>publi·</strong></span> 
     </span>
     <span class='ocr_line' id='line_1_13' title="bbox 42 1574 1234 1657; baseline 0.005 -20"><span class='ocrx_word' id='word_1_108' title='bbox 42 1592 112 1640; x_wconf 90' lang='lat' dir='ltr'><strong>cam</strong></span> <span class='ocrx_word' id='word_1_109' title='bbox 140 1575 309 1644; x_wconf 81' lang='lat' dir='ltr'><strong>funditus</strong></span> <span class='ocrx_word' id='word_1_110' title='bbox 337 1575 460 1654; x_wconf 90' lang='lat' dir='ltr'><strong>velles,</strong></span> <span class='ocrx_word' id='word_1_111' title='bbox 495 1598 574 1643; x_wconf 89' lang='lat' dir='ltr'><strong>oum</strong></span> <span class='ocrx_word' id='word_1_112' title='bbox 605 1587 639 1644; x_wconf 87' lang='lat' dir='ltr'><strong>te</strong></span> <span class='ocrx_word' id='word_1_113' title='bbox 666 1594 778 1657; x_wconf 87' lang='lat' dir='ltr'><strong>neque</strong></span> <span class='ocrx_word' id='word_1_114' title='bbox 805 1574 976 1657; x_wconf 82' lang='lat' dir='ltr'><strong>principes</strong></span> <span class='ocrx_word' id='word_1_115' title='bbox 1005 1576 1150 1644; x_wconf 89' lang='lat' dir='ltr'><strong>civitatis</strong></span> <span class='ocrx_word' id='word_1_116' title='bbox 1175 1596 1234 1643; x_wconf 90' lang='lat' dir='ltr'><strong>rc·</strong></span> 
     </span>
     <span class='ocr_line' id='line_1_14' title="bbox 44 1674 1232 1766; baseline 0.003 -25"><span class='ocrx_word' id='word_1_117' title='bbox 44 1674 149 1753; x_wconf 79' lang='lat' dir='ltr'><strong>gando</strong></span> <span class='ocrx_word' id='word_1_118' title='bbox 182 1698 302 1760; x_wconf 85' lang='lat' dir='ltr'><strong>neque</strong></span> <span class='ocrx_word' id='word_1_119' title='bbox 329 1677 476 1746; x_wconf 90' lang='lat' dir='ltr'><strong>maiores</strong></span> <span class='ocrx_word' id='word_1_120' title='bbox 507 1689 588 1745; x_wconf 86' lang='lat' dir='ltr'><strong>natu</strong></span> <span class='ocrx_word' id='word_1_121' title='bbox 615 1675 785 1744; x_wconf 91' lang='lat' dir='ltr'><strong>monendo</strong></span> <span class='ocrx_word' id='word_1_122' title='bbox 810 1696 921 1760; x_wconf 88' lang='lat' dir='ltr'><strong>neque</strong></span> <span class='ocrx_word' id='word_1_123' title='bbox 949 1676 1109 1760; x_wconf 81' lang='lat' dir='ltr'><strong>frequens</strong></span> <span class='ocrx_word' id='word_1_124' title='bbox 1133 1698 1232 1766; x_wconf 86' lang='lat' dir='ltr'><strong>sena·</strong></span> 
     </span>
     <span class='ocr_line' id='line_1_15' title="bbox 46 1777 1233 1862; baseline 0.005 -22"><span class='ocrx_word' id='word_1_125' title='bbox 46 1786 95 1843; x_wconf 89' lang='lat' dir='ltr'><strong>tus</strong></span> <span class='ocrx_word' id='word_1_126' title='bbox 113 1778 251 1858; x_wconf 82' lang='lat' dir='ltr'><strong>agendo</strong></span> <span class='ocrx_word' id='word_1_127' title='bbox 273 1778 317 1847; x_wconf 93' lang='lat' dir='ltr'><strong>de</strong></span> <span class='ocrx_word' id='word_1_128' title='bbox 332 1780 469 1846; x_wconf 90' lang='lat' dir='ltr'><strong>vendita</strong></span> <span class='ocrx_word' id='word_1_129' title='bbox 483 1791 584 1861; x_wconf 90' lang='lat' dir='ltr'><strong>atque</strong></span> <span class='ocrx_word' id='word_1_130' title='bbox 597 1778 733 1847; x_wconf 89' lang='lat' dir='ltr'><strong>addicta</strong></span> <span class='ocrx_word' id='word_1_131' title='bbox 748 1781 917 1847; x_wconf 89' lang='lat' dir='ltr'><strong>sententia</strong></span> <span class='ocrx_word' id='word_1_132' title='bbox 935 1799 1075 1846; x_wconf 87' lang='lat' dir='ltr'><strong>movere</strong></span> <span class='ocrx_word' id='word_1_133' title='bbox 1090 1777 1233 1862; x_wconf 79' lang='lat' dir='ltr'><strong>potuita</strong></span> 
     </span>
     <span class='ocr_line' id='line_1_16' title="bbox 45 1875 1293 1972; baseline 0.008 -32"><span class='ocrx_word' id='word_1_134' title='bbox 45 1875 128 1945; x_wconf 78' lang='lat' dir='ltr'><strong>Tum</strong></span> <span class='ocrx_word' id='word_1_135' title='bbox 155 1878 245 1948; x_wconf 87' lang='lat' dir='ltr'><strong>illud</strong></span> <span class='ocrx_word' id='word_1_136' title='bbox 273 1878 390 1949; x_wconf 89' lang='lat' dir='ltr'><strong>multis</strong></span> <span class='ocrx_word' id='word_1_137' title='bbox 414 1882 517 1949; x_wconf 86' lang='lat' dir='ltr'><strong>rebus</strong></span> <span class='ocrx_word' id='word_1_138' title='bbox 543 1894 622 1951; x_wconf 86' lang='lat' dir='ltr'><strong>ante</strong></span> <span class='ocrx_word' id='word_1_139' title='bbox 647 1883 784 1949; x_wconf 85' lang='lat' dir='ltr'><strong>tentatis</strong></span> <span class='ocrx_word' id='word_1_140' title='bbox 805 1883 1002 1949; x_wconf 86' lang='lat' dir='ltr'><strong>necessario</strong></span> <span class='ocrx_word' id='word_1_141' title='bbox 1026 1881 1084 1948; x_wconf 91' lang='lat' dir='ltr'><strong>tibi</strong></span> <span class='ocrx_word' id='word_1_142' title='bbox 1108 1879 1232 1950; x_wconf 87' lang='lat' dir='ltr'><strong>volnus</strong></span> <span class='ocrx_word' id='word_1_143' title='bbox 1278 1954 1293 1972; x_wconf 23' lang='grc' dir='ltr'><em>Ἀ</em></span> 
     </span>
     <span class='ocr_line' id='line_1_17' title="bbox 47 1976 1233 2069; baseline 0.008 -27"><span class='ocrx_word' id='word_1_144' title='bbox 47 1976 207 2049; x_wconf 82' lang='lat' dir='ltr'><strong>inflictum</strong></span> <span class='ocrx_word' id='word_1_145' title='bbox 235 1994 314 2062; x_wconf 86' lang='lat' dir='ltr'><strong>est,</strong></span> <span class='ocrx_word' id='word_1_146' title='bbox 336 1983 426 2067; x_wconf 84' lang='lat' dir='ltr'><strong>quod</strong></span> <span class='ocrx_word' id='word_1_147' title='bbox 450 1984 567 2067; x_wconf 82' lang='lat' dir='ltr'><strong>paucis</strong></span> <span class='ocrx_word' id='word_1_148' title='bbox 595 1995 674 2051; x_wconf 84' lang='lat' dir='ltr'><strong>ante</strong></span> <span class='ocrx_word' id='word_1_149' title='bbox 703 1995 755 2069; x_wconf 87' lang='lat' dir='ltr'><strong>te,</strong></span> <span class='ocrx_word' id='word_1_150' title='bbox 788 2005 934 2065; x_wconf 89' lang='lat' dir='ltr'><strong>quorum</strong></span> <span class='ocrx_word' id='word_1_151' title='bbox 958 1980 1142 2050; x_wconf 88' lang='lat' dir='ltr'><strong>incolumis</strong></span> <span class='ocrx_word' id='word_1_152' title='bbox 1165 1982 1233 2051; x_wconf 77' lang='lat' dir='ltr'><strong>fuit</strong></span> 
     </span>
     <span class='ocr_line' id='line_1_18' title="bbox 49 2066 1291 2153; baseline 0.004 -10"><span class='ocrx_word' id='word_1_153' title='bbox 49 2086 155 2150; x_wconf 81' lang='lat' dir='ltr'><strong>neruo.</strong></span> <span class='ocrx_word' id='word_1_154' title='bbox 191 2066 297 2152; x_wconf 57' lang='lat' dir='ltr'><strong>⁸Tum</strong></span> <span class='ocrx_word' id='word_1_155' title='bbox 323 2099 444 2153; x_wconf 85' lang='lat' dir='ltr'><strong>contra</strong></span> <span class='ocrx_word' id='word_1_156' title='bbox 465 2098 498 2151; x_wconf 87' lang='lat' dir='ltr'><strong>te</strong></span> <span class='ocrx_word' id='word_1_157' title='bbox 517 2085 610 2151; x_wconf 89' lang='lat' dir='ltr'><strong>dedit</strong></span> <span class='ocrx_word' id='word_1_158' title='bbox 631 2105 727 2151; x_wconf 85' lang='lat' dir='ltr'><strong>arma</strong></span> <span class='ocrx_word' id='word_1_159' title='bbox 747 2083 803 2149; x_wconf 89' lang='lat' dir='ltr'><strong>bio</strong></span> <span class='ocrx_word' id='word_1_160' title='bbox 822 2082 908 2150; x_wconf 91' lang='lat' dir='ltr'><strong>ordo</strong></span> <span class='ocrx_word' id='word_1_161' title='bbox 932 2081 1131 2150; x_wconf 89' lang='lat' dir='ltr'><strong>consulibus</strong></span> <span class='ocrx_word' id='word_1_162' title='bbox 1152 2080 1231 2150; x_wconf 91' lang='lat' dir='ltr'><strong>reli·</strong></span> <span class='ocrx_word' id='word_1_163' title='bbox 1251 2077 1291 2141; x_wconf 73' lang='grc'><strong>53</strong></span> 
     </span>
     <span class='ocr_line' id='line_1_19' title="bbox 51 2183 1231 2272; baseline 0.005 -26"><span class='ocrx_word' id='word_1_164' title='bbox 51 2183 185 2267; x_wconf 86' lang='lat' dir='ltr'><strong>quisque</strong></span> <span class='ocrx_word' id='word_1_165' title='bbox 214 2185 373 2269; x_wconf 89' lang='lat' dir='ltr'><strong>imperiis</strong></span> <span class='ocrx_word' id='word_1_166' title='bbox 401 2198 436 2253; x_wconf 89' lang='lat' dir='ltr'><strong>et</strong></span> <span class='ocrx_word' id='word_1_167' title='bbox 462 2186 708 2268; x_wconf 82' lang='lat' dir='ltr'><strong>potestatibus;</strong></span> <span class='ocrx_word' id='word_1_168' title='bbox 738 2204 823 2267; x_wconf 86' lang='lat' dir='ltr'><strong>quae</strong></span> <span class='ocrx_word' id='word_1_169' title='bbox 843 2207 912 2252; x_wconf 91' lang='lat' dir='ltr'><strong>non</strong></span> <span class='ocrx_word' id='word_1_170' title='bbox 936 2185 1134 2272; x_wconf 61' lang='lat' dir='ltr'><strong>effugisse,</strong></span> <span class='ocrx_word' id='word_1_171' title='bbox 1164 2184 1231 2253; x_wconf 91' lang='lat' dir='ltr'><strong>uisi</strong></span> 
     </span>
    </p>

    <p class='ocr_par' dir='ltr' id='par_1_3' title="bbox 53 2284 676 2357">
     <span class='ocr_line' id='line_1_20' title="bbox 53 2284 676 2357; baseline 0.016 -11"><span class='ocrx_word' id='word_1_172' title='bbox 53 2291 82 2347; x_wconf 91' lang='lat' dir='ltr'><strong>te</strong></span> <span class='ocrx_word' id='word_1_173' title='bbox 101 2286 139 2351; x_wconf 87' lang='lat' dir='ltr'><strong>ad</strong></span> <span class='ocrx_word' id='word_1_174' title='bbox 161 2307 260 2354; x_wconf 87' lang='lat' dir='ltr'><strong>arma</strong></span> <span class='ocrx_word' id='word_1_175' title='bbox 284 2289 439 2357; x_wconf 85' lang='lat' dir='ltr'><strong>Caesaris</strong></span> <span class='ocrx_word' id='word_1_176' title='bbox 460 2284 676 2356; x_wconf 83' lang='lat' dir='ltr'><strong>contulisses.</strong></span> 
     </span>
    </p>

    <p class='ocr_par' dir='ltr' id='par_1_4' title="bbox 41 2385 1233 3188">
     <span class='ocr_line' id='line_1_21' title="bbox 41 2385 1232 2476; baseline -0.002 -23"><span class='ocrx_word' id='word_1_177' title='bbox 41 2391 49 2398; x_wconf 83' lang='lat'><em>&#39;</em></span> <span class='ocrx_word' id='word_1_178' title='bbox 121 2391 241 2459; x_wconf 83' lang='lat' dir='ltr'><strong>XXll.</strong></span> <span class='ocrx_word' id='word_1_179' title='bbox 287 2389 358 2476; x_wconf 80' lang='lat' dir='ltr'><strong>Tu,</strong></span> <span class='ocrx_word' id='word_1_180' title='bbox 387 2401 441 2467; x_wconf 91' lang='lat' dir='ltr'><strong>tu,</strong></span> <span class='ocrx_word' id='word_1_181' title='bbox 468 2391 623 2476; x_wconf 85' lang='lat' dir='ltr'><strong>inquam,</strong></span> <span class='ocrx_word' id='word_1_182' title='bbox 647 2389 699 2456; x_wconf 86' lang='lat' dir='ltr'><strong>M.</strong></span> <span class='ocrx_word' id='word_1_183' title='bbox 724 2389 871 2474; x_wconf 82' lang='lat' dir='ltr'><strong>Antoni,</strong></span> <span class='ocrx_word' id='word_1_184' title='bbox 901 2387 1058 2470; x_wconf 86' lang='lat' dir='ltr'><strong>princeps</strong></span> <span class='ocrx_word' id='word_1_185' title='bbox 1082 2386 1121 2452; x_wconf 86' lang='lat' dir='ltr'><strong>C.</strong></span> <span class='ocrx_word' id='word_1_186' title='bbox 1148 2385 1232 2452; x_wconf 85' lang='lat' dir='ltr'><strong>Cae-</strong></span> 
     </span>
     <span class='ocr_line' id='line_1_22' title="bbox 54 2487 1231 2575; baseline 0.003 -26"><span class='ocrx_word' id='word_1_187' title='bbox 54 2488 113 2553; x_wconf 85' lang='lat' dir='ltr'><strong>sari</strong></span> <span class='ocrx_word' id='word_1_188' title='bbox 133 2496 249 2560; x_wconf 77' lang='lat' dir='ltr'><strong>onrnia</strong></span> <span class='ocrx_word' id='word_1_189' title='bbox 271 2493 474 2575; x_wconf 90' lang='lat' dir='ltr'><strong>perturbare</strong></span> <span class='ocrx_word' id='word_1_190' title='bbox 503 2492 655 2574; x_wconf 88' lang='lat' dir='ltr'><strong>cupienti</strong></span> <span class='ocrx_word' id='word_1_191' title='bbox 675 2512 814 2558; x_wconf 88' lang='lat' dir='ltr'><strong>oausam</strong></span> <span class='ocrx_word' id='word_1_192' title='bbox 836 2488 913 2556; x_wconf 89' lang='lat' dir='ltr'><strong>belli</strong></span> <span class='ocrx_word' id='word_1_193' title='bbox 940 2500 1062 2555; x_wconf 85' lang='lat' dir='ltr'><strong>contra</strong></span> <span class='ocrx_word' id='word_1_194' title='bbox 1085 2487 1231 2571; x_wconf 89' lang='lat' dir='ltr'><strong>patriam</strong></span> 
     </span>
     <span class='ocr_line' id='line_1_23' title="bbox 53 2585 1233 2685; baseline 0.004 -35"><span class='ocrx_word' id='word_1_195' title='bbox 53 2585 212 2660; x_wconf 86' lang='lat' dir='ltr'><strong>inserendi</strong></span> <span class='ocrx_word' id='word_1_196' title='bbox 237 2593 372 2662; x_wconf 87' lang='lat' dir='ltr'><strong>dedisti.</strong></span> <span class='ocrx_word' id='word_1_197' title='bbox 415 2594 506 2685; x_wconf 78' lang='lat' dir='ltr'><strong>Quid</strong></span> <span class='ocrx_word' id='word_1_198' title='bbox 531 2588 619 2660; x_wconf 83' lang='lat' dir='ltr'><strong>enim</strong></span> <span class='ocrx_word' id='word_1_199' title='bbox 645 2591 737 2659; x_wconf 86' lang='lat' dir='ltr'><strong>aliud</strong></span> <span class='ocrx_word' id='word_1_200' title='bbox 760 2591 815 2658; x_wconf 88' lang='lat' dir='ltr'><strong>ille</strong></span> <span class='ocrx_word' id='word_1_201' title='bbox 837 2591 996 2659; x_wconf 68' lang='lat' dir='ltr'><strong>dicebat?</strong></span> <span class='ocrx_word' id='word_1_202' title='bbox 1027 2611 1129 2674; x_wconf 90' lang='lat' dir='ltr'><strong>quam</strong></span> <span class='ocrx_word' id='word_1_203' title='bbox 1151 2610 1233 2657; x_wconf 86' lang='lat' dir='ltr'><strong>cau·</strong></span> 
     </span>
     <span class='ocr_line' id='line_1_24' title="bbox 56 2687 1232 2775; baseline 0.001 -19"><span class='ocrx_word' id='word_1_204' title='bbox 56 2707 120 2756; x_wconf 82' lang='lat' dir='ltr'><strong>sam</strong></span> <span class='ocrx_word' id='word_1_205' title='bbox 145 2697 197 2762; x_wconf 91' lang='lat' dir='ltr'><strong>sui</strong></span> <span class='ocrx_word' id='word_1_206' title='bbox 230 2698 478 2764; x_wconf 87' lang='lat' dir='ltr'><strong>dementissimi</strong></span> <span class='ocrx_word' id='word_1_207' title='bbox 508 2696 641 2763; x_wconf 88' lang='lat' dir='ltr'><strong>consilii</strong></span> <span class='ocrx_word' id='word_1_208' title='bbox 669 2708 704 2761; x_wconf 90' lang='lat' dir='ltr'><strong>et</strong></span> <span class='ocrx_word' id='word_1_209' title='bbox 730 2695 812 2761; x_wconf 90' lang='lat' dir='ltr'><strong>facti</strong></span> <span class='ocrx_word' id='word_1_210' title='bbox 840 2694 1018 2768; x_wconf 85' lang='lat' dir='ltr'><strong>afferebat,</strong></span> <span class='ocrx_word' id='word_1_211' title='bbox 1050 2693 1114 2760; x_wconf 87' lang='lat' dir='ltr'><strong>nisi</strong></span> <span class='ocrx_word' id='word_1_212' title='bbox 1138 2687 1232 2775; x_wconf 89' lang='lat' dir='ltr'><strong>quod</strong></span> 
     </span>
     <span class='ocr_line' id='line_1_25' title="bbox 55 2787 1232 2880; baseline 0.003 -27"><span class='ocrx_word' id='word_1_213' title='bbox 55 2787 250 2866; x_wconf 84' lang='lat' dir='ltr'><strong>intercessio</strong></span> <span class='ocrx_word' id='word_1_214' title='bbox 275 2798 449 2880; x_wconf 83' lang='lat' dir='ltr'><strong>neglecta,</strong></span> <span class='ocrx_word' id='word_1_215' title='bbox 471 2799 523 2865; x_wconf 90' lang='lat' dir='ltr'><strong>ius</strong></span> <span class='ocrx_word' id='word_1_216' title='bbox 551 2797 769 2865; x_wconf 88' lang='lat' dir='ltr'><strong>tribunicium</strong></span> <span class='ocrx_word' id='word_1_217' title='bbox 793 2794 983 2874; x_wconf 88' lang='lat' dir='ltr'><strong>sublatum,</strong></span> <span class='ocrx_word' id='word_1_218' title='bbox 1015 2794 1232 2860; x_wconf 88' lang='lat' dir='ltr'><strong>circumscri-</strong></span> 
     </span>
     <span class='ocr_line' id='line_1_26' title="bbox 56 2892 1230 2980; baseline -0.007 -13"><span class='ocrx_word' id='word_1_219' title='bbox 56 2901 126 2967; x_wconf 77' lang='lat' dir='ltr'><strong>Plus</strong></span> <span class='ocrx_word' id='word_1_220' title='bbox 153 2915 316 2970; x_wconf 84' lang='lat' dir='ltr'><strong>asenatu</strong></span> <span class='ocrx_word' id='word_1_221' title='bbox 346 2914 438 2968; x_wconf 87' lang='lat' dir='ltr'><strong>esset</strong></span> <span class='ocrx_word' id='word_1_222' title='bbox 468 2900 667 2968; x_wconf 72' lang='lat' dir='ltr'><strong>Antonius?</strong></span> <span class='ocrx_word' id='word_1_223' title='bbox 707 2900 857 2977; x_wconf 91' lang='lat' dir='ltr'><strong>Omitto,</strong></span> <span class='ocrx_word' id='word_1_224' title='bbox 890 2919 991 2980; x_wconf 86' lang='lat' dir='ltr'><strong>qnam</strong></span> <span class='ocrx_word' id='word_1_225' title='bbox 1019 2896 1104 2962; x_wconf 78' lang='lat' dir='ltr'><strong>liaeo</strong></span> <span class='ocrx_word' id='word_1_226' title='bbox 1129 2892 1230 2972; x_wconf 86' lang='lat' dir='ltr'><strong>falsa,</strong></span> 
     </span>
     <span class='ocr_line' id='line_1_27' title="bbox 59 2993 1231 3085; baseline -0.01 -15"><span class='ocrx_word' id='word_1_227' title='bbox 59 2998 280 3070; x_wconf 67' lang='lat' dir='ltr'><strong>tuam‘levia:</strong></span> <span class='ocrx_word' id='word_1_228' title='bbox 312 3003 514 3085; x_wconf 88' lang='lat' dir='ltr'><strong>praesertim</strong></span> <span class='ocrx_word' id='word_1_229' title='bbox 537 3025 616 3069; x_wconf 79' lang='lat' dir='ltr'><strong>curn</strong></span> <span class='ocrx_word' id='word_1_230' title='bbox 643 3004 783 3069; x_wconf 88' lang='lat' dir='ltr'><strong>omnino</strong></span> <span class='ocrx_word' id='word_1_231' title='bbox 807 2998 901 3067; x_wconf 87' lang='lat' dir='ltr'><strong>nulla</strong></span> <span class='ocrx_word' id='word_1_232' title='bbox 924 3018 1028 3065; x_wconf 85' lang='lat' dir='ltr'><strong>causa</strong></span> <span class='ocrx_word' id='word_1_233' title='bbox 1049 2998 1137 3061; x_wconf 90' lang='lat' dir='ltr'><strong>iusta</strong></span> <span class='ocrx_word' id='word_1_234' title='bbox 1161 2993 1231 3058; x_wconf 88' lang='lat' dir='ltr'><strong>cui·</strong></span> 
     </span>
     <span class='ocr_line' id='line_1_28' title="bbox 59 3092 1232 3188; baseline -0.01 -17"><span class='ocrx_word' id='word_1_235' title='bbox 59 3114 148 3171; x_wconf 75' lang='grc'><strong>(11111111</strong></span> <span class='ocrx_word' id='word_1_236' title='bbox 173 3123 251 3172; x_wconf 87' lang='lat' dir='ltr'><strong>esse</strong></span> <span class='ocrx_word' id='word_1_237' title='bbox 276 3107 386 3188; x_wconf 90' lang='lat' dir='ltr'><strong>possit</strong></span> <span class='ocrx_word' id='word_1_238' title='bbox 410 3117 531 3172; x_wconf 86' lang='lat' dir='ltr'><strong>contra</strong></span> <span class='ocrx_word' id='word_1_239' title='bbox 556 3104 702 3187; x_wconf 86' lang='lat' dir='ltr'><strong>patriam</strong></span> <span class='ocrx_word' id='word_1_240' title='bbox 725 3123 819 3170; x_wconf 84' lang='lat' dir='ltr'><strong>arma</strong></span> <span class='ocrx_word' id='word_1_241' title='bbox 846 3099 1013 3183; x_wconf 86' lang='lat' dir='ltr'><strong>capiendi.</strong></span> <span class='ocrx_word' id='word_1_242' title='bbox 1058 3096 1123 3163; x_wconf 86' lang='lat' dir='ltr'><strong>Sed</strong></span> <span class='ocrx_word' id='word_1_243' title='bbox 1147 3092 1232 3161; x_wconf 90' lang='lat' dir='ltr'><strong>nibil</strong></span> 
     </span>
    </p>

    <p class='ocr_par' dir='ltr' id='par_1_5' title="bbox 60 3190 1291 3391">
     <span class='ocr_line' id='line_1_29' title="bbox 60 3190 1232 3300; baseline -0.001 -36"><span class='ocrx_word' id='word_1_244' title='bbox 60 3190 95 3258; x_wconf 78' lang='lat' dir='ltr'><strong>de</strong></span> <span class='ocrx_word' id='word_1_245' title='bbox 117 3199 280 3272; x_wconf 84' lang='lat' dir='ltr'><strong>Caesare:</strong></span> <span class='ocrx_word' id='word_1_246' title='bbox 312 3208 370 3273; x_wconf 91' lang='lat' dir='ltr'><strong>tibi</strong></span> <span class='ocrx_word' id='word_1_247' title='bbox 394 3219 486 3275; x_wconf 90' lang='grc'><strong>11111</strong></span> <span class='ocrx_word' id='word_1_248' title='bbox 515 3205 749 3300; x_wconf 82' lang='lat' dir='ltr'><strong>confitendum</strong></span> <span class='ocrx_word' id='word_1_249' title='bbox 775 3216 828 3272; x_wconf 88' lang='lat' dir='ltr'><strong>est</strong></span> <span class='ocrx_word' id='word_1_250' title='bbox 851 3223 989 3270; x_wconf 90' lang='lat' dir='ltr'><strong>oausam</strong></span> <span class='ocrx_word' id='word_1_251' title='bbox 1013 3197 1232 3281; x_wconf 88' lang='lat' dir='ltr'><strong>perniciosis·</strong></span> 
     </span>
     <span class='ocr_line' id='line_1_30' title="bbox 61 3287 1291 3391; baseline -0.004 -22"><span class='ocrx_word' id='word_1_252' title='bbox 61 3293 128 3363; x_wconf 75' lang='grc'><strong>111111</strong></span> <span class='ocrx_word' id='word_1_253' title='bbox 152 3304 229 3373; x_wconf 90' lang='lat' dir='ltr'><strong>belli</strong></span> <span class='ocrx_word' id='word_1_254' title='bbox 251 3310 285 3376; x_wconf 86' lang='lat' dir='ltr'><strong>ln</strong></span> <span class='ocrx_word' id='word_1_255' title='bbox 309 3330 455 3391; x_wconf 85' lang='lat' dir='ltr'><strong>persona</strong></span> <span class='ocrx_word' id='word_1_256' title='bbox 482 3321 538 3377; x_wconf 91' lang='lat' dir='ltr'><strong>tua</strong></span> <span class='ocrx_word' id='word_1_257' title='bbox 559 3309 764 3376; x_wconf 84' lang='lat' dir='ltr'><strong>constitisse.</strong></span> <span class='ocrx_word' id='word_1_258' title='bbox 819 3305 847 3372; x_wconf 94' lang='grc' dir='ltr'><strong>Ο</strong></span> <span class='ocrx_word' id='word_1_259' title='bbox 871 3304 1034 3372; x_wconf 90' lang='lat' dir='ltr'><strong>miserum</strong></span> <span class='ocrx_word' id='word_1_260' title='bbox 1057 3312 1107 3376; x_wconf 89' lang='lat' dir='ltr'><strong>te,</strong></span> <span class='ocrx_word' id='word_1_261' title='bbox 1128 3299 1157 3367; x_wconf 90' lang='lat' dir='ltr'><strong>si</strong></span> <span class='ocrx_word' id='word_1_262' title='bbox 1182 3298 1232 3364; x_wconf 90' lang='lat' dir='ltr'><strong>in·</strong></span> <span class='ocrx_word' id='word_1_263' title='bbox 1251 3287 1291 3352; x_wconf 68' lang='lat'><strong>5²</strong></span> 
     </span>
    </p>
   </div>
   <div class='ocr_carea' id='block_1_3' title="bbox 62 3394 1259 3694">
    <p class='ocr_par' dir='ltr' id='par_1_6' title="bbox 62 3394 1259 3694">
     <span class='ocr_line' id='line_1_31' title="bbox 62 3394 1259 3489; baseline 0.008 -32"><span class='ocrx_word' id='word_1_264' title='bbox 62 3394 171 3481; x_wconf 79' lang='lat' dir='ltr'><strong>telligis</strong></span> <span class='ocrx_word' id='word_1_265' title='bbox 194 3406 261 3477; x_wconf 87' lang='lat' dir='ltr'><strong>hoe</strong></span> <span class='ocrx_word' id='word_1_266' title='bbox 281 3407 402 3479; x_wconf 88' lang='lat' dir='ltr'><strong>litteris</strong></span> <span class='ocrx_word' id='word_1_267' title='bbox 424 3409 597 3486; x_wconf 89' lang='lat' dir='ltr'><strong>mandari,</strong></span> <span class='ocrx_word' id='word_1_268' title='bbox 619 3411 686 3477; x_wconf 91' lang='lat' dir='ltr'><strong>hoc</strong></span> <span class='ocrx_word' id='word_1_269' title='bbox 711 3408 898 3475; x_wconf 88' lang='lat' dir='ltr'><strong>memoriae</strong></span> <span class='ocrx_word' id='word_1_270' title='bbox 919 3405 1034 3489; x_wconf 91' lang='lat' dir='ltr'><strong>prodi,</strong></span> <span class='ocrx_word' id='word_1_271' title='bbox 1056 3403 1157 3468; x_wconf 91' lang='lat' dir='ltr'><strong>buius</strong></span> <span class='ocrx_word' id='word_1_272' title='bbox 1172 3396 1259 3467; x_wconf 77' lang='lat' dir='ltr'><strong>‘rei-</strong></span> 
     </span>
     <span class='ocr_line' id='line_1_32' title="bbox 62 3505 1233 3604; baseline 0.009 -47"><span class='ocrx_word' id='word_1_273' title='bbox 62 3515 98 3562; x_wconf 88' lang='lat' dir='ltr'><strong>ue</strong></span> <span class='ocrx_word' id='word_1_274' title='bbox 119 3514 349 3584; x_wconf 87' lang='lat' dir='ltr'><strong>posteritatem</strong></span> <span class='ocrx_word' id='word_1_275' title='bbox 373 3513 508 3596; x_wconf 89' lang='lat' dir='ltr'><strong>quidem</strong></span> <span class='ocrx_word' id='word_1_276' title='bbox 537 3513 690 3579; x_wconf 86' lang='lat' dir='ltr'><strong>onmium</strong></span> <span class='ocrx_word' id='word_1_277' title='bbox 716 3508 914 3579; x_wconf 78' lang='lat' dir='ltr'><strong>seculorum</strong></span> <span class='ocrx_word' id='word_1_278' title='bbox 940 3528 1088 3590; x_wconf 86' lang='lat' dir='ltr'><strong>unquam</strong></span> <span class='ocrx_word' id='word_1_279' title='bbox 1112 3505 1233 3604; x_wconf 77' lang='lat' dir='ltr'><strong>imme·</strong></span> 
     </span>
     <span class='ocr_line' id='line_1_33' title="bbox 63 3606 1230 3694; baseline 0.005 -32"><span class='ocrx_word' id='word_1_280' title='bbox 63 3615 182 3675; x_wconf 74' lang='lat' dir='ltr'><strong>motem</strong></span> <span class='ocrx_word' id='word_1_281' title='bbox 212 3614 303 3694; x_wconf 83' lang='lat' dir='ltr'><strong>lore,</strong></span> <span class='ocrx_word' id='word_1_282' title='bbox 340 3613 498 3682; x_wconf 89' lang='lat' dir='ltr'><strong>consules</strong></span> <span class='ocrx_word' id='word_1_283' title='bbox 524 3636 568 3681; x_wconf 82' lang='lat' dir='ltr'><strong>ex</strong></span> <span class='ocrx_word' id='word_1_284' title='bbox 595 3613 692 3681; x_wconf 88' lang='lat' dir='ltr'><strong>ltalia</strong></span> <span class='ocrx_word' id='word_1_285' title='bbox 721 3609 884 3694; x_wconf 85' lang='lat' dir='ltr'><strong>expulsos</strong></span> <span class='ocrx_word' id='word_1_286' title='bbox 912 3630 1058 3691; x_wconf 87' lang='lat' dir='ltr'><strong>cumque</strong></span> <span class='ocrx_word' id='word_1_287' title='bbox 1083 3608 1134 3674; x_wconf 91' lang='lat' dir='ltr'><strong>bis</strong></span> <span class='ocrx_word' id='word_1_288' title='bbox 1167 3606 1230 3672; x_wconf 86' lang='lat' dir='ltr'><strong>Cn.</strong></span> 
     </span>
    </p>
   </div>
   <div class='ocr_carea' id='block_1_4' title="bbox 64 3696 1233 3848">
    <p class='ocr_par' dir='ltr' id='par_1_7' title="bbox 64 3696 1233 3848">
     <span class='ocr_line' id='line_1_34' title="bbox 64 3696 1233 3813; baseline -0.014 -22"><span class='ocrx_word' id='word_1_289' title='bbox 64 3696 273 3795; x_wconf 71' lang='lat' dir='ltr'><strong>Pompeium,</strong></span> <span class='ocrx_word' id='word_1_290' title='bbox 304 3716 397 3800; x_wconf 86' lang='lat' dir='ltr'><strong>quod</strong></span> <span class='ocrx_word' id='word_1_291' title='bbox 427 3718 559 3799; x_wconf 87' lang='lat' dir='ltr'><strong>imperii</strong></span> <span class='ocrx_word' id='word_1_292' title='bbox 589 3714 707 3798; x_wconf 90' lang='lat' dir='ltr'><strong>populi</strong></span> <span class='ocrx_word' id='word_1_293' title='bbox 736 3713 882 3781; x_wconf 87' lang='lat' dir='ltr'><strong>Romani</strong></span> <span class='ocrx_word' id='word_1_294' title='bbox 914 3711 1018 3780; x_wconf 90' lang='lat' dir='ltr'><strong>decus</strong></span> <span class='ocrx_word' id='word_1_295' title='bbox 1049 3731 1089 3777; x_wconf 90' lang='lat' dir='ltr'><strong>ac</strong></span> <span class='ocrx_word' id='word_1_296' title='bbox 1116 3707 1233 3813; x_wconf 88' lang='lat' dir='ltr'><strong>lumen</strong></span> 
     </span>
     <span class='ocr_line' id='line_1_35' title="bbox 65 3818 243 3848; baseline -0.017 2"><span class='ocrx_word' id='word_1_297' title='bbox 65 3818 243 3848; x_wconf 34' lang='lat' dir='ltr'>N</span> 
     </span>
    </p>
   </div>
   <div class='ocr_carea' id='block_1_5' title="bbox 66 3881 1232 4212">
    <p class='ocr_par' dir='ltr' id='par_1_8' title="bbox 66 3881 1232 4212">
     <span class='ocr_line' id='line_1_36' title="bbox 67 3881 1232 3955; baseline 0.001 -20"><span class='ocrx_word' id='word_1_298' title='bbox 67 3881 97 3924; x_wconf 66' lang='lat' dir='ltr'><strong>ll*</strong></span> <span class='ocrx_word' id='word_1_299' title='bbox 111 3895 249 3952; x_wconf 74' lang='lat' dir='ltr'><strong>constitus,</strong></span> <span class='ocrx_word' id='word_1_300' title='bbox 262 3896 427 3955; x_wconf 79' lang='lat' dir='ltr'><strong>praetoribus,</strong></span> <span class='ocrx_word' id='word_1_301' title='bbox 443 3895 542 3942; x_wconf 80' lang='lat' dir='ltr'><strong>tribunis</strong></span> <span class='ocrx_word' id='word_1_302' title='bbox 556 3896 593 3952; x_wconf 82' lang='lat' dir='ltr'><strong>pl.</strong></span> <span class='ocrx_word' id='word_1_303' title='bbox 611 3899 635 3940; x_wconf 84' lang='lat' dir='ltr'><strong>et</strong></span> <span class='ocrx_word' id='word_1_304' title='bbox 651 3895 731 3949; x_wconf 82' lang='lat' dir='ltr'><strong>nobis,</strong></span> <span class='ocrx_word' id='word_1_305' title='bbox 750 3896 792 3955; x_wconf 81' lang='lat' dir='ltr'><strong>qui</strong></span> <span class='ocrx_word' id='word_1_306' title='bbox 805 3893 997 3952; x_wconf 70' lang='lat' dir='ltr'><strong>proconsulibus</strong></span> <span class='ocrx_word' id='word_1_307' title='bbox 1007 3906 1097 3948; x_wconf 74' lang='lat' dir='ltr'><strong>summ,</strong></span> <span class='ocrx_word' id='word_1_308' title='bbox 1114 3889 1232 3947; x_wconf 71' lang='lat' dir='ltr'><strong>rogelim</strong></span> 
     </span>
     <span class='ocr_line' id='line_1_37' title="bbox 66 3962 1232 4035; baseline -0.005 -13"><span class='ocrx_word' id='word_1_309' title='bbox 66 3962 125 4022; x_wconf 64' lang='lat' dir='ltr'><strong>dedi,</strong></span> <span class='ocrx_word' id='word_1_310' title='bbox 137 3979 160 4019; x_wconf 73' lang='grc'><strong>111</strong></span> <span class='ocrx_word' id='word_1_311' title='bbox 172 3991 311 4035; x_wconf 79' lang='lat' dir='ltr'><strong>curaremus,</strong></span> <span class='ocrx_word' id='word_1_312' title='bbox 323 3980 365 4025; x_wconf 85' lang='grc' dir='ltr'><strong>Ν1</strong></span> <span class='ocrx_word' id='word_1_313' title='bbox 375 3994 440 4033; x_wconf 83' lang='lat' dir='ltr'><strong>coto</strong></span> <span class='ocrx_word' id='word_1_314' title='bbox 453 3993 498 4024; x_wconf 79' lang='lat' dir='ltr'><strong>nes</strong></span> <span class='ocrx_word' id='word_1_315' title='bbox 507 3991 613 4024; x_wconf 71' lang='grc'><strong>11111111</strong></span> <span class='ocrx_word' id='word_1_316' title='bbox 625 3993 789 4025; x_wconf 71' lang='lat' dir='ltr'><strong>omninum</strong></span> <span class='ocrx_word' id='word_1_317' title='bbox 802 3993 920 4025; x_wconf 70' lang='lat' dir='ltr'><strong>croceas.</strong></span> <span class='ocrx_word' id='word_1_318' title='bbox 933 3977 965 4023; x_wconf 87' lang='lat' dir='ltr'><strong>ad</strong></span> <span class='ocrx_word' id='word_1_319' title='bbox 977 3977 1047 4023; x_wconf 81' lang='lat' dir='ltr'><strong>Fam.</strong></span> <span class='ocrx_word' id='word_1_320' title='bbox 1062 3976 1101 4030; x_wconf 84' lang='lat'><strong>16,</strong></span> <span class='ocrx_word' id='word_1_321' title='bbox 1117 3974 1155 4028; x_wconf 93' lang='grc'><strong>11,</strong></span> <span class='ocrx_word' id='word_1_322' title='bbox 1168 3972 1232 4016; x_wconf 84' lang='grc'><strong>3.-</strong></span> 
     </span>
     <span class='ocr_line' id='line_1_38' title="bbox 67 4051 1231 4122; baseline -0.006 -14"><span class='ocrx_word' id='word_1_323' title='bbox 67 4051 163 4108; x_wconf 69' lang='lat' dir='ltr'><strong>l&#39;‘“lssra</strong></span> <span class='ocrx_word' id='word_1_324' title='bbox 180 4062 322 4122; x_wconf 80' lang='lat' dir='ltr'><strong>intercessio]</strong></span> <span class='ocrx_word' id='word_1_325' title='bbox 340 4062 401 4110; x_wconf 85' lang='lat' dir='ltr'><strong>Cum</strong></span> <span class='ocrx_word' id='word_1_326' title='bbox 418 4069 515 4109; x_wconf 83' lang='lat' dir='ltr'><strong>sonatur</strong></span> <span class='ocrx_word' id='word_1_327' title='bbox 533 4064 666 4121; x_wconf 79' lang='lat' dir='ltr'><strong>decresset,</strong></span> <span class='ocrx_word' id='word_1_328' title='bbox 692 4068 719 4108; x_wconf 86' lang='lat' dir='ltr'><strong>ut</strong></span> <span class='ocrx_word' id='word_1_329' title='bbox 741 4061 834 4109; x_wconf 79' lang='lat' dir='ltr'><strong>Caesar</strong></span> <span class='ocrx_word' id='word_1_330' title='bbox 858 4061 968 4122; x_wconf 81' lang='lat' dir='ltr'><strong>privatus</strong></span> <span class='ocrx_word' id='word_1_331' title='bbox 992 4071 1022 4104; x_wconf 78' lang='lat' dir='ltr'><strong>sc</strong></span> <span class='ocrx_word' id='word_1_332' title='bbox 1039 4069 1154 4115; x_wconf 75' lang='lat' dir='ltr'><strong>praecem</strong></span> <span class='ocrx_word' id='word_1_333' title='bbox 1172 4065 1231 4099; x_wconf 82' lang='lat' dir='ltr'><strong>con·</strong></span> 
     </span>
     <span class='ocr_line' id='line_1_39' title="bbox 68 4129 670 4212; baseline 0.005 -22"><span class='ocrx_word' id='word_1_334' title='bbox 68 4129 158 4184; x_wconf 52' lang='grc' dir='ltr'><strong>*ΨΜ</strong></span> <span class='ocrx_word' id='word_1_335' title='bbox 174 4151 279 4205; x_wconf 79' lang='lat' dir='ltr'><strong>pcto-ret,</strong></span> <span class='ocrx_word' id='word_1_336' title='bbox 298 4146 578 4212; x_wconf 66' lang='lat' dir='ltr'><strong>intercanitAntonius.</strong></span> <span class='ocrx_word' id='word_1_337' title='bbox 665 4150 670 4153; x_wconf 88' lang='grc'><em>“</em></span> 
     </span>
    </p>
   </div>
   <div class='ocr_carea' id='block_1_6' title="bbox 70 4230 1231 4384">
    <p class='ocr_par' dir='ltr' id='par_1_9' title="bbox 70 4230 1231 4384">
     <span class='ocr_line' id='line_1_40' title="bbox 125 4230 1231 4315; baseline -0.014 -14"><span class='ocrx_word' id='word_1_338' title='bbox 125 4241 190 4301; x_wconf 76' lang='lat' dir='ltr'><strong>l52.</strong></span> <span class='ocrx_word' id='word_1_339' title='bbox 206 4251 350 4315; x_wconf 78' lang='lat' dir='ltr'><strong>adolescens]</strong></span> <span class='ocrx_word' id='word_1_340' title='bbox 369 4267 447 4301; x_wconf 84' lang='lat' dir='ltr'><strong>aanor</strong></span> <span class='ocrx_word' id='word_1_341' title='bbox 464 4258 536 4300; x_wconf 81' lang='lat' dir='ltr'><strong>uatus</strong></span> <span class='ocrx_word' id='word_1_342' title='bbox 554 4253 672 4314; x_wconf 73' lang='lat' dir='ltr'><strong>xxxiv.</strong></span> <span class='ocrx_word' id='word_1_343' title='bbox 690 4278 725 4290; x_wconf 89' lang='lat'><em>-</em></span> <span class='ocrx_word' id='word_1_344' title='bbox 741 4230 844 4312; x_wconf 73' lang='lat' dir='ltr'><strong>monere]</strong></span> <span class='ocrx_word' id='word_1_345' title='bbox 863 4250 905 4297; x_wconf 85' lang='lat' dir='ltr'><strong>Sic</strong></span> <span class='ocrx_word' id='word_1_346' title='bbox 922 4246 996 4294; x_wconf 83' lang='lat' dir='ltr'><strong>etism</strong></span> <span class='ocrx_word' id='word_1_347' title='bbox 1014 4243 1061 4289; x_wconf 85' lang='lat' dir='ltr'><strong>mei</strong></span> <span class='ocrx_word' id='word_1_348' title='bbox 1078 4249 1134 4289; x_wconf 82' lang='lat' dir='ltr'><strong>tres.</strong></span> <span class='ocrx_word' id='word_1_349' title='bbox 1152 4243 1231 4287; x_wconf 82' lang='lat' dir='ltr'><strong>demo·</strong></span> 
     </span>
     <span class='ocr_line' id='line_1_41' title="bbox 70 4323 260 4384; baseline 0.011 -2"><span class='ocrx_word' id='word_1_350' title='bbox 70 4325 113 4363; x_wconf 56' lang='grc' dir='ltr'><strong>’κη</strong></span> <span class='ocrx_word' id='word_1_351' title='bbox 127 4323 180 4378; x_wconf 71' lang='lat' dir='ltr'><strong>Effl-</strong></span> <span class='ocrx_word' id='word_1_352' title='bbox 196 4337 260 4384; x_wconf 82' lang='lat' dir='ltr'><strong>conl.</strong></span> 
     </span>
    </p>
   </div>
   <div class='ocr_carea' id='block_1_7' title="bbox 0 0 1476 4759">
    <p class='ocr_par' dir='ltr' id='par_1_10' title="bbox 0 0 1476 4759">
     <span class='ocr_line' id='line_1_42' title="bbox 0 0 1476 4759; baseline 0 0"><span class='ocrx_word' id='word_1_353' title='bbox 0 0 1476 4759; x_wconf 95' lang='lat' dir='ltr'><strong> </strong></span> 
     </span>
    </p>
   </div>
  </div>
 </body>
</html>
