2850 4759
219 235 507 306 actiterunt
530 237 567 308 C.
590 235 957 321 ventissimam,
980 262 1010 308 c.
1025 242 1076 308 50.
1200 243 1239 307 59

63 415 140 480 qnae
169 396 314 463 suntin
344 415 385 463 eo
413 395 513 475 fano,
549 396 658 464 multo
685 396 967 480 antiquissimum.
1012 397 1051 464 ld
1079 398 1234 479 sustulit:

59 520 95 565 ae
121 510 240 565 tamen
268 518 308 565 eo
339 508 518 565 contentus
547 521 616 565 non
647 499 723 565 init.
775 502 866 566 Ante
895 500 1014 566 aedem
1043 501 1177 568 Cereris
1199 503 1297 569 iottu

59 612 176 688 aperto
207 621 248 668 ae
278 598 462 682 propatulo
489 599 567 668 loco
596 599 694 680 signa
722 598 790 668 duo
820 592 1083 679 sunt,'Ccreris
1112 626 1235 690 unum,

60 703 203 770 alterum
225 701 448 783 Triptolemi,
471 701 701 784 pulcherrima
722 722 763 768 ac
785 702 969 785 perampla.
1010 702 1236 772 Pulchritudo

61 803 229 888 periculo,
251 803 438 887 amplitudo
461 805 563 872 saluti
586 804 667 882 fuit,
690 801 782 887 quod
804 826 923 872 eorum
947 804 1120 873 demolitio
1136 799 1237 889 atque

64 906 243 985 asportatio
265 905 468 988 perdifficilis
491 906 680 972 videbatur.
723 905 903 974 insistebat
923 908 956 975 in
978 927 1080 973 manu
1102 908 1237 975 Cereris

64 1005 180 1074 dextra
213 1008 343 1088 grande
376 1006 599 1077 simulacrum
631 1005 861 1090 pulcherrime
889 1009 1020 1075 factum
1057 1008 1238 1078 Victoriae.

59 1108 129 1176 lloe
149 1109 216 1175 iste
237 1110 367 1191 esigno
383 1109 516 1177 Cereris
532 1108 746 1176 avellendum
762 1109 1075 1193 asportandumque
1091 1112 1235 1180 curarit.

130 1211 171 1279 L.
216 1211 286 1301 Qui
317 1210 452 1277 tandem
481 1212 579 1279 istius
602 1212 735 1278 animus
758 1224 810 1279 est
830 1232 923 1278 nunc
943 1213 977 1278 in
999 1212 1238 1280 recordatione

59 1310 224 1377 scelerum
245 1332 407 1402 suorum,
430 1332 509 1381 crim
531 1334 595 1394 ego
617 1314 746 1397 ipsein
767 1317 1097 1382 commemoratione
1115 1335 1236 1382 eorum

58 1435 122 1479 non
149 1410 264 1479 solum
293 1415 405 1480 animo
435 1431 674 1500 eommovear,
706 1407 958 1483 verumetiam
987 1438 1132 1498 corpore
1160 1437 1238 1499 pcr-

58 1513 285 1582 horrescam?
322 1515 420 1582 Venit
441 1517 530 1583 enim
552 1514 635 1583 mihi
656 1515 745 1595 lani,
776 1515 863 1597 loci,
896 1516 1071 1597 religionis
1091 1516 1182 1584 illius
1203 1519 1237 1585 in

60 1628 223 1684 mentem:
259 1630 440 1685 versantur
460 1630 539 1686 ante
560 1617 681 1687 oculos
705 1620 837 1686 omnia:
878 1617 951 1687 dies
973 1618 1048 1696 ille,
1084 1642 1151 1703 quo
1174 1641 1239 1701 ego

57 1718 213 1787 Hennam
232 1741 311 1787 cum
333 1720 521 1798 venissem,
543 1733 681 1804 praesto
697 1720 779 1787 mibi
794 1720 993 1791 sacerdotes
1009 1723 1143 1790 Cereris
1159 1745 1237 1790 cum

58 1820 170 1889 infulis
191 1843 232 1889 ae
253 1822 409 1891 verbenis
431 1823 587 1891 fuerunt:
618 1824 733 1892 contio
756 1837 1015 1909 conventusque
1036 1824 1177 1891 civium:
1204 1827 1239 1892 in

57 1946 119 2005 qno
148 1944 213 2004 ego
240 1944 319 1991 cum
340 1923 518 2007 loquerer,
556 1927 638 1993 tanti
658 1925 808 2007 gemitus
832 1926 1000 2009 fletusque
1021 1926 1164 2006 fiebant,
1200 1937 1239 1993 ut

59 2026 294 2093 acerbissimus
323 2028 511 2108 totarurbe
541 2027 655 2096 luctus
682 2029 813 2096 versari
841 2028 1027 2096 videretur.
1077 2030 1156 2096 Non
1187 2019 1299 2094 illilll

60 2125 278 2195 decumarum
298 2128 462 2214 imperia,
492 2150 561 2196 non
584 2130 753 2198 bonorum
775 2130 1002 2213 direptiones,
1033 2151 1102 2195 non
1123 2130 1237 2211 iniqua

60 2227 198 2308 iudicia,
218 2252 288 2298 non
310 2231 524 2313 importunas
546 2232 645 2299 istius
666 2231 843 2311 libidines,
864 2253 936 2298 non
957 2231 1045 2306 vim,
1066 2253 1136 2297 non
1157 2252 1238 2297 con-

61 2328 230 2412 tumelias,
253 2332 377 2415 quibus
398 2335 513 2400 vexati
536 2334 757 2417 oppressique
779 2343 892 2411 erant,
920 2333 1236 2415 conquerebantur:

58 2430 188 2500 Cereris
203 2455 351 2513 numen,
372 2455 553 2510 sacrorum
568 2447 792 2513 vetustatem,
814 2433 883 2502 fa'ni
899 2433 1117 2525 religionem,
1138 2434 1237 2503 istius

57 2532 309 2604 sceleratissimi
335 2550 438 2620 atque
467 2537 684 2607 audacissimi
711 2535 879 2619 supplicio
908 2535 1039 2619 expiari
1059 2532 1236 2601 volebant:

56 2638 169 2705 omnia
196 2658 234 2706 se
265 2653 379 2707 cetera
404 2642 474 2723 pati
495 2662 536 2709 ac
556 2640 730 2722 negligere
751 2640 919 2710 dicebant.
958 2639 1023 2705 tlte
1045 2636 1146 2705 dolor
1166 2647 1240 2703 erat

59 2751 188 2817 tantus,
209 2752 248 2807 ut
270 2740 395 2809 Verres
414 2740 503 2810 alter
523 2743 636 2812 Orcus
656 2744 791 2811 venisse
812 2743 986 2818 Hennam,
1010 2752 1045 2808 et
1065 2764 1133 2807 non
1153 2743 1240 2806 Pro-

60 2843 229 2924 serpinam
251 2857 463 2926 asportasse,
498 2845 560 2913 sed
582 2847 690 2927 ipsam
712 2846 902 2928 abripuisse
924 2846 1084 2911 Cererem
1107 2842 1240 2908 videre·

60 2955 126 3012 tur.
166 2945 302 3013 Etenim
324 2947 406 3014 urbs
427 2945 485 3013 illa
505 2971 574 3016 non
596 2949 676 3015 urbs
698 2945 852 3033 videtur,
881 2946 942 3014 sed
962 2945 1080 3012 fanum
1104 2940 1238 3007 Cereris

60 3067 148 3114 csse:
166 3043 323 3117 habitare
344 3048 433 3131 apud
453 3071 530 3119 sese
552 3052 712 3118 Cererem
734 3049 933 3116 Hennenses
955 3046 1179 3114 arbitrantur:
1201 3056 1239 3109 ut

59 3148 138 3215 inibi
158 3173 229 3218 non
251 3152 342 3219 cives
363 3150 453 3220 illius
476 3154 638 3229 civitatis,
659 3151 724 3219 sed
742 3171 862 3218 omnes
876 3148 1093 3223 sacerdotes,
1116 3166 1236 3213 omnes

60 3250 196 3319 accolae
223 3265 325 3337 atque
352 3255 520 3323 antistites
548 3257 681 3324 Cereris
710 3274 785 3322 esse
812 3251 1002 3319 videantur.
1049 3253 1172 3356 ⁴Henna
1199 3247 1301 3317 tull?

60 3376 286 3395 q———uuu—-n

128 3463 396 3526 §110.1³utetrtruto]
421 3467 483 3528 neg.
510 3470 576 3517 Leid.
601 3471 638 3514 lu's
656 3468 809 3528 pulchritudo
826 3466 884 3513 Ero.
903 3467 928 3511 Z.
947 3467 1031 3512 Facile
1049 3472 1129 3512 autem
1147 3478 1240 3525 prono-

62 3546 127 3593 mine
143 3564 251 3597 caremus
269 3551 293 3598 in
311 3552 449 3599 huiusmodi
467 3550 624 3606 narratione,
643 3548 788 3608 praesertim
806 3562 860 3594 curn
878 3553 992 3608 sequatur
1009 3561 1096 3592 eorum.
1107 3572 1142 3583 -
1152 3546 1242 3604 grande

61 3633 219 3694 simulacrum]
239 3636 302 3695 lleg.
320 3636 433 3682 totae.
469 3634 610 3694 Significat,
640 3641 666 3679 ut
684 3634 791 3693 opinor,
817 3637 921 3691 propter
939 3632 986 3676 boc
1004 3630 1082 3689 ipsum
1102 3629 1183 3676 Verris
1200 3643 1242 3674 cu·

61 3715 190 3773 piditatern
207 3718 314 3765 illectam
333 3735 397 3774 esse,
426 3720 492 3780 quod
509 3720 600 3775 grande
619 3724 686 3769 crat,
713 3716 791 3761 maius
809 3715 884 3774 igitur
901 3729 974 3775 quem
987 3715 1105 3774 pleraque
1116 3710 1242 3758 Victoriae

64 3799 206 3859 simulacra,
223 3804 351 3851 Minervae
363 3802 507 3864 praesertim
524 3801 596 3862 signis
615 3802 639 3847 in
657 3801 742 3861 palme
760 3802 849 3846 dextra
864 3798 984 3845 collocari
996 3797 1078 3843 solita.
1096 3796 1180 3856 Volgo
1193 3809 1243 3843 om.

62 3883 161 3938 grande.

135 3989 212 4051 llll.
230 3996 309 4040 veruti
325 3993 483 4055 oppressique]
503 3995 564 4055 lieg.
582 3996 650 4042 Leid.
669 3995 695 4040 Z.
713 3995 791 4052 operti
810 3993 960 4051 oppressique
978 3991 1055 4050 Sgall.
1067 3990 1126 4036 Ern.
1144 3989 1243 4046 „Oper-

65 4076 103 4115 tus
123 4078 184 4131 apud
200 4077 251 4123 Cic.
270 4092 366 4136 semper
383 4077 529 4124 adiectivum
544 4084 594 4133 est:
612 4091 734 4138 uunquam
752 4076 800 4122 boc
818 4075 954 4135 significatu
972 4090 996 4121 r.
1015 4075 1107 4131 operire
1125 4072 1241 4117 trorulate

65 4155 182 4220 dicitur.“
199 4160 224 4205 Z.
242 4160 320 4206 Mirus
337 4175 406 4208 error
423 4160 518 4209 videtur
535 4168 606 4207 natus
623 4174 657 4207 ex
674 4159 843 4220 geminatione
859 4174 879 4205 s.
897 4157 1069 4228 drrroypuqiq
1086 4170 1109 4201 v.
1128 4153 1241 4210 oppressi.

138 4261 214 4324 5112.
240 4268 328 4313 Herrno
353 4271 377 4312 iu
401 4269 429 4314 de
454 4268 534 4329 manu]
563 4270 624 4330 Reg.
642 4266 709 4315 Leid.
728 4267 755 4313 Z.
773 4279 820 4326 pro
838 4265 896 4312 Ern.
914 4266 1015 4310 Eunae'
1036 4262 1088 4307 Nec
1105 4264 1141 4304 est
1158 4270 1201 4302 cur
1217 4256 1242 4301 in
