2850 4759
174 325 177 336 .
212 276 253 341 rt
314 327 317 330 -
687 270 926 350 CICERONIS

153 479 156 484 «
213 433 297 503 real
317 431 519 516 praesertim
539 451 618 499 euru
639 431 669 499 is
693 429 730 496 1..
753 429 912 503 Sisenna,
940 426 1222 506 defensorem,
1249 438 1319 494 taur
1341 427 1384 494 ta·

214 535 390 603 miliariter·
406 544 580 617 uteretur,
601 544 733 599 etcum
753 531 877 598 ceteris
897 527 1119 597 familiaribus
1137 531 1298 597 Sisennae
1317 529 1384 595 red·

154 647 192 710 tt
213 636 385 708 didissest
407 635 558 716 Denique
573 655 641 701 non
656 632 778 714 opium·
794 642 998 711 tingatur-om
1018 651 1095 698 esse
1111 641 1161 710 te,
1182 628 1314 696 homini
1328 628 1382 696 lao-

211 750 331 814 uesto,
353 735 414 804 sat
434 757 501 802 non
518 723 730 814 gratiosiori,
751 753 852 815 qnam
866 735 928 799 Cu.
942 730 1090 802 Calidius
1108 743 1177 810 est,
1201 732 1236 798 L.
1250 731 1381 798 Curidio

210 851 391 921 argentum
411 857 472 918 per
497 834 741 914 Potamonem,
764 834 910 901 amicum
938 844 1052 910 tirum,
1074 831 1277 900 reddidisse.
1322 834 1381 923 Qui

211 938 348 1024 quidem
369 948 564 1003 ceterorum
590 956 729 1002 causatu
756 932 845 1014 apud
871 946 903 1000 te
925 932 1145 1002 difficiliorem
1165 935 1268 1005 tecit..
1300 935 1379 1004 Nam
1417 999 1418 1028 ;

208 1062 290 1108 eum
317 1050 349 1105 te
372 1038 616 1104 confirmasses
645 1033 880 1117 compluribus
901 1035 1134 1113 redditurum,
1164 1048 1379 1119 posteaquam
1417 1037 1418 1104 3

117 1137 120 1146 ⁴
153 1177 158 1184 ·
211 1140 371 1207 Curidius
390 1159 453 1219 pro
476 1138 670 1205 testimonio
696 1135 802 1213 dixit,
825 1147 857 1203 te
878 1137 940 1203 sibi
962 1135 1162 1213 reddidisse,
1187 1139 1289 1206 linem
1312 1140 1380 1206 ned·

209 1231 311 1301 doudi
336 1235 462 1307 fecisti:
484 1236 575 1321 quod
598 1236 807 1322 intellexisti,
829 1236 954 1318 praeda
976 1249 1007 1306 te
1026 1238 1067 1308 de
1088 1241 1241 1309 manibus
1263 1244 1378 1309 emissa

210 1340 441 1408 testimonium
467 1351 581 1415 tamen
600 1341 750 1420 effugere
770 1360 847 1404 nou-
869 1360 983 1422 posse.
1025 1341 1086 1407 Cu.
1110 1339 1261 1420 Calidio,
1284 1344 1378 1426 equiti
1417 1399 1418 1404 ,

209 1441 385 1523 Romano,
407 1463 467 1525 per
490 1462 610 1510 omues
636 1441 720 1509 alios
744 1451 921 1523 praetores
947 1438 1042 1507 liouit
1063 1440 1187 1509 habero
1208 1457 1378 1524 argentum

208 1541 462 1622 benefactum
489 1542 583 1610 licuit
606 1563 708 1626 posse
729 1540 927 1610 domesticis
952 1543 1076 1625 copiis,
1104 1565 1182 1610 curn
1209 1548 1379 1626 magistra·

210 1652 282 1709 tum
308 1643 532 1728 autaliquem
557 1644 771 1728 superiorem
793 1644 987 1723 invitasset,
1015 1666 1139 1713 ornare
1167 1658 1200 1712 et
1223 1668 1377 1730 apparare

208 1745 419 1813 convivium.
482 1745 586 1814 Multi
620 1746 713 1813 domi
748 1747 811 1813 Cn.
838 1747 957 1813 Calidii
986 1769 1065 1814 cum
1090 1760 1258 1829 potestate
1286 1762 1378 1830 atque

206 1847 350 1930 imperio
379 1848 533 1914 luerontt
567 1868 669 1916 nemo
697 1848 857 1914 iuventus
883 1859 936 1916 est
961 1858 1029 1913 tam
1056 1869 1190 1925 amous,
1224 1850 1281 1932 qrri
1302 1849 1375 1916 illud

206 1961 473 2031 argentoratum
498 1947 713 2032 praeclarum
730 1970 772 2016 ao
794 1960 862 2016 tam
880 1948 992 2016 nobile
1011 1950 1172 2035 eriperet,
1194 1970 1296 2017 nenio
1312 1963 1374 2017 tarn

206 2050 340 2130 audax,
362 2053 418 2136 qni
435 2064 611 2135 posceret,
631 2073 734 2120 tremo
756 2063 824 2120 tatu
843 2051 1042 2134 impudens,
1065 2051 1120 2133 qui
1137 2051 1325 2134 postularet
1343 2065 1377 2118 ot

147 2154 187 2217 15
207 2153 380 2221 venderet.
422 2154 613 2238 Superbum
636 2166 689 2222 est
709 2155 818 2233 eninr,
850 2154 1000 2230 iudices,
1032 2165 1067 2219 et
1090 2176 1160 2220 uon
1184 2153 1377 2237 serendum,

206 2253 321 2323 (licere
354 2267 548 2339 praetorem
581 2259 614 2325 iu
643 2258 820 2341 provincia
846 2257 975 2323 bomini
1004 2256 1168 2334 honesto,
1204 2256 1376 2338 locupleti,

205 2356 406 2442 splendido,
428 2359 540 2427 vende
560 2358 653 2426 milri
670 2380 763 2429 oasa
786 2355 941 2425 caelata.
982 2358 1058 2427 Hoo
1076 2367 1129 2425 est
1146 2360 1234 2426 enim
1253 2359 1374 2425 dir-ere:

205 2483 274 2531 uon
302 2483 338 2531 ea
367 2461 489 2545 dignus
515 2474 571 2541 tu,
601 2461 658 2543 qui
683 2458 825 2534 habeas,
856 2479 942 2543 quae
969 2471 1038 2531 man
1062 2462 1146 2529 beue
1168 2462 1260 2529 laeta
1286 2471 1373 2530 suot:

206 2648 425 2664 D———u—

272 2776 339 2841 ill.
356 2776 479 2840 equitabit]
497 2794 550 2827 aera
567 2777 683 2835 iactabit,
710 2776 842 2826 exultabit.
865 2778 910 2826 cfr.
932 2779 1026 2828 Manui.
1042 2804 1077 2820 ··-
1094 2780 1138 2826 Eat
1153 2777 1227 2844 tanti]
1255 2795 1293 2841 pr.
1309 2794 1331 2827 er
1345 2781 1382 2828 ist'
1415 2811 1416 2836 ,

203 2860 251 2906 mir
266 2873 294 2905 so
310 2862 357 2906 viel
373 2865 457 2917 arertbr
482 2864 520 2906 iclr
538 2863 597 2907 hara
612 2875 637 2908 es
654 2861 746 2921 darunt!
756 2865 909 2918 aulrommerra
940 2869 968 2910 ut
984 2863 1058 2909 citit,
1088 2865 1118 2920 1,·
1143 2865 1168 2909 9.
1192 2865 1236 2909 Se'tl
1257 2869 1292 2909 ert
1306 2865 1370 2916 tanti,
1415 2869 1416 2932 i

202 2945 327 2990 dummodo
344 2946 389 2990 iata
402 2947 499 3003 prieuta
521 2946 555 2989 ait
570 2947 698 2990 calamitas.
723 2951 749 2990 ot
765 2944 839 2992 Catil.
858 2946 888 2998 2,
908 2946 931 2992 7.
970 2947 1014 2991 Eat
1030 2948 1088 2992 milri
1105 2948 1176 3000 tanti,
1193 2948 1261 2991 lrrriua
1278 2947 1371 2991 inuidiae

196 3021 480 3086 salares-tempestatem
502 3028 587 3072 subire.
629 3026 658 3073 la
682 3033 787 3090 utroquo
810 3027 868 3075 loco
890 3030 954 3074 male
971 3030 1030 3074 olim
1048 3029 1283 3088 interpretabantur:
1308 3042 1330 3073 aa
1345 3030 1371 3082 irr

156 3146 164 3164 ,
201 3111 249 3155 mir
265 3111 434 3170 gieirlrgitttr'g,
464 3122 519 3156 eum
542 3108 586 3156 att:
612 3115 672 3167 „eat
689 3125 783 3169 operae
800 3110 938 3172 pretium.“
963 3110 992 3174 (i
1013 3111 1369 3172 13.)-atareaoto]1teg.

200 3193 269 3239 beto.
287 3209 302 3238 a
320 3198 342 3237 te
358 3196 419 3240 solo.
454 3191 545 3239 Verum
568 3191 592 3238 ln
617 3193 656 3240 bia
682 3195 764 3241 Oratt.
790 3201 931 3242 constanter
955 3195 1118 3256 amariorem
1141 3196 1248 3243 formam
1271 3194 1368 3242 retinuit

199 3275 252 3338 Cfr.
271 3264 416 3336 zumptium.
433 3300 467 3315 -
484 3287 530 3320 aaa
547 3288 598 3320 curu
615 3278 697 3322 ceteris
714 3273 810 3340 Stratis]
825 3278 937 3325 ‘l‘ametal
955 3279 1008 3338 ipae
1025 3279 1118 3326 siculos
1135 3293 1185 3325 non
1203 3286 1270 3332 erat,
1297 3284 1369 3323 tameo

198 3371 231 3404 ae
248 3359 268 3405 ri
286 3365 363 3415 earet,
380 3360 467 3405 eadem
483 3372 532 3419 qua
549 3357 639 3419 ceteri,
658 3357 811 3406 alliciebatur
828 3359 925 3407 iniuria.
943 3384 978 3398 -
995 3363 1020 3404 trr
1034 3355 1122 3422 porro]
1141 3359 1162 3404 ri
1179 3365 1308 3418 praeterea
1323 3355 1370 3401 tare
1414 3395 1415 3418 ,

200 3442 313 3490 obtinere
339 3457 440 3504 porros,
465 3448 491 3489 ut
517 3447 642 3504 tamquam
665 3442 773 3504 legitimo
794 3449 902 3503 emptum
924 3442 950 3489 id
973 3442 1074 3490 Calidio
1097 3455 1146 3490 noa
1170 3444 1296 3499 roddoraa,
1321 3451 1369 3486 eon
1414 3447 1415 3518 t

199 3534 286 3590 erepta
303 3527 390 3575 ceteris
407 3526 521 3575 Sisennae
537 3526 697 3574 familiaribus
713 3527 864 3574 reddidisses.
1231 3537 1233 3541 ·

268 3634 334 3699 ild.
353 3637 380 3682 b.
398 3634 525 3696 Papirium
542 3634 720 3693 Potamonem,
738 3648 788 3695 quo
806 3632 885 3680 scriba
903 3647 958 3679 usur
975 3643 1029 3682 erat
1046 3633 1182 3689 Caecilius,
1200 3633 1283 3681 Verris
1300 3646 1368 3694 quae·

198 3726 259 3768 ator.
276 3720 359 3769 Dinia.
377 3734 399 3767 c.
417 3722 441 3769 9.
459 3720 551 3777 mua,
569 3722 602 3769 60
620 3728 645 3769 et
662 3721 703 3767 oo.
721 3718 792 3764 Mau.
803 3740 839 3753 -
853 3727 904 3761 eum
919 3720 1031 3771 potestate
1048 3720 1116 3774 atque
1133 3714 1244 3773 imperio]
1262 3714 1301 3760 Sic
1312 3713 1367 3770 Beg-
1413 3765 1414 3768 Ἴ

199 3800 266 3848 beld.
285 3801 343 3862 (bic
360 3808 508 3851 tamencum
524 3802 720 3867 frequentissimo
737 3814 817 3848 naevo
834 3815 870 3857 ac,
888 3799 946 3845 item
962 3796 1024 3858 547.
1041 3801 1111 3843 simut
1127 3812 1156 3843 ae
1173 3799 1211 3853 tna
1226 3797 1367 3858 ignorabant

198 3880 262 3928 enlm
288 3882 381 3930 librarii
404 3899 433 3930 oe
453 3891 511 3932 ante
533 3886 645 3933 vocalem
667 3889 693 3929 et
714 3882 890 3944 aspirationem
907 3896 956 3928 nou
983 3880 1065 3943 poni.)
1083 3880 1142 3928 rano
1158 3880 1270 3950 legitimo
1287 3878 1365 3928 ordina

196 3959 363 4020 („anteeedit
388 3972 514 4026 potestas,
542 3966 640 4024 insuper
664 3966 737 4012 datur
761 3965 919 4027 imperium.“
936 3962 976 4024 Z.)
1003 3960 1149 4026 quamquam
1175 3964 1249 4011 etiam
1274 3965 1365 4012 iuvem

197 4045 284 4093 ordine
302 4062 350 4105 pro
373 4050 473 4107 imperio
495 4053 519 4095 et
535 4053 650 4108 potestate
673 4050 749 4096 habea
771 4048 842 4110 54⁹·
860 4051 1063 4109 quamadmodum
1084 4048 1123 4094 tue
1145 4048 1205 4094 Era.
1222 4060 1276 4094 cum
1293 4045 1365 4095 codd·

197 4128 356 4178 deterioribus
372 4145 423 4178 eum
441 4132 541 4190 imperio
557 4146 586 4177 ac
600 4136 722 4190 potestate.
756 4134 829 4180 Adeo
841 4132 866 4179 iu
884 4133 973 4180 talibus
991 4147 1029 4180 rar
1041 4135 1131 4194 pendat
1148 4132 1182 4178 ab
1197 4131 1301 4178 arbitrio
1311 4125 1366 4175 aad·
1412 4159 1413 4192 ,

197 4212 288 4280 1¹10¹l⁸2
314 4214 354 4262 eui
379 4213 455 4263 verbo
476 4215 516 4264 vel
540 4222 644 4278 propter
660 4230 757 4268 sensum
770 4218 810 4267 vel
822 4224 932 4280 propter
948 4218 1083 4280 gratiorem
1100 4229 1187 4266 sonum
1204 4218 1286 4266 locum
1304 4211 1366 4276 prio·
1412 4195 1413 4290 l

198 4311 248 4349 ron
265 4297 390 4364 assignare
406 4294 473 4347 r'ettt.
