2850 4759
197 265 267 342 “a
575 269 581 326 ἶ
677 269 914 349 etennonts

202 436 417 526 Conlirnrare
443 434 510 500 hoc
535 432 680 517 liquido,
710 434 858 518 indices,
890 452 1049 515 possum,
1082 430 1198 498 valnas
1228 430 1369 511 manniti

204 540 391 616 rerstiores,
414 557 458 604 ex
479 560 560 604 anro
583 551 682 620 atque
704 539 806 603 chore
828 533 1068 616 perfectiores,
1098 529 1208 600 nullas
1231 556 1366 615 unquam

203 641 273 708 nllo
298 640 424 722 templo
446 639 565 704 fuisse.
607 638 809 706 Incredibile
830 637 922 702 dictu
937 646 1005 711 est,
1027 656 1128 717 quam
1144 634 1244 701 multi
1259 637 1366 700 Graeci

203 743 245 810 de
265 742 387 809 hanun
411 739 586 807 valvarum
608 739 862 821 pulchritudine
883 739 1050 818 scriptum
1074 735 1286 820 reliquerint.
1324 738 1368 803 Ni·

202 847 310 912 mium
338 844 483 911 forsitan
511 843 594 909 haee
619 840 667 906 illi
695 843 862 906 mirentur
890 852 991 922 atque
1013 841 1171 905 efferant:
1202 852 1300 916 estes
1325 860 1367 903 re·

201 960 396 1013 rrnntamen
418 945 595 1010 honestius
617 955 670 1010 est
689 944 738 1009 rei
768 942 921 1025 publicae
949 954 1106 1017 nostrae,
1138 942 1290 1018 indices,
1322 962 1367 1012 ea,

201 1069 289 1132 qliae
312 1049 376 1115 illis
398 1045 539 1130 pulchra
561 1066 637 1111 esse
658 1042 859 1122 videantur,
893 1045 1136 1126 imperatorem
1165 1055 1323 1110 nostrum
1343 1044 1368 1107 in

204 1150 292 1218 hello
322 1150 515 1232 reliquisse,
559 1168 659 1226 quam
689 1158 884 1227 praetorem
913 1146 945 1212 in
972 1167 1056 1227 pace
1082 1144 1279 1213 abstulisse.
1326 1145 1368 1210 En

204 1253 308 1317 ebore
330 1242 586 1330 diligentissime
606 1247 760 1330 perfecta
788 1258 991 1326 argumenta
1014 1258 1111 1312 erant
1131 1248 1165 1312 in
1187 1244 1313 1313 valvis:
1336 1265 1369 1310 ea

205 1351 411 1419 detrahenda
432 1352 565 1419 curavit
585 1350 709 1416 omnia.
752 1348 927 1427 Gorgonis
949 1370 986 1415 os
1002 1347 1294 1431 pulcherrimum,
1314 1349 1370 1412 cin·

203 1465 298 1519 etnru
320 1455 506 1532 anguibus,
537 1450 668 1517 revellit
696 1462 797 1531 atque
824 1449 978 1516 abstulit:
1011 1461 1178 1515 ettamen
1201 1450 1369 1526 indicavit,

204 1575 241 1621 se
263 1578 331 1621 non
360 1554 472 1621 solum
503 1554 666 1631 artificio,
707 1551 770 1618 sed
797 1551 898 1617 etiam
927 1551 1038 1633 pretio
1060 1564 1275 1633 quaestuque
1296 1551 1370 1617 duci.

203 1657 292 1723 Nam
315 1655 422 1723 bullas
443 1675 563 1722 aureas
586 1674 705 1720 omnes
734 1653 839 1717 exiis
867 1651 989 1728 valvis,
1025 1673 1110 1734 quae
1138 1665 1236 1720 erant
1257 1652 1371 1720 multae

205 1770 405 1837 etgraves,
437 1779 505 1823 non
536 1757 702 1823 dubitavit
731 1754 884 1834 auferre,
922 1777 1063 1836 quarum
1092 1756 1156 1822 iste
1182 1779 1252 1822 non
1285 1775 1371 1838 opere

205 1858 458 1935 delectabatur,
480 1857 539 1925 sed
563 1857 725 1936 pondere.
768 1858 886 1935 ltaque
908 1855 1075 1923 eiusmodi
1096 1856 1213 1923 valvas
1236 1856 1370 1939 reliquit,

148 1990 152 2004 x
203 1971 257 2034 ut,
289 1980 374 2041 qnae
397 1959 477 2024 olim
501 1958 544 2023 sd
561 1957 757 2024 ornandum
782 1956 945 2039 templum
974 1969 1072 2023 erant
1092 1959 1262 2035 inaximo,
1293 1977 1371 2024 nnnc

145 2072 343 2132 125tnntum
366 2059 408 2126 ad
430 2058 656 2127 claudendum
680 2059 791 2123 sactae
812 2080 887 2125 esse
902 2058 1094 2125 videantur
1135 2062 1295 2126 Etiamne
1307 2081 1373 2138 gra·

164 2163 334 2227 minsas
357 2160 472 2228 hastas
494 2199 531 2216 —
556 2162 630 2226 Vidi
653 2162 742 2227 eninr
766 2181 826 2228 vos
850 2163 882 2226 in
911 2160 976 2227 hoc
997 2165 1152 2238 nomine,
1186 2184 1262 2228 cunr
1284 2163 1372 2227 testis

206 2263 351 2343 diceret,
374 2264 605 2341 commoveri,
628 2262 719 2344 quod
743 2273 839 2327 erant
860 2263 1045 2339 eiusmodi,
1071 2273 1109 2326 nt
1129 2262 1237 2328 semel
1260 2262 1372 2328 vidisse

205 2367 288 2434 satis
310 2378 416 2433 esset:
439 2368 472 2431 iu
496 2366 615 2448 quibus
636 2373 745 2444 neque
767 2385 871 2428 mann
892 2363 1022 2429 factum
1045 2365 1247 2446 quiequam,
1274 2383 1371 2446 neque

204 2466 425 2548 pulchritudo
457 2464 641 2541 metulla,
684 2463 745 2530 sed
773 2473 908 2529 tanturn
931 2464 1130 2543 magnitudo
1157 2465 1371 2538 incredibilis,

204 2568 248 2631 de
275 2588 342 2646 qua
371 2566 426 2631 vel
455 2565 571 2631 audire
597 2566 679 2630 satis
708 2575 816 2647 esset,
851 2566 992 2632 nimium
1022 2566 1138 2684 videre
1171 2565 1251 2648 plns
1283 2587 1371 2649 qnam

205 2666 372 2732 semel-
394 2668 496 2731 etiam
518 2666 551 2730 id
573 2665 793 2746 concupisti?

284 2766 384 2831 LVll
423 2766 511 2831 Nam
535 2767 686 2849 Sappho,
718 2785 804 2846 quae
825 2764 957 2832 sublata
983 2768 1025 2833 de
1044 2770 1203 2850 prytanio
1225 2782 1296 2857 est,
1325 2767 1373 2834 dat
1411 2779 1413 2838 ἔ

177 2815 263 2935 .tibi
300 2868 424 2933 iustam
464 2869 740 2948 excusationem,
781 2888 888 2947 prope
925 2881 964 2935 ut
994 2869 1253 2937 concedendum
1285 2884 1372 2952 atque
1412 2874 1413 2942 l

144 2971 453 3051 lenignoscentlurn
477 2991 551 3048 esse
575 2969 740 3035 videatur.
783 2967 960 3036 Silanionis
983 2992 1071 3051 opus
1091 2981 1158 3038 tam
1179 2974 1373 3053 perfectum,

272 3251 284 3311 l
304 3254 361 3298 125.
384 3255 519 3311 grandescis
541 3254 630 3315 hester]
647 3255 649 3258 '
666 3255 697 3299 V.
722 3254 884 3300 Garatoninrn
908 3255 941 3298 ad
963 3252 1048 3298 Plane.
1072 3267 1097 3311 p.
1121 3253 1180 3300 fidi.
1204 3256 1262 3316 lid.v
1275 3262 1371 3303 nostem.

205 3333 376 3393 Intellignntnr
394 3336 523 3381 arundines
540 3336 654 3391 Indicae,
678 3337 851 3391 Bamdnsrolrr,
877 3351 893 3381 a
911 3336 1106 3395 negotiatoribus
1124 3351 1159 3382 ex
1176 3338 1279 3385 Oriente
1295 3342 1373 3397 depor·
1410 3372 1411 3375 ,

205 3421 274 3461 tatae
304 3421 329 3460 et
351 3424 454 3474 propter
479 3417 602 3462 insolitam
624 3418 731 3477 speciem
753 3419 777 3462 in
802 3418 899 3475 templis
916 3418 1052 3464 dedicatae.
1070 3441 1103 3456 ·-
1120 3432 1162 3463 eos
1179 3423 1203 3465 in
1220 3423 1267 3466 lsoe
1283 3418 1374 3475 somine]

205 3495 282 3540 Recte
300 3496 423 3553 Zumptitn
442 3510 489 3542 non
509 3497 540 3540 ad
559 3497 644 3542 mirum
661 3498 746 3556 ntique
763 3510 850 3543 nomen
869 3499 993 3545 hastarum
1010 3501 1189 3560 gramineamrn
1207 3500 1375 3562 (Gmesetnflr)
1409 3489 1411 3538 l

206 3577 281 3622 refert
302 3577 410 3624 indicum
432 3578 635 3632 commotionem,
667 3581 709 3623 sed
732 3593 814 3624 nomen
837 3581 1013 3641 interpretatur
1037 3586 1190 3629 emanationis
1215 3588 1299 3634 locum.
1340 3585 1375 3629 lte

204 3661 286 3703 locum
311 3659 386 3705 habet
409 3662 470 3717 qnod
494 3664 540 3705 cet.
576 3660 800 3708 Commovehantnr
822 3663 914 3710 inntens
935 3666 983 3711 hoe
1006 3664 1095 3711 crimen
1121 3666 1221 3727 eiusque
1238 3674 1323 3715 testem
1338 3680 1376 3712 sn·

204 3741 310 3795 dientes,
329 3742 396 3800 qnod
414 3755 445 3787 eo
461 3741 603 3800 cupiditatis
621 3744 778 3802 processisset
797 3745 898 3804 Verres,
921 3754 948 3794 nt
965 3762 1016 3795 rem
1033 3748 1120 3794 miram
1136 3750 1249 3810 quidem,
1274 3753 1315 3799 sed
1330 3751 1375 3796 nnl-
1409 3783 1410 3822 ἑ

205 3821 251 3868 lius
268 3823 343 3881 plane
361 3835 416 3888 nens
433 3838 448 3869 e
465 3822 576 3869 sacrario
594 3823 739 3874 abstulisset.

273 3925 285 3986 l
305 3927 361 3973 tes.
385 3929 498 3982 „Silnnto
514 3927 668 3975 Atheniensis
688 3931 748 3986 fnit,
778 3924 881 3993 Lysippi
904 3937 1014 3997 aequalia
1037 3938 1104 3998 cirea
1126 3940 1221 3986 exitum
1243 3938 1373 4000 Alexandri

204 4008 262 4053 M.“
279 4010 306 4054 Z.
323 4034 357 4047 -
374 4010 406 4054 nd
422 4010 500 4053 eedem
518 4009 657 4074 Felicitatis]
684 4044 699 4068 ,‚
706 4022 886 4063 monumentum
904 4020 932 4063 L.
950 4020 1072 4074 Memmii,
1102 4023 1226 4082 adquam
1251 4021 1376 4069 Praxitelis

204 4104 238 4136 ex
262 4103 319 4137 aete
341 4090 504 4150 pulcherrima
528 4091 596 4150 algua
619 4095 692 4140 fuisse
715 4097 790 4141 tradit
814 4097 907 4145 Plinius
924 4099 972 4154 84,
994 4089 1057 4147 test‘
1073 4102 1100 4146 Ζ.
1117 4110 1289 4151 monumentum
1309 4104 1376 4150 menn
1407 4085 1409 4116 l

203 4179 261 4225 „est
277 4174 403 4219 Fortunae
420 4173 519 4219 huiusce
536 4175 598 4229 diei,
616 4190 690 4236 qnam
707 4178 777 4224 vovit
794 4180 824 4232 Q.
842 4179 947 4227 Catulus
964 4183 1031 4230 hello
1048 4184 1192 4232 Cimbrico..
1215 4187 1338 4235 Plutarch.
1355 4185 1375 4229 ln

204 4254 286 4304 Mario
303 4269 325 4300 c.
342 4257 407 4300 26st⁴
429 4255 455 4301 Z.
490 4257 528 4303 De
550 4260 644 4313 portien
668 4261 757 4304 Metelli
784 4260 940 4309 Macedonici
962 4265 986 4311 in
1011 4267 1111 4327 regione
1128 4268 1174 4314 tx.
1192 4269 1236 4316 cfr.
1254 4271 1317 4326 Plin.
1333 4267 1376 4324 34,
