2850 4759
265 233 501 304 CICERONIS
523 234 609 304 PRO
631 233 676 303 A.
698 233 918 313 CAECINA,
940 255 970 301 c.
996 238 1022 300 1.
1193 236 1233 301 st

46 398 197 471 sutuunt
226 406 345 486 igetur,
387 419 459 491 qua
490 393 546 465 die
578 395 616 464 in
648 420 720 464 rem
749 405 962 491 praesentem
994 395 1162 476 uenr‘rent,
1196 403 1236 465 nt

50 517 205 590 Caecina
231 516 449 599 moribus,
486 516 537 584 ui
565 516 608 585 de
626 515 749 616 sunda
782 513 950 585 dedrutus
973 514 1191 585 interdictum
1211 542 1236 585 a

45 649 206 736 praetore
230 634 432 733 postularet.
491 634 563 706 Sed
592 635 760 708 Aebutius
793 634 977 708 Caecinam
995 634 1156 736 fundum
1183 637 1236 706 in·

47 757 151 850 gredi
172 767 355 827 conantem
381 758 528 826 armatis
554 753 752 827 hominibus
779 756 880 827 adita
901 754 1088 853 prohibuit.
1138 756 1237 828 Hinc

55 878 208 952 Caecina
228 877 446 947 interdictum
464 906 488 948 a
505 889 661 973 praetore
679 876 872 949 Dolabella
888 878 1084 973 impetrauit
1099 877 1148 948 de
1169 879 1236 962 ui,

54 998 249 1068 armatis
285 996 559 1081 horninibus,
586 1011 642 1085 ut,
669 1000 761 1069 uncle
786 998 933 1068 deuotus
955 1009 1055 1081 esset,
1081 1025 1120 1070 eo
1141 999 1238 1069 resti-

50 1130 208 1189 tueretur.
259 1118 427 1189 Aebutius
461 1121 720 1190 restituisse
751 1145 791 1189 se
820 1118 930 1199 dt'xit,
965 1115 1066 1197 lue,
1102 1142 1173 1186 non
1200 1117 1240 1186 vi

53 1239 230 1321 dererisse,
255 1251 294 1308 ut
318 1239 527 1308 restitutrbne
557 1265 646 1337 opus
682 1266 754 1310 non
792 1252 885 1310 esset.
942 1237 1102 1311 Ostendit
1134 1238 1240 1331 igitur

55 1358 193 1440 (Jt'cem,
233 1356 420 1432 Caecinam
450 1385 525 1429 uere
558 1361 600 1432 de
620 1360 744 1461 fundo
781 1387 850 1431 esse
886 1360 1052 1431 deiectum
1091 1370 1123 1427 et
1165 1358 1239 1428 uim

52 1504 129 1546 uere
148 1478 208 1548 illi
224 1506 294 1550 esse
306 1482 463 1580 suetam,
486 1482 681 1578 pariterque
705 1482 799 1553 illud
818 1482 862 1553 tle
887 1480 1038 1553 Sullana
1064 1481 1135 1572 lege
1158 1506 1238 1550 con-

53 1597 163 1671 vellit.

134 1880 166 1948 1.
210 1878 259 1957 Si,
283 1882 502 1963 quantumin
523 1902 605 1962 agro
628 1878 780 1964 locisque
795 1882 938 1950 desertis
954 1881 1099 1951 andacia·
1111 1894 1239 1966 potest,
1261 1894 1280 1956 1

56 1995 192 2050 tanturn
222 1983 255 2048 in
281 1983 358 2049 foro
390 1994 490 2064 atque
519 1983 550 2049 in
577 1980 711 2051 iudiciis
739 1984 946 2066 impudentia
980 1983 1127 2071 valeret,
1169 2009 1241 2055 non

57 2076 172 2151 nunus
194 2105 285 2149 nunc
306 2084 340 2149 in
361 2104 465 2150 cansa
486 2083 625 2151 cederet
645 2085 687 2151 A.
713 2087 859 2153 Caecina
876 2086 956 2152 Sex.
973 2086 1108 2153 Aebutii
1131 2087 1241 2170 impu-

59 2183 212 2261 dentiae,
242 2207 344 2267 quarn
375 2196 446 2251 tum
475 2184 508 2250 iu
539 2184 570 2250 vi
592 2184 748 2251 facienda
769 2186 874 2253 cessit
894 2185 1067 2255 audaciae.
1111 2187 1242 2257 Verum

58 2298 95 2352 et
123 2284 206 2350 illud
232 2285 438 2353 considerati
465 2284 613 2353 hominis
641 2305 718 2352 esse
744 2288 901 2367 putavit,
940 2309 1004 2369 qna
1033 2284 1075 2353 de
1102 2309 1139 2354 re
1166 2289 1241 2356 iure

57 2386 229 2454 decertari
251 2399 445 2469 oporteret,
468 2387 572 2454 arinis
594 2409 662 2452 non
685 2384 910 2466 contendere,
938 2400 972 2452 et
992 2386 1059 2455 hoc
1079 2399 1241 2456 constan·

56 2490 120 2567 tis,
144 2490 282 2570 quicum
305 2489 336 2554 vi
358 2501 393 2554 et
413 2488 515 2556 aruris
538 2501 669 2555 certare
690 2484 874 2574 noluisset,
903 2509 980 2554 eum
1002 2490 1075 2558 iure
1096 2490 1241 2558 iudicio-

56 2612 123 2672 que
145 2611 322 2672 superare.
365 2593 417 2656 Ac
437 2590 518 2656 mihi
540 2589 675 2673 quidem
697 2611 776 2656 curn
799 2589 912 2656 audax
931 2594 1111 2675 praecipue
1133 2590 1281 2662 fnisse²
1321 2671 1324 2674 ⁴

55 2692 197 2758 videtur
220 2693 385 2758 Aebutius
403 2691 437 2758 in
452 2690 682 2758 convocandis
697 2680 890 2759 horninibus
907 2705 940 2758 et
955 2693 1143 2775 armandis,
1168 2707 1241 2763 tum

55 2793 241 2874 impudens
269 2794 303 2858 in
332 2793 477 2859 iudicio:
513 2816 582 2860 non
609 2790 721 2859 solum
750 2793 842 2874 quod
867 2782 902 2860 iu
931 2788 1095 2861 iudiciuin
1126 2796 1241 2862 venire

56 2917 164 2962 ansus
188 2900 355 2966 estinan
379 2891 412 2983 id
433 2890 587 2976 quidem,
612 2896 746 2962 tametsi
767 2893 922 2975 improbe
945 2894 982 2962 fit
1003 2897 1035 2962 in
1058 2909 1173 2977 aperta
1190 2917 1240 2973 re,

57 3008 176 3062 tanuen
200 2993 326 3061 malitia
348 3007 400 3061 est
421 2998 486 3060 iarn
509 2997 711 3072 usitatum),
734 2994 794 3060 sed
817 2994 908 3076 quod
930 3018 996 3062 uon
1019 2996 1185 3062 dubitarit
1207 2996 1241 3063 id
1292 3052 1296 3053 γ

56 3098 195 3178 ipsum,
230 3094 320 3180 quod
350 3096 520 3182 arguitur,
560 3095 737 3174 eonfiteri3
772 3097 835 3163 nisi
868 3097 961 3162 forte
993 3095 1060 3163 hoc
1099 3098 1240 3165 rationis

58 3196 196 3275 habuit,
228 3198 409 3280 quoniam,
443 3198 471 3264 si
499 3195 591 3262 facta
618 3195 668 3261 vis
698 3207 790 3262 esset
818 3198 989 3276 moribus,
1021 3200 1180 3280 superior
1207 3201 1241 3267 in

56 3300 282 3383 possessione
303 3300 478 3367 retinenda
498 3322 568 3366 non
585 3295 722 3365 fuisset:
744 3297 821 3381 quia
838 3299 1028 3367 contraius
1045 3322 1243 3385 moremque

135 3560 147 3620 t
173 3563 196 3606 1.
214 3552 348 3623 decertari]
367 3560 503 3607 Wundernr
519 3570 567 3606 non
585 3557 696 3617 repperit
713 3559 738 3605 in
756 3558 808 3607 Eri.
825 3562 882 3608 lect.
899 3560 1010 3611 Graerio
1027 3548 1187 3611 memoratam
1204 3565 1244 3610 rte·

58 3644 170 3700 cepturi,
187 3656 221 3688 ex
238 3655 288 3703 qua
305 3641 345 3687 hic
362 3639 432 3687 scrib.
450 3640 556 3687 coniecit
571 3643 706 3700 disceptari.
796 3682 800 3689 .

132 3745 146 3808 ς
166 3749 190 3793 2.
207 3746 369 3806 perterritum]
382 3747 517 3807 '‚‚Propria
535 3746 603 3793 verbi
615 3753 753 3805 proterrere
770 3753 839 3798 aedes
856 3758 893 3801 ert
909 3752 934 3799 iu
951 3752 1050 3800 actione
1066 3752 1244 3812 proctecina,

58 3831 103 3880 ubi
118 3835 257 3888 proterrere
270 3831 322 3878 Cic.
340 3831 438 3890 saepius
455 3830 533 3886 dixit,
546 3836 680 3889 perterrere
698 3832 798 3879 verbum
815 3833 897 3879 notius
914 3833 1008 3879 librarii
1025 3839 1050 3879 et
1067 3835 1172 3881 editores
1188 3834 1244 3880 sub-

57 3916 202 3963 stituerunt.
244 3915 338 3960 Sentire
363 3923 414 3960 rem
440 3919 560 3974 coeperat
586 3915 736 3969 Lambinus„
754 3913 801 3961 ‚sed
827 3930 882 3963 ean
908 3916 1014 3963 aliorum
1031 3916 1113 3963 obruit
1131 3917 1244 3965 levitas-‘⁶
1286 3902 1290 3912 ⁸
1315 3922 1319 3935 ·“

56 3999 198 4044 flunmen
214 4000 246 4044 ad
264 3999 281 4044 Ι.
303 3998 325 4043 l.
341 4000 372 4044 de
389 3990 453 4057 ch.
471 4012 496 4056 p.
516 3997 573 4043 163.
590 4001 650 4042 mette
664 4000 788 4054 perterriti
804 3999 879 4045 etiam
896 3997 907 4060 ᾖ
924 4000 958 4045 22
970 4006 995 4046 et
1006 4000 1048 4045 26.
1066 4023 1102 4036 -
1114 3996 1135 4045 ‘a
1153 4013 1245 4045 canem·

55 4075 160 4135 tuaac]
176 4077 225 4123 Eri.
243 4079 307 4125 Edd.
324 4084 396 4125 vett:
422 4091 530 4131 eccur„
555 4079 623 4125 cuins
646 4082 834 4128 constructionis
857 4083 925 4131 alind
950 4083 1092 4141 exempturo
1109 4083 1175 4140 apud
1192 4079 1244 4124 Cic.

56 4161 108 4209 vix
129 4159 262 4216 reperitur,
281 4175 336 4206 cnm
353 4175 448 4219 semper
465 4160 556 4207 habeat
573 4164 677 4207 recedere
695 4169 739 4208 aut
755 4164 784 4208 ab
802 4170 846 4210 ant
862 4164 890 4208 rte
907 4165 987 4222 atique
1005 4176 1082 4207 rc·-
1093 4162 1154 4206 idern
1169 4157 1246 4216 pouit

56 4246 84 4288 in
103 4240 208 4302 indicto]
227 4244 279 4289 Erf.
298 4244 322 4288 br
340 4245 426 4288 iudicio
441 4246 596 4300 parcitatem
613 4245 644 4289 Ο.
672 4244 707 4304 (i.
727 4260 749 4290 e.
767 4246 851 4293 Editio
868 4260 923 4291 mea
940 4240 1041 4314 maior.)

908 4347 929 4406 6
