2850 4759
143 365 145 374 χ
233 290 292 357 ne
513 392 516 398 Ι
651 233 937 357 'ciceronis‘

229 448 452 520 familiaribus
472 451 590 535 portus·
606 448 772 520 destinata
792 441 826 517 et
845 451 993 519 sortasse
1012 451 1098 518 intra
1119 450 1371 534 domesticospa·

234 558 335 625 rietes
361 553 561 640 plerumque
595 567 769 626 asservata
792 553 844 631 ¹⁵),
880 554 1110 637 conquisitum
1136 553 1320 639 lectumque
1339 556 1370 622 iri

186 674 193 690 ¹
233 660 427 729 a'ntevidere
448 659 600 732 debebat.
755 669 756 676 ’

109 757 112 766 “
188 782 190 786 ·
311 766 423 833 Prima
444 764 578 848 quidem
599 765 707 833 oratio
729 764 855 835 nullam
876 780 935 836 aut
955 767 1111 847 exiguam
1132 763 1274 832 habebat
1286 762 1372 830 offen·

233 870 384 946 sionem,
415 870 574 948 quoniam
595 890 696 938 nemo
717 891 759 938 ne
780 874 959 939 mussitare
980 870 1113 955 quidem
1135 880 1283 952 poterat,
1310 889 1371 935 cuu

203 1025 206 1036 ,
231 971 456 1056 reipublicae
482 972 683 1057 detrimento
704 974 907 1057 patefactam
929 995 1004 1043 esse
1031 974 1311 1049 coniurationem,
1337 971 1374 1038 in·

232 1079 320 1146 iuria
340 1098 360 1145 a
381 1075 519 1146 consule
540 1098 584 1145 ex
603 1079 687 1176 urbe
708 1077 822 1159 egredi
834 1073 972 1147 'iussum
998 1099 1073 1147 esse
1093 1076 1264 1146 hominem
1285 1075 1374 1159 perdi·

234 1195 306 1250 tum
328 1194 362 1261 et
383 1178 680 1263 consceleratum
697 1180 899 1265 supplicium
921 1193 1039 1250 contra
1060 1179 1102 1248 de
1123 1182 1373 1250 civibusRoma·

129 1359 131 1368 s
187 1303 190 1309 '
230 1288 286 1355 nis
318 1284 445 1353 indicta
475 1306 577 1355 causa
606 1297 782 1368 sumptum
821 1285 989 1353 unanimae
1019 1285 1054 1353 si,
1084 1307 1220 1369 semper
1253 1283 1374 1352 invidiae

233 1390 318 1467 suit,
352 1388 461 1458 donec
480 1390 553 1473 ipse
572 1390 605 1457 in
627 1388 765 1459 exilium
786 1384 979 1472 pelleretur.
1018 1388 1114 1456 llanc
1132 1409 1216 1476 vero
1237 1387 1374 1476 inuidiam

232 1494 321 1561 intra
341 1513 448 1561 annos
469 1517 502 1561 u.
526 1513 556 1561 c.
577 1494 636 1558 ent
651 1528 692 1541 -
710 1494 770 1558 696
796 1494 945 1561 excitare
973 1504 1073 1577 atque
1090 1492 1226 1574 augere
1241 1491 1375 1559 huiusce·

233 1596 328 1666 modi
365 1593 585 1667 oratiunculis
622 1597 761 1666 edendis
796 1595 877 1665 nihil
908 1596 1063 1681 prolecto
1101 1597 1282 1670 attinebat,
1313 1593 1376 1661 satis

229 1722 352 1784 aspere
373 1721 451 1769 cum
472 1702 624 1770 invectus
645 1702 680 1769 in
705 1715 844 1770 necatos
869 1712 903 1767 et
923 1701 956 1767 in
977 1700 1218 1769 coniurationis
1241 1697 1376 1781 reliquias

230 1816 326 1873 esset
352 1805 453 1897 etiarn
479 1805 514 1874 in
540 1804 676 1874 Sullana
709 1827 750 1874 ac
775 1804 984 1874 Mureniana.
1039 1805 1121 1871 Post
1148 1804 1376 1898 restitutionem

231 1920 348 1977 autem
376 1930 454 1976 cum
484 1920 538 1976 tot
561 1920 719 1994 tantaque
746 1910 881 1991 negotia
906 1909 1181 1993 supervenissent
1209 1908 1333 1974 maiora
1353 1915 1378 1970 et

205 2011 466 2098 'philosophiae‘
503 2034 635 2097 quoque
673 2011 784 2082 studia
826 2025 917 2081 esset
952 2032 1155 2094 aggressus,
1197 2008 1377 2080 minimeei

200 2116 202 2122 '
233 2117 373 2184 vacabat
400 2114 520 2186 talibus
548 2118 756 2186 orationibus
782 2114 1020 2201 pervulgandis
1048 2114 1150 2184 simul
1170 2114 1249 2184 cum
1270 2136 1378 2183 memo·

233 2221 282 2290 ria
303 2211 623 2305 pulcherrimi‘facti
650 2222 813 2290 refricare
834 2221 893 2287 vix
913 2219 1094 2288 obductam
1116 2212 1320 2289 cicatricem.

310 2325 593 2404 (Annotationes,
615 2348 697 2411 quas
718 2325 861 2403 subieci,
883 2324 981 2392 unice
1001 2323 1154 2393 historici
1174 2346 1251 2395 esse
1264 2321 1379 2406 generis

101 2420 105 2438 ‘
203 2477 206 2487 .
232 2427 360 2509 volui,¹
381 2443 420 2498 ut
447 2443 605 2498 accurate
630 2432 672 2497 in
690 2429 845 2498 omnibus
872 2428 973 2497 rebus
1003 2428 1175 2496 Ciceronis
1201 2440 1238 2495 et
1264 2428 1380 2496 veriet

231 2531 309 2601 falsi
331 2544 431 2617 atque
458 2530 593 2601 Salustii
616 2532 828 2610 testimoniis(
843 2553 912 2599 non
932 2529 1035 2599 modo
1063 2515 1315 2599 illustrarentur
1331 2530 1380 2598 hae

233 2633 483 2719 qualescunque
504 2636 693 2714 orationes,
714 2637 832 2701 ver'um
854 2638 954 2702 etiarn
975 2646 1174 2702 notarentur
1194 2634 1380 2702 declamato-

232 2740 280 2807 ris
301 2760 434 2809 errores
455 2735 622 2823 simulque
642 2738 811 2806 discerent
824 2736 1074 2817 adolescentes,
1096 2738 1269 2822 quomodo
1284 2759 1380 2806 rerum

233 2844 419 2926 scriptores
439 2841 556 2914 eadem
576 2837 752 2914 narrantes
772 2846 859 2911 inter
879 2864 915 2910 se
929 2843 998 2910 sint
1011 2842 1249 2911 contendendi.
1290 2840 1380 2910 Aliter

142 2997 146 3006 a
232 2969 316 3020 nero
345 2948 403 3015 rix
431 2947 503 3018 fieri
529 2949 659 3032 potuit,
689 2970 790 3031 quam
818 2958 856 3013 ut
882 2946 1035 3030 priorum
1063 2948 1288 3029 interpretum
1306 2945 1380 3014 curis

230 3053 424 3122 communis
445 3054 511 3121 iam
532 3053 614 3134 iuris
635 3051 734 3120 sactis
754 3074 816 3135 pro
838 3049 980 3120 consilio
1001 3071 1078 3120 meo
1090 3049 1196 3121 libere
1210 3049 1380 3128 abuterer.)

230 3213 428 3231 *ψ
478 3233 481 3240 ’

283 3318 309 3379 ⁴*)
326 3317 383 3366 Hoc
400 3317 423 3365 iu
442 3316 524 3378 primis
541 3318 571 3381 de
588 3316 765 3365 commentariis
782 3315 896 3364 affirmari
913 3330 985 3378 posse
1002 3312 1072 3377 puto.¹
1105 3317 1152 3371 coi
1169 3317 1232 3365 euim
1247 3318 1334 3365 factum
1343 3321 1380 3366 est.
1408 3301 1409 3304 Ἴ

233 3410 261 3451 nt
277 3402 301 3450 in
319 3400 506 3450 celebratissima
529 3397 621 3448 illaad
644 3402 771 3448 Lucceium
787 3401 900 3461 Epistola⁴
923 3401 967 3463 (ad
985 3403 1054 3450 Fam.
1071 3402 1102 3459 5,
1122 3399 1174 3462 te.)
1191 3410 1250 3463 post
1266 3389 1380 3450 restitutio·
1408 3431 1409 3452 ι

231 3503 289 3537 ,ηοω
304 3487 397 3548 scripta
415 3487 475 3534 hese
493 3487 572 3533 dlcatr
591 3487 658 3546 ‘quod
673 3489 695 3532 n·
711 3502 726 3532 a
743 3492 764 3530 te
781 3499 827 3532 aon
844 3486 999 3548 impetro-(nt
1015 3503 1054 3535 res
1071 3502 1136 3535 meas
1152 3495 1234 3549 gestas
1250 3504 1266 3534 α
1277 3485 1381 3547 principio
1408 3487 1409 3520 ἶ

167 3627 170 3633 ,
234 3574 402 3622 coniurationis
420 3584 494 3632 usque
511 3571 544 3617 ad
561 3570 662 3617 reditum
678 3585 755 3618 meum
773 3570 898 3633 exponas)
917 3586 989 3632 cogor
998 3572 1203 3634 jortnssesaeere,
1221 3567 1381 3633 quassanti
1408 3567 1409 3620 l

233 3673 300 3718 saepe
317 3657 495 3716 reprehendunt,
512 3655 610 3701 scribam
627 3656 675 3713 ipae
692 3656 720 3700 de
736 3670 788 3711 mer
806 3680 835 3693 ‹—
853 3659 987 3722 si'anser'pis
1004 3659 1245 3718 concamerationem
1262 3659 1381 3705 ermenulfi·
1408 3649 1409 3652 ¹

234 3747 284 3792 riol
306 3757 383 3790 rernm
406 3723 519 3787 omniumr
548 3739 616 3802 atqui
639 3734 787 3787 Consulatus¹
810 3742 1006 3789 commentarium
1022 3742 1159 3789 iamdudum
1175 3733 1324 3796 confecerat,
1348 3739 1381 3786 sed

234 3828 363 3877 Lucceium
381 3827 487 3874 celatum
503 3824 589 3874 voluit.
624 3825 656 3872 Et
673 3838 728 3882 cur,
747 3830 851 3887 quaeso,
873 3826 898 3872 in
915 3827 978 3874 libro
996 3829 1026 3874 de
1043 3828 1117 3889 Legg.
1135 3813 1228 3887 primo,
1246 3828 1286 3875 ubi
1300 3824 1382 3874 Attico
1408 3885 1409 3890 ¹

234 3910 474 3976 postularle'l'ulllo
491 3911 637 3961 iamdiu‘rel
654 3893 760 3973 flagltari
777 3911 859 3973 potius
876 3911 1002 3959 historiam
1018 3912 1089 3969 dicit,
1106 3920 1277 3974 optatque‚'ut
1288 3921 1381 3959 escon

195 3981 199 3984 ’
233 4000 368 4062 plectatur,
396 3997 482 4060 quitus
501 3998 554 4059 ipse
575 3996 722 4053 interfuerit,
751 4011 782 4043 ne
802 3996 878 4044 verbo
901 3996 997 4059 quidem
1018 3998 1166 4058 significatur
1188 3997 1303 4046 eiumodi
1322 3993 1381 4058 quide
1408 3979 1409 4032 l

234 4083 329 4132 etiamsi
350 4085 454 4132 sonasse
477 4075 526 4131 non
550 4082 659 4132 omnibns
680 4081 784 4129 numeris
806 4081 954 4139 absolutum,
980 4097 1035 4129 eum
1054 4082 1104 4129 iem
1127 4082 1187 4130 olim
1204 4082 1311 4129 molitum
1326 4075 1380 4126 esse!

232 4170 383 4217 Consulatus
409 4173 494 4218 contre
518 4169 607 4230 poema
629 4164 725 4214 minime
749 4166 781 4213 ab
804 4180 836 4214 eo
859 4167 1006 4217 occultatum
1029 4181 1081 4216 esso
1103 4168 1267 4216 demonstrent
1287 4163 1338 4213 libri
1357 4161 1380 4207 de
1408 4179 1409 4182 ¹

232 4253 399 4306 mutuatione.

683 4417 940 4430 —n-——n—n-

757 4435 769 4464 0
