2850 4759
274 311 445 381 ORATIO
469 313 497 377 1.
521 310 570 379 lN
590 311 850 386 Ch'llLlerhl
862 361 869 387 ,
899 333 931 379 e.
953 316 982 379 9.
1163 315 1225 381 199

45 487 107 552 tur,
138 471 346 550 decernunt,
379 493 457 539 eum
491 483 623 551 tacent,
658 472 821 541 clamant.
875 474 995 556 Neque
1023 472 1055 541 hi
1087 473 1226 555 solnm,

42 599 181 662 qnorum
209 578 265 644 tibi
287 578 474 644 auotoritas
496 590 549 645 est
568 577 727 645 videlieet
748 599 847 657 cara,
870 581 939 643 vita
959 575 1139 644 vilissima:
1160 578 1224 646 sed

39 684 133 747 etiam
160 680 209 747 illi
239 682 368 764 equites
397 681 562 759 Romani,
597 680 828 748 honestissimi
857 693 959 763 atque
989 682 1109 765 optimi
1136 683 1223 760 viri,

40 789 207 867 ceterique
227 784 407 851 fortissimi
428 784 532 860 cives,
556 784 611 866 qui
635 784 859 851 circumstant
879 796 1050 861 senatum,
1073 807 1221 867 quornm

39 897 71 951 tu
91 899 123 952 et
140 887 369 969 frequentiam
391 885 507 953 videre
526 898 559 952 et
579 884 692 953 studia
714 889 910 970 perspicere
929 901 963 955 et
982 910 1083 958 voces
1103 887 1219 970 paulic

40 999 108 1055 ante
127 990 295 1055 exaudire
313 990 467 1071 potuisti.
509 989 668 1080 Quorum
695 1010 759 1069 ego
779 990 840 1056 vix
859 991 919 1056 abs
943 1002 974 1057 te
996 990 1123 1078 iamdiu
1146 1012 1220 1058 rna·

38 1111 95 1159 uns
119 1112 159 1159 ac
184 1091 252 1158 tela
277 1092 455 1167 contineo,
478 1091 616 1159 eosdem
645 1092 746 1159 facile
773 1092 960 1171 adducam,
993 1105 1032 1160 ut
1061 1106 1093 1161 te
1121 1093 1218 1173 haee,

39 1216 117 1276 qnae
134 1194 337 1278 iampridem
362 1207 497 1263 vastare
517 1196 653 1274 studes,
677 1192 925 1280 relinquentem
949 1195 1118 1279 usquead
1139 1218 1220 1280 por·

39 1308 83 1364 tas
100 1285 370 1381 prosequantur.

107 1401 170 1468 IX.
217 1402 435 1493 Quamquam
461 1401 540 1484 quid
566 1400 720 1485 loquor'l
757 1414 789 1468 te
813 1413 852 1468 ut
875 1400 945 1469 ulla
974 1423 1028 1469 res
1051 1402 1217 1485 frangat?
1239 1405 1278 1469 tt

39 1514 69 1566 tu
88 1515 125 1569 ut
149 1523 300 1587 unquam
325 1516 358 1571 te
379 1505 567 1585 corrigas?
591 1518 626 1572 tn
644 1518 684 1572 ut
703 1503 808 1571 ullam
826 1506 943 1585 fugam
966 1505 1159 1573 meditere?
1180 1519 1217 1574 tu

40 1618 72 1671 ut
100 1606 207 1673 ullum
245 1607 384 1674 exilium
418 1608 571 1688 cogites?
608 1602 746 1677 Utinam
779 1609 837 1675 tibi
860 1610 961 1676 istam
992 1622 1141 1676 mentem
1172 1609 1221 1677 dii

39 1707 242 1778 immortales
276 1710 389 1777 duint!
428 1712 563 1779 tametsi
591 1710 712 1788 rideo,
744 1712 772 1777 si
799 1733 875 1779 mea
902 1734 988 1780 voce
1015 1714 1218 1794 perterritus

39 1812 81 1879 ire
99 1814 292 1882 inexilium
318 1817 469 1882 animum
495 1813 689 1900 induxeris,
712 1827 838 1897 quanta
862 1829 1048 1900 tempestas
1070 1811 1217 1883 invidiae

40 1916 143 1995 nobis,
165 1920 194 1985 si
225 1920 337 1986 miuus
362 1920 395 1984 in
416 1939 578 2001 praeseus
605 1930 740 2001 tempus
767 1920 896 1986 recenti
922 1920 1087 1987 memoria
1109 1918 1217 1987 scele-

40 2039 105 2087 rum
126 2032 282 2097 tuorum,
316 2032 352 2087 at
374 2022 406 2087 in
428 2023 665 2103 posteritatem
692 2021 899 2104 impendeat.
943 2020 1009 2088 Sed
1037 2023 1216 2104 esttautiq

40 2118 213 2190 dummodo
239 2125 305 2191 ista
330 2126 461 2205 privata
484 2126 529 2191 sit
559 2124 736 2191 calamitas
759 2137 793 2190 et
820 2145 838 2190 a
870 2127 918 2189 rei
943 2124 1099 2207 publicae
1125 2129 1219 2207 peri-⁴

41 2223 112 2293 culis
130 2228 342 2308 seiungatur.
383 2226 447 2294 Sed
464 2239 500 2292 tu
520 2237 558 2292 ut
573 2227 662 2295 vitiis
679 2227 746 2294 tuis
761 2247 1021 2305 eommoveare,
1045 2249 1084 2294 ut
1099 2227 1219 2307 legum>

41 2348 152 2407 poenas
176 2332 418 2413 pertimescas,
447 2340 485 2393 ut
511 2330 723 2410 temporibus
748 2329 974 2412 reipublicae
1003 2328 1123 2409 cedas,
1146 2351 1220 2395 non·

24 2441 82 2496 est
100 2432 352 2514 postulandum.
393 2431 513 2514 Neque
533 2434 622 2499 enim
645 2434 673 2499 is
697 2454 749 2510 es,
771 2432 933 2511 Catilina,
955 2445 994 2500 ut
1019 2444 1051 2499 te
1073 2445 1132 2497 aut
1149 2455 1213 2513 pu·
1274 2433 1279 2448 ⁸

41 2529 131 2603 dora
156 2536 367 2621 turpitudine
396 2546 456 2601 aut
483 2545 594 2604 metus
616 2556 635 2600 a
658 2533 811 2616 periculo
827 2546 900 2601 aut
929 2538 1015 2603 ratio
1047 2557 1066 2602 a
1090 2535 1210 2603 furore

41 2643 205 2707 revocarit.
253 2641 507 2728 Quamobrem,
529 2651 568 2706 ut
585 2659 687 2720 saepe
705 2640 772 2704 iam
792 2636 881 2724 dixi,
903 2639 1138 2720 proficiscere:
1160 2660 1212 2718 ae,

42 2739 64 2803 si
88 2742 161 2808 mihi
190 2746 350 2819 inimico,
381 2757 420 2810 ut
448 2743 645 2826 praedicas,
678 2754 738 2807 tuo
773 2741 924 2806 conflare
956 2743 1006 2809 vis
1034 2741 1213 2820 iuvidiam,

42 2835 120 2910 reeta
139 2867 245 2929 perge
265 2849 297 2913 in
320 2846 477 2933 exilium:
500 2848 558 2911 vix
579 2845 687 2910 feram
712 2865 890 2910 sermones
908 2842 1107 2921 hominum,
1129 2846 1157 2911 si
1180 2846 1214 2910 id

42 2944 165 3028 fecerim
186 2952 248 3017 vix
277 2938 401 3016 molem
430 2950 528 3016 istius
553 2946 717 3032 invidiae,
747 2948 774 3012 si
795 2948 828 3011 in
849 2945 989 3012 exilium
1014 2948 1110 3012 iussu
1132 2938 1218 3012 con-¹
1282 3015 1301 3040 ‚,

42 3045 110 3115 sulis
130 3051 224 3140 ieris,
251 3053 435 3120 sustinebo.
479 3051 540 3128 sin,
558 3064 672 3118 autem
699 3049 828 3115 servire
851 3069 947 3114 meae
973 3048 1062 3114 laudi
1085 3062 1117 3114 et
1135 3047 1212 3127 glo-

45 3173 249 3195 Ἣ

97 3252 107 3312 h
129 3257 168 3303 22.
186 3254 283 3320 loquor]
303 3259 333 3303 R.
357 3258 416 3303 Ern.
440 3259 524 3315 loquar
547 3256 576 3302 T.
594 3282 629 3293 -
646 3260 671 3299 ut
693 3269 731 3299 res
749 3257 796 3299 ullo
814 3254 843 3300 T.
860 3279 896 3291 -
912 3260 937 3300 ht
955 3258 980 3299 ut
996 3255 1092 3299 erilium
1110 3257 1213 3301 auum

44 3335 115 3388 cogites
125 3335 152 3382 T.
170 3341 211 3384 red
230 3354 254 3386 v.
272 3341 375 3383 animum
393 3339 456 3384 linea
475 3338 626 3386 subductum.
635 3364 669 3375 -
681 3338 763 3399 duint]
777 3340 856 3386 Codd.
870 3339 974 3386 Cuiacii.
987 3340 1102 3383 donarent
1113 3338 1166 3386 ΤΒ.
1177 3364 1213 3378 -

44 3426 96 3462 mem.
112 3424 199 3468 tuorum
216 3425 328 3468 scelerum
345 3421 375 3468 Τ.
392 3448 427 3460 -
444 3424 488 3469 Sed
505 3429 540 3468 est
557 3422 634 3483 tanti]
660 3419 736 3467 ΤΗΙ).
755 3421 798 3465 Sed
815 3426 849 3465 eet
865 3423 924 3465 milti
941 3422 1000 3465 unu
1017 3420 1075 3465 Em.
1094 3445 1128 3456 -
1145 3422 1212 3467 dnm-

44 3502 99 3544 modo
119 3508 155 3549 tuo
177 3508 221 3552 uta
242 3505 297 3553 Til.
315 3532 349 3545 -
366 3510 398 3552 sit
411 3523 452 3565 pr.
475 3509 505 3554 lt.
527 3533 561 3544 -
582 3505 660 3569 cedas]
682 3505 737 3551 TR.
761 3506 872 3549 concedas
890 3504 948 3552 Ern.
967 3531 999 3542 -
1013 3506 1094 3562 pudor
1112 3519 1221 3568 uuquam·

44 3584 198 3648 ‘Quintihffi
216 3590 246 3649 3,
264 3591 307 3637 62.
325 3591 435 3652 Madvig.
470 3592 557 3638 Nostri
574 3592 654 3639 Cudd.
674 3604 772 3651 nuquam
792 3604 841 3637 uon
858 3595 1003 3649 agnoscunt.

73 3767 74 3770 Ἰ
98 3692 108 3753 h
127 3697 166 3744 28.
186 3701 207 3744 si
224 3701 283 3744 mihi
302 3714 348 3745 non
365 3702 441 3744 amico
459 3698 489 3745 T.
502 3725 536 3736 -
547 3703 634 3745 rectum
649 3714 723 3758 perge
742 3701 766 3743 iu
782 3698 813 3744 T.
827 3725 856 3735 -
870 3703 933 3743 reeta
948 3711 1022 3756 perge
1040 3699 1078 3743 oio
1097 3699 1121 3742 in
1139 3698 1212 3743 tt.-

45 3771 88 3820 on.
104 3794 140 3826 vv.
157 3785 179 3827 εἰ
201 3786 226 3829 id
244 3783 334 3842 seceris
351 3783 438 3843 steph.
457 3785 536 3829 Codri.
561 3784 646 3829 Lamb.
670 3782 780 3841 Madvig.
804 3780 846 3843 [].
880 3781 981 3829 liabent
1004 3781 1080 3827 TRP.
1098 3808 1131 3820 ι-
1149 3771 1212 3840 iussu

46 3866 209 3930 contristeris]
228 3867 304 3914 TllP.
323 3870 379 3914 ieris
396 3870 458 3913 iussn
476 3870 577 3913 cornutis
588 3869 647 3914 Ern.
660 3893 694 3904 -
705 3866 825 3927 Mettium]
846 3867 888 3913 Sic
905 3867 953 3912 hoc
971 3867 1030 3913 loeo
1048 3866 1078 3912 T.
1096 3867 1212 3913 Manlium

46 3938 69 3985 ll·
84 3943 133 3994 Em.
151 3974 181 3988 -
198 3955 258 3998 ciues
271 3954 379 4010 perditos
397 3954 427 3998 R.
446 3950 508 4013 (uon
526 3950 568 4015 T.)
587 3977 622 3989 -
640 3954 672 3998 od
689 3957 741 3998 tuos
760 3954 795 3997 irc
811 3951 842 3997 P.
859 3952 892 3996 od
908 3955 960 3995 tuor
977 3964 1025 3995 esre
1042 3950 1096 3995 Til.

48 4047 245 4082 x...-

47 4127 74 4177 u',
97 4146 137 4189 pro
158 4152 205 4199 quo
229 4147 300 4187 extat
317 4140 392 4187 dubia
409 4139 493 4187 oratio
511 4139 681 4187 Marcelliano.
708 4141 792 4202 (Exul
810 4140 912 4188 Athenis
930 4141 1105 4194 interfectura
1124 4138 1210 4201 Magio

47 4206 139 4263 Chilone.
156 4224 186 4268 ad
204 4224 291 4270 Famil.
309 4224 340 4282 4,
361 4222 412 4280 te.)
448 4224 531 4270 Probe
554 4223 574 4271 is
596 4224 778 4286 distinguendus
801 4226 833 4272 ab
856 4228 900 4273 illo
919 4228 954 4273 Μ.
973 4226 1108 4277 Marcello,
1138 4235 1209 4283 quern

48 4304 108 4351 ⁸¹¹l¹f²
123 4305 204 4363 carpit.
239 4307 367 4367 (Confudit
386 4308 508 4355 Matthiae
526 4312 558 4355 ad
582 4309 606 4355 h.
630 4311 647 4355 l.
671 4310 805 4357 Marcellos
829 4311 989 4358 Catilinerios
1010 4324 1064 4357 curn
1089 4307 1209 4357 Marcell&

46 4381 101 4428 lim
116 4387 212 4448 “filim
228 4392 356 4451 Autronii,
377 4408 426 4441 non
442 4394 580 4453 Catilinae,
597 4395 757 4457 propinquis,
775 4409 823 4454 pro
841 4395 908 4440 Sulla
925 4391 1000 4455 l¹⁹·)
