2850 4759
235 280 294 344 su
416 368 420 381 „
600 333 603 337 .
701 272 935 345 etcEttONts

176 438 214 502 ii
235 440 413 524 imperium
444 459 481 508 se
513 438 636 506 habere
673 436 823 516 dicebam
856 438 967 505 fasces
997 448 1090 503 certe
1122 435 1272 504 habebnt.
1321 437 1379 505 Sed

234 566 370 628 quoquo
388 541 491 610 modo
509 563 545 611 se
563 541 644 609 iiiud
662 540 780 621 habet,
801 540 886 608 haee
903 538 1038 624 querela
1056 552 1166 608 vestra
1183 540 1261 621 quid
1275 539 1378 608 valeti

234 648 393 731 „Recepti
419 647 453 717 in
475 634 680 730 provinciam
701 668 769 713 non
790 646 942 712 sumus.“
984 643 1074 736 Quid
1094 644 1122 712 si
1143 645 1287 714 essetis‘i
1308 646 1378 712 Cae·

233 753 343 820 sarine
366 771 440 819 earn
463 749 618 817 tradituri
640 749 770 827 fuistis,
793 771 834 816 an
859 762 976 817 eontra
999 749 1178 817 Caesarem
1202 751 1376 816 retenturii

311 856 405 921 vttl.
446 852 547 932 Vide,
569 852 647 937 quid
668 851 837 940 licentiae,
859 853 1003 932 caesar,
1020 854 1115 921 nobis
1137 865 1193 921 tua
1210 851 1376 920 liberalitas

232 950 290 1026 det
313 956 367 1024 vel
394 960 506 1041 potius
536 957 708 1024 audaciae.
762 957 795 1023 Si
822 956 1035 1040 responderit
1058 956 1195 1024 Tubero
1228 957 1375 1032 Africani,

229 1084 298 1145 quo
321 1073 458 1130 senatus
480 1081 557 1129 eum
577 1080 717 1143 sorsque
737 1060 891 1145 miserat,
926 1059 982 1126 tibi
1007 1071 1137 1143 patrem
1160 1082 1262 1128 stium
1289 1059 1376 1126 tradi-

233 1178 346 1232 turum
373 1164 500 1242 fuisse,
530 1186 597 1231 non
624 1162 782 1247 dubitabo
807 1163 895 1245 apud
918 1164 1029 1246 ipsum
1054 1175 1105 1241 te,
1141 1165 1239 1232 euius
1259 1164 1291 1231 id
1312 1184 1374 1229 euru

230 1269 343 1336 faeere
365 1263 536 1354 interfuit,
557 1267 767 1349 gravissimis
787 1268 896 1335 verbis
921 1269 992 1335 eius
1013 1260 1192 1335 consitium
1212 1267 1375 1351 repreben-

230 1371 322 1439 dere.
361 1371 439 1439 Non
470 1371 558 1438 enim
588 1371 616 1439 si
644 1371 701 1437 tibi
730 1390 769 1436 ea
795 1391 849 1438 res
875 1370 1136 1452 grata‘fuisset‚
1171 1383 1265 1438 esset
1292 1371 1374 1436 etiam

170 1487 208 1549 24
229 1478 381 1559 probata.
421 1474 485 1542 Sed
509 1478 576 1541 iam
600 1472 666 1541 isne
687 1485 793 1541 totum
815 1483 1041 1551 omitt03110n
1069 1487 1136 1540 tam
1158 1495 1200 1541 ue
1221 1473 1374 1542 offendant

232 1593 305 1646 tuas
332 1574 591 1662 patientissimas
618 1597 733 1662 aures,
757 1598 855 1660 quam
874 1597 916 1644 ne
935 1576 1090 1656 Tubero,
1111 1575 1202 1659 qtrod
1221 1599 1373 1660 nunquan

162 1666 166 1678 ’
212 1683 410 1764 negitare,
430 1681 583 1748 facturus
598 1680 703 1748 fuisse
719 1680 883 1747 videatur.
924 1681 1114 1748 Veniebatis
1133 1681 1237 1762 igitur
1253 1683 1286 1748 in
1300 1683 1373 1747 Atri-

229 1808 304 1856 eam
326 1786 553 1871 provinciam,
587 1807 687 1850 unam
710 1804 754 1850 ex
778 1785 930 1852 omuibus
954 1783 1032 1851 huie
1056 1785 1215 1851 victoriae
1244 1788 1373 1852 maxime

227 1891 403 1975 infestam,
424 1888 456 1954 in
471 1899 621 1972 quaerat
633 1908 695 1954 rex
708 1889 979 1973 potentissimus,
1000 1889 1153 1957 inimicus
1165 1887 1246 1955 huie
1259 1910 1373 1971 causae,

229 1992 334 2061 aliena
352 1990 507 2060 voluntas
530 2004 713 2065 conventus
735 1992 822 2058 firmi
843 2005 941 2075 atque
965 1993 1088 2073 magui.
1131 1993 1290 2085 Quaero,
1310 1989 1373 2074 quid

228 2094 498 2164 facturi-fuistis.
550 2094 784 2189 Quamquam,
815 2095 892 2179 quid
911 2097 1033 2162 facturi
1053 2097 1204 2174 fueritis,
1226 2096 1372 2165 dubitetur

228 2221 315 2292 eum⁴
344 2198 494 2276 videam,
528 2197 607 2283 quid
639 2198 816 2287 feceritis-'d
860 2198 1020 2267 Prohibiti
1046 2201 1126 2289 estis
1154 2200 1373 2284 in‘prorimia

230 2317 339 2373 restra
376 2302 494 2387 pedem
532 2322 675 2388 ponere,
714 2315 748 2369 et
787 2301 944 2386 prohibiti
976 2326 1109 2372 sumnia
1144 2326 1223 2372 cum
1258 2305 1371 2371 iniuria.

295 2487 365 2550 ΗΒ.
382 2503 406 2534 se
423 2485 496 2548 iilud]
520 2487 569 2548 gib.
593 2487 651 2532 iilud
673 2499 696 2532 se
719 2501 740 2532 e.
762 2500 809 2530 sese
832 2488 890 2532 iilud
913 2502 936 2534 v.
954 2511 984 2524 ·-
1001 2487 1084 2545 babeat
1099 2489 1132 2548 gi.
1151 2484 1215 2548 (nou
1233 2484 1285 2551 eb.)
1302 2493 1372 2539 nestra,

227 2571 298 2635 quid]
323 2588 345 2620 e.
365 2574 485 2633 superseri
507 2572 604 2617 Tubero.
621 2595 633 2606 ·
649 2575 730 2616 ababa
754 2569 841 2629 Tubero
865 2552 919 2635 qnid
941 2587 964 2631 g.
984 2571 1072 2616 Tubero
1095 2576 1174 2617 nostra
1197 2575 1252 2631 quid
1269 2574 1284 2618 i.
1301 2576 1371 2624 saba,

229 2657 332 2712 Tubero,
357 2673 380 2718 q.
402 2656 447 2704 1η.Ι
468 2655 544 2718 (qaod
568 2652 607 2716 b.)
630 2680 662 2693 -
680 2653 775 2714 fuistis]
800 2654 881 2700 bamb.
899 2655 1005 2716 Madvig.
1018 2655 1124 2715 fuissetis
1140 2654 1224 2703 omnes
1242 2657 1331 2711 meir.
1345 2679 1371 2691 -

228 2744 354 2788 liberalitas
376 2744 440 2789 debet
460 2756 578 2802 auperner.
601 2742 643 2786 dat
663 2741 679 2786 l.
700 2765 737 2781 ,-
751 2745 842 2797 patrem
859 2754 922 2784 sunm
939 2755 1055 2800 superser.
1073 2743 1134 2799 „vel
1150 2745 1216 2798 putri
1231 2748 1291 2787 Μ’*
1307 2759 1327 2788 e.
1343 2762 1370 2775 -

140 2847 146 2858 ·
226 2828 289 2884 apud
305 2828 378 2884 abisam
396 2829 458 2874 caius
475 2840 592 2888 superscr.
604 2831 625 2871 se
637 2831 692 2885 post
706 2840 729 2873 v.
740 2827 830 2883 apudl.
842 2850 875 2861 -
888 2814 1027 2884 gratissimis
1038 2840 1155 2886 superser.
1167 2829 1309 2885 grauissimis
1320 2828 1334 2872 i.
1345 2850 1370 2863 -

225 2913 280 2959 baec
295 2926 333 2959 rer
351 2911 374 2958 b.

293 3020 305 3083 b
321 3021 363 3068 24.
381 3026 443 3077 term,
460 3014 501 3085 ne]
519 3037 543 3082 g.
567 3026 614 3066 tam
629 3024 728 3078 propter
745 3020 770 3064 id
786 3033 814 3063 sse
831 3019 862 3068 ei.
880 3024 926 3064 tam
943 3024 968 3064 at
984 3033 1028 3064 nors
1046 3019 1069 3066 b.
1086 3024 1149 3075 tam,
1166 3026 1192 3066 at
1208 3036 1235 3068 ste
1252 3038 1275 3071 v.
1290 3047 1320 3060 -
1334 3034 1369 3080 qva

225 3122 253 3152 ne
274 3123 299 3168 g.
316 3133 348 3147 -·
366 3106 474 3167 facturus
491 3121 538 3152 esse
555 3122 576 3154 e.
594 3134 626 3146 ·-
644 3120 692 3153 om.
710 3105 810 3151 manime
826 3119 850 3164 g.
867 3129 900 3141 -
917 3106 942 3149 irs
958 3120 1002 3165 qun
1019 3119 1063 3151 rea
1079 3105 1102 3151 b.
1121 3130 1151 3141 -
1170 3121 1216 3152 rea·
1231 3107 1289 3151 Iuba
1304 3120 1325 3165 g.
1340 3126 1367 3139 -

225 3195 329 3238 voluutas
352 3191 471 3238 convenitis
487 3190 571 3252 firmi]
598 3192 639 3239 stc
656 3187 763 3237 distinxi.
780 3189 900 3242 voluntas,
928 3203 992 3236 conr.
1003 3190 1073 3249 firmi
1088 3205 1113 3237 v.
1130 3193 1236 3236 voluntas
1245 3191 1312 3251 firmi
1326 3201 1367 3232 ear·

224 3277 302 3318 uentus
319 3288 343 3334 g.
355 3272 486 3332 -suetnri
496 3272 578 3332 fuistis
595 3287 711 3334 superscr.
724 3273 829 3333 subsstis
843 3274 858 3319 l.
869 3274 962 3335 sartari
972 3275 1077 3334 fuissetis
1088 3274 1111 3339 b.
1124 3300 1157 3312 -
1169 3274 1279 3336 dubitem]
1293 3275 1365 3321 Coton.

225 3372 249 3403 v.
270 3371 316 3402 uon
339 3357 437 3403 dubitem
459 3357 522 3417 egib.
544 3347 578 3397 ὲ-
599 3359 660 3418 qnod
676 3357 783 3417 feceritis
805 3359 822 3403 1.
846 3383 878 3396 -
898 3357 1012 3414 probibiti
1027 3354 1126 3418 samma]
1145 3356 1366 3418 agtmrottttttffl

222 3442 360 3499 perhibetis,
385 3455 472 3488 summa
489 3443 529 3488 bv.
546 3467 576 3480 -
595 3457 681 3488 summu
699 3444 785 3489 iniuria
802 3441 835 3502 gl.

290 3608 360 3670 sat.
378 3611 431 3654 bric
447 3608 569 3667 uictoriae]
587 3608 750 3655 Pharsalicae.
762 3633 796 3648 -
807 3623 850 3654 rea
864 3605 1045 3669 potentissimus]
1062 3606 1139 3665 Iuba,
1156 3606 1302 3669 Hiempsalis
1311 3604 1365 3657 triu,
1402 3602 1403 3623 ¹

224 3693 265 3756 qui
283 3709 326 3753 per
343 3692 480 3740 Numidiam
501 3695 533 3738 ad
556 3693 732 3739 Mauretaniam
753 3707 827 3754 usqua
844 3694 894 3739 late
911 3693 1040 3752 regnabat,
1067 3692 1104 3739 eui
1121 3697 1243 3749 paternum
1258 3693 1364 3750 inspitiens

224 3783 341 3824 aratrum
357 3778 479 3835 Pompeio.
497 3777 588 3823 Caesar
606 3775 634 3822 Β,
653 3776 682 3821 C.
700 3777 729 3834 2,
747 3759 788 3824 23.
822 3777 894 3824 Utica
915 3783 988 3839 capta
1006 3777 1038 3824 ab
1055 3776 1164 3825 omnibus
1182 3776 1315 3825 civitatibus
1329 3788 1363 3822 ea·

223 3864 301 3908 elusus
319 3836 429 3921 precibus
446 3877 461 3908 a
479 3875 549 3908 servo
567 3876 611 3908 suo
629 3861 781 3920 impetravit,
799 3867 824 3907 ut
841 3877 866 3908 se
883 3862 1035 3919 interficeret.
1055 3887 1089 3899 -
1104 3863 1180 3909 atiena
1197 3863 1310 3922 volamus]
1324 3859 1363 3907 sui

222 3961 238 3991 a
255 3945 364 4005 partibus
383 3946 507 4004 Caesaris,
534 3961 586 3993 cum
604 3948 668 3995 cives
685 3946 790 3992 Romani
806 3946 839 3992 ibi
857 3948 968 4006 degentes
985 3953 1087 4008 totaque
1103 3946 1232 4006 pruvincia
1249 3947 1321 4007 magis
1335 3945 1363 3990 tu·

222 4040 305 4077 verent
326 4031 455 4092 Pompeio.
477 4058 511 4070 -
532 4031 661 4094 conuentus]
688 4032 783 4081 Civium
806 4034 970 4080 Romanorum
997 4033 1021 4078 in
1045 4032 1104 4078 urbe
1132 4032 1214 4093 aliqua
1238 4029 1361 4092 provinciae
1402 4064 1403 4101 3

221 4115 380 4163 habitantium
402 4118 562 4167 universitatis
585 4134 603 4164 s.
628 4118 747 4178 eorporis.
797 4117 892 4164 Etenim
914 4114 1031 4176 genitivus
1055 4120 1090 4160 est
1113 4114 1251 4174 singularis,
1279 4126 1322 4159 non
1341 4116 1359 4153 ut

221 4200 288 4247 multi
305 4200 403 4249 incisum
421 4210 477 4250 unte
494 4219 517 4250 v.
536 4207 654 4247 conuentus
672 4204 789 4261 ponentes
806 4207 912 4246 statuunt
929 4214 993 4246 nom.
1010 4201 1074 4259 plur.
1113 4198 1159 4253 Qui
1176 4207 1256 4246 autem
1272 4209 1357 4245 conver

221 4289 258 4330 tus
276 4285 299 4331 tr.
317 4285 332 4331 Ι.
350 4287 508 4347 significetur,
531 4286 676 4346 ignoramus.
714 4285 827 4331 Uticenses
845 4292 909 4331 certe
924 4300 970 4343 pro
988 4286 1119 4346 quibusdam
1139 4285 1243 4333 &esuris
1258 4288 1280 4330 in
1295 4298 1315 4329 se
1329 4281 1355 4325 bs·

222 4364 307 4421 testere
326 4368 363 4412 tur
378 4357 511 4414 amecurtem·
527 4374 602 4414 erant.
637 4365 698 4416 uett.
717 4368 770 4418 civ.
787 4369 818 4426 a,
835 4369 875 4415 es.
