2850 4759
221 293 286 359 2⁰8
574 279 577 291 ’
697 293 934 365 CICERONIS

225 455 336 535 dum,
357 477 436 525 cum
458 456 541 536 tela,
556 447 650 525 ⁴oum
671 456 814 539 caedes,
835 480 913 526 cum
935 458 1059 526 civium
1076 479 1196 537 emor,
1219 460 1382 527 cum‘cinis

140 651 149 656 ῃ
225 563 353 645 patriae
374 563 502 630 versari
523 560 739 630 anteoculos
761 575 861 646 atque
882 563 1031 630 animum
1055 565 1218 630 memoria
1241 566 1382 631 refricare

225 678 404 750 coeperat,
426 679 499 734 turn
520 666 664 751 denique
684 669 714 733 ei
737 667 955 745 resistebam,
975 689 1085 753 neque
1105 666 1218 735 solum
1243 668 1291 734 illi
1312 668 1383 734 boati

224 789 266 836 ac
290 769 496 860 parricidae,
536 770 595 840 sed
623 770 674 839 bis
704 755 1029 856 etiani'propinquis
1061 771 1167 851 illins,
1211 771 1381 850 Marcellis,

223 875 312 955 patri
342 888 376 941 et
403 874 489 954 lilio,
521 898 667 959 quornm
694 874 780 942 alter
808 875 896 959 apud
924 895 979 942 me
1006 877 1155 958 parentis
1183 877 1380 956 gravitatem,

223 973 311 1043 alter
337 976 395 1043 lilii
423 978 625 1046 suavitatem
655 978 849 1046 obtinebat:
893 999 1001 1062 neque
1029 1000 1084 1045 me
1112 980 1305 1046 arbitrabar
1328 981 1382 1047 sine

223 1101 359 1149 summo
380 1081 508 1150 scelere
531 1104 652 1168 posse,
674 1084 765 1168 quod
787 1083 989 1152 maleficium
1009 1084 1041 1149 in
1064 1081 1137 1151 aliis
1159 1085 1381 1159 vindicassem,

163 1177 203 1242 ²⁰
224 1183 312 1280 idem
334 1186 368 1255 in
386 1184 523 1255 illorum
544 1187 659 1274 socio,
681 1209 759 1254 cum
781 1188 922 1266 scirem,
945 1186 1138 1258 defendere.
1179 1191 1298 1272 Atque
1312 1188 1380 1254 iden

222 1311 290 1372 ego
316 1312 427 1376 neque
453 1293 489 1362 Ρ.
512 1290 638 1361 Sullam
663 1290 851 1375 supplicem
880 1290 972 1357 lerre
997 1311 1106 1374 neque
1134 1291 1280 1360 eosdem
1307 1293 1380 1359 Mar·

223 1392 329 1490 cellos
346 1419 409 1478 pro
433 1395 532 1466 buius
556 1394 714 1481 perieulis
736 1394 951 1463 lacrimantes
971 1393 1147 1478 adspicere
1165 1416 1282 1480 neque
1302 1396 1378 1462 buius

218 1502 277 1570 tt.
303 1499 501 1585 Messallae,
530 1499 675 1569 hominis
703 1498 904 1586 necessarii,
936 1520 1053 1583 preces
1083 1502 1258 1568 sustinere
1285 1500 1378 1584 potui:

222 1603 442 1689 nequeenim
467 1616 520 1673 est
536 1626 638 1672 causa
663 1602 842 1672 adversata
866 1615 1025 1681 naturae,
1047 1624 1110 1670 nec
1132 1604 1240 1673 bomo
1264 1628 1323 1672 nec
1340 1625 1378 1670 res

224 1707 476 1779 misericordiae
499 1730 594 1775 meae
617 1710 836 1791 repugnavita
868 1730 1036 1791 nusquam
1059 1731 1201 1780 nornen.
1234 1730 1378 1792 nusquam

223 1813 404 1893 vestigium
434 1813 565 1891 fuerat,
600 1810 731 1879 nullum
756 1814 901 1898 crimen,
933 1812 1063 1880 nullum
1093 1812 1277 1890 indicium,
1310 1811 1379 1878 nulla

223 1917 382 2002 suspicio.
425 1915 564 2000 Suscepi
585 1938 743 1995 causam,
766 1917 958 2000 Torquate,
979 1920 1132 2000 suscepi,
1154 1931 1189 1985 et
1206 1919 1277 1985 feci
1299 1916 1378 1984 liber·

223 2033 295 2098 ter,
317 2033 355 2088 ut
381 2042 454 2099 me,
484 2041 581 2104 quem
607 2020 685 2087 boni
709 2033 923 2089 constantem
950 2042 1101 2104 semper,
1123 2034 1160 2087 ut
1182 2044 1308 2105 spero,
1325 2019 1379 2086 exi·

222 2126 436 2210 atimassent,
458 2122 603 2191 eundem
628 2146 670 2191 ne
699 2125 844 2208 improbi
873 2123 1007 2207 quidem
1033 2125 1205 2192 crudelem
1235 2125 1377 2192 dicerent.

94 2297 103 2308 ,
162 2222 202 2285 21
301 2229 380 2296 Vll.
421 2229 485 2295 Hic
513 2226 884 2307 aitseille,iudices,
908 2251 1050 2310 regnum
1077 2250 1189 2296 meum
1216 2232 1400 2306 serrenon

221 2355 333 2419 posse.
368 2332 472 2424 Quod
489 2332 636 2412 tandem,
652 2332 836 2417 Torquate,
852 2334 1023 2414 reguum?
1045 2333 1267 2413 Consulatus,
1284 2329 1376 2407 credo,
1399 2321 1400 2350 ³

222 2440 305 2519 ntei;
339 2438 372 2504 iu
399 2459 465 2521 quo
493 2457 556 2518 ego
583 2438 748 2520 imperavi
774 2437 875 2517 nibil,
910 2437 971 2504 scd
997 2449 1114 2504 eontra
1140 2440 1295 2519 patribus
1317 2456 1378 2501 con-

206 2543 358 2626 scriptis
379 2553 413 2608 et
438 2541 532 2609 bonis
557 2541 713 2608 ornatibus
742 2542 859 2623 parui:
883 2564 949 2625 quo
975 2542 1008 2608 in
1031 2541 1234 2622 magistratu
1262 2563 1325 2608 nou
1342 2540 1399 2632 ing

223 2647 379 2714 stitutum
405 2657 457 2713 est
485 2666 503 2711 a
531 2666 603 2723 me,
632 2642 780 2730 iudices,
813 2666 975 2732 regnum,
1008 2645 1068 2713 sed
1093 2666 1303 2727 repressum.
1337 2645 1376 2708 dn

224 2762 260 2818 tu
288 2751 321 2817 in
349 2762 441 2816 tanto
465 2747 608 2832 irnperio
634 2761 792 2833 tantaque
821 2760 989 2832 potestate
1014 2770 1080 2814 nou
1103 2746 1195 2815 dices
1217 2771 1275 2816 me
1292 2747 1375 2814 fuisse

221 2874 360 2936 regem,
388 2876 477 2922 nunc
492 2857 662 2938 privatum
680 2875 820 2935 regnare
840 2853 952 2922 dieis?
984 2876 1049 2936 quo
1072 2852 1208 2919 tandem
1232 2847 1375 2920 nomine?
1397 2903 1398 2920 .

223 2958 326 3052 Quod
360 2960 392 3027 iu
427 2981 512 3043 quos
546 2958 740 3027 testimonia
772 2957 911 3035 dixisti,
947 2958 1079 3041 inquit,
1113 2954 1266 3023 damnati
1297 2963 1374 3026 sunt;

221 3085 321 3147 quem
351 3061 521 3143 defendis,
560 3075 675 3147 sperat
702 3083 739 3130 se
768 3060 961 3129 absolutum
992 3063 1045 3131 iri.
1086 3062 1150 3129 Hic
1176 3064 1234 3130 tibi
1261 3083 1321 3143 ego
1343 3054 1373 3120 dt

214 3168 423 3234 testimoniis
453 3168 536 3234 meis
561 3167 627 3234 boc
653 3164 863 3249 respondeo:
901 3166 928 3233 si
952 3164 1073 3234 falsum
1104 3165 1267 3240 dixerim,
1301 3176 1328 3229 te
1350 3160 1397 3222 int

222 3270 359 3339 eosdem
373 3271 519 3350 dixisses
536 3274 588 3338 sin
598 3291 716 3337 verum
726 3263 739 3351 ζ
757 3292 824 3337 uou
836 3289 910 3336 esse
925 3268 990 3336 boc
1003 3285 1162 3351 regnare,
1178 3291 1258 3337 curn
1275 3285 1370 3334 veruru

288 3458 359 3521 ΗΟ,
376 3461 501 3508 lllorcelloa
521 3476 570 3520 pro
593 3463 659 3508 buius
677 3463 791 3519 periculis
814 3463 960 3507 lacrimantes
982 3460 1181 3523 repletumque]
1208 3447 1371 3513 M‘orcellom
1394 3471 1396 3528 j

214 3547 286 3590 'buius
307 3548 379 3592 solute
404 3551 495 3590 oranter
516 3561 585 3605 raeque
608 3547 636 3593 P.
659 3560 706 3606 pro
729 3546 802 3593 Beru.
825 3546 917 3594 Gener.
941 3553 966 3594 et
987 3547 1048 3594 Edd.
1072 3553 1129 3592 ante
1152 3546 1225 3592 Grut.
1243 3544 1295 3607 (qui
1310 3544 1370 3588 1⁰0⁸!
1394 3539 1395 3576 l

219 3631 358 3690 suppletum
375 3631 441 3677 dedit
458 3646 491 3677 ex
503 3631 555 3678 arf.
572 3638 597 3677 et
609 3632 690 3677 Pelet.
708 3628 808 3690 nono.)a
826 3632 952 3676 Marcellos
969 3646 1047 3690 nequa.
1081 3630 1199 3691 Suspicor
1218 3630 1243 3676 in
1260 3617 1369 3696 lipparim
1394 3615 1395 3622 ἵ

220 3715 318 3762 Codicis
336 3715 365 3762 P.
384 3717 502 3763 delectum
520 3717 615 3777 punctis
633 3715 705 3762 fuisse
730 3715 874 3772 indicatum,
904 3730 975 3777 quern
992 3714 1156 3775 interpolator
1174 3728 1223 3761 nou
1241 3715 1310 3774 plane
1324 3707 1368 3755 lale
1394 3713 1395 3766 g

220 3800 299 3848 liciter
315 3801 441 3861 supplerit.
455 3823 489 3838 -·
498 3803 563 3846 buius
580 3803 614 3847 Μ.
632 3798 764 3862 Messallae]
778 3801 949 3850 abstentus
967 3800 996 3846 P.
1008 3823 1043 3835 -
1053 3801 1116 3844 nulla
1133 3797 1247 3862 suspicio]
1265 3799 1314 3845 On„
1324 3795 1368 3841 batt

218 3886 249 3933 Ρ.
267 3886 340 3934 Bern.
358 3866 450 3934 Gener.
467 3887 578 3934 Ambros.

261 3973 267 3985 Ι
275 3983 278 3984 ⁷

287 3997 298 4059 l
316 3997 358 4043 21.
376 3998 416 4043 aed
433 3996 572 4055 repressam]
591 3997 630 4042 ‚red
647 4008 693 4040 oon
704 3991 847 4050 ‘permissum
865 3993 959 4040 blanut.
977 4000 1073 4039 tacente
1090 3992 1230 4040 Torrentio.
1247 4016 1280 4030 -
1295 3990 1328 4035 Aa
1340 3978 1364 4040 b]

218 4084 331 4131 Ambros.
348 4082 378 4130 Ρ.
395 4083 487 4129 Gener.
523 4081 562 4127 Ara
578 4085 624 4125 tum
642 4079 699 4125 Ean.
721 4104 754 4117 -
773 4074 888 4140 tantoque]
902 4077 1015 4124 Ambrae.
1034 4082 1097 4122 touta
1109 4077 1173 4123 Cett.
1187 4061 1363 4124 Genusum·

219 4171 280 4214 dieas
298 4182 333 4214 me
344 4161 431 4231 seriore]
451 4165 563 4212 Ambros.
581 4168 641 4211 dicis
658 4180 693 4209 me
704 4165 780 4223 firiaco
797 4163 919 4209 Meteri
932 4164 1010 4209 Codri.
1028 4167 1126 4222 praeter
1136 4162 1221 4208 Ambe.
1238 4176 1285 4208 om.
1300 4171 1364 4203 ate·-

218 4252 347 4297 absolutum
365 4247 411 4307 iri]
430 4246 557 4291 obsoletam
575 4246 604 4291 P.
617 4245 696 4305 Saepe
713 4247 762 4293 ridi
780 4248 932 4307 interpolatt.
951 4254 975 4293 et
993 4246 1105 4293 librarios
1122 4261 1170 4292 nou
1184 4239 1362 4292 concoxinelot

220 4334 263 4379 fut.
283 4331 346 4393 pass.
359 4356 393 4372 -·
410 4328 509 4390 eoadem]
528 4330 640 4378 Ambrae.
659 4333 700 4377 boa
718 4330 747 4377 P.
765 4332 860 4392 (Volgo
878 4331 936 4394 eos.)
953 4355 987 4371 ι-
1007 4329 1105 4394 imolae]
1123 4333 1211 4378 iurator
1229 4332 1313 4378 blanel.
1327 4331 1361 4369 tat·

220 4416 290 4464 Torr.
