2850 4759
1229 327 1264 374 ¹1

55 506 262 593 parentem.
286 491 385 589 -.§
408 494 469 564 bb.
499 517 559 563 nee
588 495 627 566 iu
647 492 728 565 ltoc.
755 540 802 556 -
823 497 887 568 sed
907 521 996 594 quoe
1018 498 1113 570 utus
1137 526 1265 586 causo,

60 642 150 712 pro.
160 656 215 674 -
231 614 396 685 beatiores
412 638 482 684 esse
499 612 562 683 tlti.
581 615 819 713 -sruuntun
841 655 883 672 -
901 619 1003 713 opud
1017 630 1048 690 te
1069 623 1266 711 rogantium

67 761 220 818 cauam.
234 780 280 796 ...
295 732 392 821 852.
415 759 458 802 oc
477 732 589 802 robur.
604 775 649 789 -
665 745 837 828 optumos.
872 734 961 805 Mihi
978 734 1117 808 videtur
1129 764 1266 812 siccome

73 853 242 926 modatio
257 849 345 922 adv.
363 849 530 923 homines.
545 899 593 913 -
609 854 645 942 8.
662 853 721 924 55.
738 880 756 923 e
780 855 909 924 eiu-
927 852 1029 928 Narn
1046 857 1207 953 quodvis.
1218 900 1267 914 -

74 973 106 1017 '²²²‘
125 974 219 1043 leuno
234 970 454 1068 splendorem
479 974 654 1057 omnium,
680 969 774 1043 hunc
791 971 1035 1067 Brneclcorurn⁸
1050 976 1205 1045 minum.
1219 1021 1268 1041 ..-

72 1096 140 1191 qui
156 1106 279 1163 tecum.
296 1133 348 1148 -
364 1091 599 1162 minabamur.
650 1095 728 1163 Hoc
751 1112 844 1164 certe
868 1119 988 1166 secum
1006 1093 1266 1165 communicare

73 1213 208 1283 Cicero
228 1236 296 1283 nee
316 1210 429 1282 voluit
452 1235 520 1281 nec
537 1209 665 1308 potuit.
688 1253 739 1268 -
765 1213 791 1302 8
809 1213 866 1301 54.
883 1212 1204 1312 *suissetsuturus
1218 1256 1268 1276 .-

74 1326 177 1421 855.
187 1331 394 1401 dissenserit.
429 1330 589 1401 Praefero
600 1331 800 1401 etiamnunc
814 1358 845 1402 v.
858 1331 1036 1427 aliquanto
1050 1332 1163 1402 lenius
1176 1332 1266 1404 etde

74 1449 244 1521 fratribus
271 1451 386 1549 aptius
408 1449 605 1522 discesserit.
626 1456 719 1526 Brut.
732 1452 758 1541 8
772 1450 854 1522 275.
880 1450 934 1522 Μ.
954 1450 1091 1524 Caelius
1116 1452 1268 1524 discessu

77 1598 157 1642 meo
176 1571 332 1643 discessit
354 1598 379 1641 o
397 1596 476 1642 sese.
494 1611 546 1628 -·
561 1570 680 1667 quoles
705 1568 748 1642 T.
766 1568 943 1662 Ligarius.
966 1616 1014 1632 --
1035 1571 1155 1671 officio
1176 1573 1268 1663 cogi-

29 1755 35 1760 .
76 1702 298 1761 tuntem.-
308 1690 423 1780 856.
444 1716 523 1760 eum
543 1689 750 1761 studiosum.
775 1736 825 1750 -
846 1689 994 1760 *sibi
977 1715 1082 1785 ipsos.
1100 1692 1190 1779 -8
1208 1692 1265 1762 57.

75 1811 276 1881 clarissimo
299 1809 354 1881 M.
377 1808 559 1881 Marcello
583 1850 633 1871 -·
657 1820 690 1879 et
711 1808 846 1906 populo
874 1807 947 1881 Ro.
969 1852 1019 1868 -
1036 1811 1062 1900 8
1081 1811 1138 1881 58
1162 1807 1271 1884 Nihil

74 1929 202 2015 habet,
229 1930 380 2017 Caesar,
407 1957 477 2003 nec.

179 2053 261 2122 Pro
297 2075 390 2146 rege
423 2049 648 2123 Deiotaro
689 2053 715 2142 8
746 2054 778 2122 1.
807 2051 1032 2122 uidetur-
1061 2055 1086 2144 8
1119 2052 1151 2123 2.
1185 2053 1208 2097 ‘i‘
1234 2068 1267 2125 et

77 2169 208 2246 scelere.
230 2212 282 2227 -
303 2172 329 2261 8
347 2177 380 2260 4.
404 2183 482 2255 tuo,
510 2170 548 2245 C.
575 2170 712 2244 Cursor.
733 2211 785 2229 -
806 2174 832 2262 8
857 2171 892 2243 6.
920 2200 1085 2258 consum,
1115 2173 1154 2248 C.
1182 2174 1267 2248 Cae-

79 2314 157 2360 sar.
170 2331 210 2345 -
220 2292 246 2379 8
258 2291 291 2361 8.
307 2291 490 2388 afflictum.
501 2339 547 2353 -
557 2303 590 2361 et
602 2290 829 2362 clementium.
841 2337 888 2356 -
901 2291 968 2379 89.
976 2292 1090 2391 focile
1101 2298 1206 2363 orari.
1218 2335 1266 2351 -

77 2409 249 2480 dotumm
274 2437 354 2482 esse.
372 2453 422 2472 -
446 2413 482 2480 si
502 2436 582 2480 eum
602 2411 753 2482 otacilio.
776 2411 919 2505 -ipsc
940 2420 1067 2480 tamen.
1090 2413 1182 2500 -8
1208 2414 1265 2484 10.

74 2555 279 2625 progressus
302 2542 361 2602 est.
381 2573 429 2590 -·-
456 2529 479 2575 ’77
495 2532 618 2628 qutipue
637 2558 717 2602 cum
737 2529 838 2601 iilum
849 2571 866 2584 -
877 2571 922 2586 --
935 2531 1082 2612 uersuti,
1107 2558 1186 2601 cum
1203 2559 1267 2602 ou·

79 2649 181 2720 diret.
198 2652 286 2740 -8
308 2653 364 2720 11.
386 2661 530 2747 sumpto
542 2676 613 2721 esse
630 2696 680 2710 --
696 2650 771 2719 ueri
788 2650 912 2720 nuncii.
934 2650 1020 2745 (esse
1041 2670 1077 2721 et
1096 2653 1215 2722 nuncsi
1229 2652 1267 2721 in

77 2769 157 2845 Erf.
175 2787 352 2865 tamquam
373 2770 475 2865 gloss.
494 2770 743 2869 superscripta)
760 2814 808 2826 —
821 2770 876 2840 od
891 2797 968 2841 cum
988 2770 1095 2864 legati
1108 2819 1154 2833 -.
1167 2773 1193 2860 8
1209 2772 1265 2842 12.

80 2889 229 2989 Quanto
245 2930 292 2948 -·
308 2893 418 2962 tanto.
449 2891 519 2961 Eri.
544 2933 594 2952 -
617 2891 643 2979 8
669 2892 726 2960 15.
758 2888 781 2933 'i
806 2902 908 2985 atque
932 2890 1037 2961 Alex.
1068 2892 1101 2960 b.
1133 2902 1267 2982 gerente

78 3021 194 3080 te.-
142 3010 322 3108 -.§14
347 3011 434 3103 regis
455 3007 586 3081 bonore
609 3023 642 3081 et
661 3012 871 3081 nominc.-
821 3003 1033 3097 -.“77815
1054 3033 1170 3103 aquo
1192 3034 1264 3078 rex.

77 3134 124 3199 In
143 3153 220 3199 mea
239 3128 305 3200 Ed
323 3159 356 3203 u
381 3129 510 3201 excidit
535 3155 601 3200 err.
627 3147 843 3226 typogr..-
877 3130 903 3217 8
929 3126 985 3197 16
1017 3129 1148 3203 rectior.
1197 3128 1265 3197 Sed

77 3249 139 3319 his
156 3247 265 3320 trihus
288 3250 451 3320 membris
474 3248 632 3321 defendit
652 3248 856 3320 Deiotarum
885 3274 905 3319 a
927 3273 1127 3345 suspicione
1157 3268 1266 3318 teme

77 3370 193 3441 ritatis
217 3392 322 3468 atque
341 3370 660 3471 imprudentiae:
650 3397 689 3440 m
707 3396 805 3466 seqq.
826 3368 971 3439 demum
991 3372 1095 3441 verba
1112 3369 1194 3438 facit
1221 3369 1265 3440 de

76 3490 158 3561 eius
175 3492 374 3562 rectitudine
393 3513 429 3563 et
443 3491 628 3591 probitate.
678 3490 900 3561 Manifestum
912 3510 964 3560 est
980 3489 1156 3574 librarios,
1183 3516 1266 3561 eum

76 3640 111 3685 v.
136 3624 255 3684 tectior
268 3639 394 3711 parum
417 3612 669 3709 intelligerent,
691 3608 905 3680 substituisse
928 3609 1036 3704 magis
1057 3610 1122 3679 sibi
1139 3630 1266 3681 notum

76 3760 112 3803 v.
149 3733 276 3803 rectior.
300 3780 352 3794 -
378 3734 516 3805 nonsit
539 3732 676 3804 audito.
704 3775 754 3792 -
778 3732 804 3820 8
830 3731 886 3801 17.
911 3730 963 3800 αἱ)Δ
979 3730 1066 3826 c'pso.
1086 3732 1183 3819 -8
1208 3731 1265 3802 19»

76 3851 145 3922 illo
164 3863 313 3949 tempore
334 3880 405 3924 non
423 3856 576 3954 perfecto
599 3879 643 3924 re.
663 3897 713 3916 --
735 3852 760 3941 8
780 3850 837 3919 21.
858 3850 881 3894 ’i‘
903 3850 1069 3922 mutandi
1084 3848 1159 3920 loci.
1210 3848 1267 3918 Sic

80 3998 148 4067 ego
174 3998 319 4068 quoque
343 3974 524 4063 volebam3
562 3972 624 4043 sed
646 3996 774 4069 operae
804 3996 878 4041 nou
904 3991 1106 4069 paruenmt.
1126 4009 1178 4028 ·-
1202 3970 1268 4041 illo

81 4106 155 4164 tun.
175 4142 225 4157 -
243 4094 281 4164 in
299 4095 492 4165 cubiculum
514 4108 546 4165 te
566 4097 613 4166 ire
633 4093 750 4164 multe.
770 4089 999 4162 -hubebot
1016 4138 1065 4152 -
1080 4090 1264 4160 uindicare.

78 4220 171 4286 Cum
193 4240 262 4286 nee
280 4216 459 4288 uindicare
480 4239 594 4311 neque
618 4211 772 4284 indicare
796 4213 925 4283 claram
947 4210 1153 4282 sententiam
1168 4232 1267 4304 prae·
