2850 4759
248 270 305 337 idi
711 270 944 341 CICERONIS

246 443 316 512 est,
344 432 432 517 qnod
453 431 594 510 fatebat,
628 432 855 500 confitendum
878 444 948 511 est,
979 445 1014 501 ut
1035 435 1171 516 opinor,
1200 434 1380 518 praesertin

245 558 324 604 curn
350 559 446 604 niens
473 541 682 607 necessarius
710 538 818 606 Pansa
847 536 984 615 feccrit,
1019 551 1057 603 ut
1083 538 1114 604 id
1142 538 1299 618 integrum
1324 539 1380 604 ianr

243 664 312 709 non
334 654 442 709 esset:
479 642 670 724 omissaque
697 641 948 720 controversia,
983 642 1091 708 omnis
1113 643 1217 709 oratio
1238 641 1275 710 ad
1299 643 1384 710 suise-

243 745 424 814 ricordiaru
447 758 538 814 tuam
561 747 764 812 conferenda
785 759 853 832 est,
874 766 939 827 qua
959 744 1094 828 plurimi
1110 746 1383 823 suntconservati

245 869 323 915 curu
344 868 363 915 a
385 860 417 916 te
438 870 502 915 nou
524 846 755 916 liberationem
778 848 914 931 culpae,
944 848 1004 916 sed
1027 851 1129 917 errati
1150 851 1384 943 veniarnyirnpe

204 950 223 1012 2
246 952 436 1021 travissent.
477 951 587 1021 Habes
609 953 730 1033 igitur,
758 944 923 1033 Tubero,¹
939 952 1029 1036 quod
1050 964 1102 1021 est
1122 953 1307 1023 accusatori
1326 973 1384 1021 sna·

242 1056 335 1123 xime
356 1054 558 1140 optandumJ
592 1056 808 1123 confitentem
835 1077 947 1123 reum:
981 1055 1041 1123 sed
1071 1068 1180 1123 tamen
1207 1054 1269 1123 hoe
1296 1055 1384 1122 coufi-

244 1171 389 1239 tentem‚
410 1180 446 1227 se
467 1159 499 1225 in
521 1180 559 1226 ea
579 1172 674 1243 parte
694 1158 817 1237 fuisse,
838 1182 903 1244 qua
924 1174 975 1247 te,
997 1181 1062 1244 qua
1075 1162 1186 1227 virurn
1204 1160 1288 1227 omni
1301 1157 1383 1225 laude

244 1263 399 1344 dignuin,
432 1275 562 1345 patrem
586 1276 690 1330 tnunr.
730 1262 847 1347 Itaque
867 1262 960 1346 prius
982 1263 1025 1330 de
1043 1275 1156 1330 vestro
1177 1262 1295 1332 delicto
1316 1283 1384 1329 eon·

242 1365 401 1435 fiteamini
422 1387 560 1436 necesse
581 1378 650 1447 est,
680 1388 780 1451 quam
801 1367 922 1447 Ligarii
943 1364 1045 1434 ullam
1067 1364 1201 1449 culpam
1222 1363 1383 1449 reprehen-

243 1470 342 1540 datis.

323 1574 367 1666 Q.
389 1574 476 1654 enirn
497 1574 665 1658 Ligarius,
697 1595 774 1643 cunr
796 1584 884 1642 esset
903 1571 994 1641 nulia
1015 1572 1091 1641 beili
1112 1575 1277 1657 suspicio.
1309 1570 1382 1652 lega-

244 1689 298 1745 tus
317 1679 351 1745 in
376 1677 530 1761 Africam,
548 1699 626 1746 curn
649 1679 687 1745 O.
707 1677 863 1746 Considio
885 1679 1057 1761 profectus
1082 1690 1151 1758 estr
1171 1702 1235 1762 qua
1258 1680 1289 1746 in
1307 1676 1383 1758 tega-

243 1781 335 1848 tione
358 1794 391 1847 et
412 1782 538 1849 civibus
563 1793 596 1850 et
617 1783 717 1849 sociis
739 1783 785 1849 ita
807 1802 842 1849 se
870 1783 1042 1865 probavit,
1064 1795 1102 1848 ιιι
1125 1782 1289 1873 decedens
1310 1782 1381 1848 Con·

197 1936 201 1942 -
241 1884 347 1953 sidius
370 1885 541 1967 provincia
560 1886 755 1953 satisfacere
776 1883 964 1952 hominibus
989 1908 1058 1953 non
1079 1898 1213 1972 posset,
1234 1887 1262 1952 si
1288 1906 1382 1969 quent·

243 2009 343 2071 qnam
363 1987 465 2056 alium
492 1989 683 2072 prouinciae
708 1988 935 2072 praefecisset.
977 1987 1093 2071 ltaque
1117 1988 1288 2069 Ligarius,
1320 2008 1380 2054 cun

242 2090 300 2159 diu
328 2113 487 2160 recusans
518 2091 598 2159 nihii
621 2092 839 2176 profecisset,
872 2091 1080 2183 provinciam
1106 2096 1236 2177 accepit
1261 2093 1380 2165 invitus

242 2197 297 2263 cni
320 2197 368 2265 sic
392 2196 536 2280 praefuit
559 2196 594 2262 in
617 2216 719 2279 pace,
752 2207 790 2263 ut
817 2207 851 2263 et
876 2195 1004 2262 civibus
1029 2207 1062 2263 et
1085 2198 1188 2264 sociis
1212 2197 1380 2280 gratissinn

203 2300 331 2368 desset
358 2300 428 2368 eius
455 2300 628 2380 integritas
653 2320 691 2365 ao
716 2300 812 2367 fides.
850 2296 981 2366 Bellum
1002 2299 1111 2367 subito
1134 2301 1278 2369 exarsit:
1299 2296 1379 2384 quod,

242 2404 298 2487 qui
318 2413 413 2470 erant
431 2392 464 2470 in
490 2402 623 2484 Africa,
651 2414 728 2471 ante
749 2399 927 2470 audierunt
947 2404 1018 2485 geri
1041 2425 1141 2487 quam
1160 2405 1283 2486 parari.
1320 2402 1379 2495 Quo

162 2620 169 2633 ·
239 2658 242 2667 ¹
309 2607 320 2670 ι
340 2610 364 2656 2.
384 2606 451 2655 tato
469 2610 528 2655 euim
546 2609 563 2659 1.
580 2635 613 2650 -
631 2622 706 2656 rerum
723 2616 876 2671 g.-tansett
896 2610 939 2657 iroc
959 2604 1033 2670 confi]
1052 2613 1099 2672 egi.
1115 2610 1151 2673 (in
1175 2613 1191 2659 l.
1212 2627 1327 2672 superscr.
1341 2603 1379 2666 rat

241 2699 316 2739 umen
337 2695 380 2740 doe
402 2696 436 2739 ita
461 2693 522 2754 cons.
551 2693 575 2741 b.
595 2699 668 2741 romeu
697 2698 731 2741 ita
757 2696 819 2756 conf.
840 2712 863 2745 v.
880 2697 930 2743 siue
953 2697 1031 2745 codd,
1055 2697 1210 2745 auctoritate.
1239 2703 1311 2743 tames
1334 2691 1379 2752 cosi·

240 2778 355 2825 Wundcri
372 2778 435 2826 coni.
452 2804 485 2819 ·-
505 2781 568 2840 conf.
585 2795 661 2827 rerum
681 2780 753 2841 (pror
779 2779 855 2841 reum)
875 2795 900 2826 se
917 2796 943 2842 g.
962 2802 995 2820 ·-
1015 2777 1174 2844 praeelegi.
1196 2794 1243 2842 qus
1258 2788 1294 2837 ιε,
1311 2781 1379 2827 roeo

240 2864 280 2912 bv.
296 2887 330 2901 -
355 2865 382 2919 Q.
402 2861 472 2924 euim]
499 2867 562 2925 egit.
579 2867 606 2920 Q.
623 2868 695 2924 igitur
716 2865 738 2912 b.
760 2890 793 2903 -
815 2868 888 2912 adduc
906 2868 970 2924 uultu
990 2867 1031 2927 gb.
1051 2868 1112 2928 (uon
1130 2865 1173 2926 el.)
1188 2891 1223 2904 -
1240 2882 1290 2913 cum
1309 2865 1379 2911 comit

242 2948 350 2995 Considio
367 2963 392 3009 g.
411 2971 445 2984 -
457 2947 565 3009 prosectu
580 2951 644 2995 esti.
665 2976 699 2990 -υ
715 2951 795 3010 Itaque
811 2947 933 3009 Ligarius]
953 2966 974 2997 e.
994 2952 1046 3009 (sed
1067 2965 1184 3010 superscr.
1207 2952 1247 3011 Q.)
1267 2953 1300 3011 gl.
1317 2952 1379 3008 Juque

242 3034 270 3088 0.
290 3034 402 3093 Ligurius
428 3034 466 3082 bv.
489 3059 521 3071 -
540 3030 644 3096 aceepit]
673 3035 736 3096 egli).
762 3038 847 3093 accipit
863 3050 886 3083 v.
907 3059 939 3074 -
965 3050 1016 3081 cum
1034 3037 1069 3080 sie
1089 3051 1110 3081 e.
1129 3062 1161 3075 -
1182 3041 1209 3081 st
1224 3036 1310 3082 ciuibus
1327 3037 1378 3082 t-

238 3134 267 3164 ac
279 3119 352 3182 fides]
369 3132 407 3181 eg.
427 3125 450 3165 ει
458 3117 521 3180 fidet
540 3121 588 3170 lbr.
1218 3096 1228 3114 o

305 3228 358 3291 ιδ.
375 3230 423 3290 ad]
440 3198 487 3291 elgl.
510 3235 532 3275 et
546 3232 577 3277 ad
596 3224 634 3280 bv.
655 3228 699 3292 (ad
714 3242 777 3276 suam
798 3233 813 3277 i.
849 3230 954 3291 Propter
973 3230 1035 3277 hanc
1053 3229 1182 3283 lectionem
1203 3237 1228 3276 ει
1246 3226 1376 3277 omissiones

238 3315 343 3374 copulae
360 3314 428 3372 ride,
445 3329 476 3361 ne
495 3330 509 3361 e
530 3316 602 3376 gloss.
620 3315 681 3362 haec
705 3315 765 3362 sint:
789 3316 820 3360 od
838 3328 891 3363 suos
911 3317 987 3360 redire
1010 3313 1120 3372 cupiens.)
1140 3340 1174 3353 -
1195 3316 1315 3372 implicare
1329 3314 1376 3359 i.-

237 3401 322 3444 Aocius
346 3399 376 3446 εΙ.
396 3399 477 3445 Actius
498 3399 537 3460 gb.
560 3424 589 3439 -
611 3405 677 3460 atque
698 3415 744 3444 non
762 3399 786 3449 b.
803 3425 835 3438 -
858 3401 879 3443 si
898 3400 956 3444 illud
977 3401 1095 3456 imperium
1114 3398 1213 3444 si.illud
1237 3403 1375 3456 imperim·

236 3485 258 3528 si
275 3483 335 3529 istud
347 3485 401 3541 imp.
420 3483 443 3530 b.
461 3484 482 3528 si
497 3488 570 3531 ιιιιει
587 3484 644 3531 illarii
657 3488 712 3543 imp.
731 3499 763 3531 ex
777 3484 857 3532 Hatu.
873 3483 980 3544 Madvig.
998 3484 1096 3544 (eontra
1111 3484 1155 3541 eL,
1183 3489 1208 3530 et
1223 3491 1258 3532 est
1270 3483 1375 3546 gloss?

237 3569 298 3627 quod
316 3584 331 3614 u
347 3570 442 3627 priuato
458 3584 495 3630 eg.
513 3572 575 3629 quod
594 3572 618 3615 ιι
635 3573 731 3630 priuato
749 3570 815 3616 1.-
835 3572 957 3614 ειαιιονειι
977 3569 999 3614 b.
1144 3554 1146 3561 ¹

302 3748 356 3811 Η.
374 3750 403 3804 Q.
421 3747 547 3796 Considius
565 3748 660 3806 Longus
677 3759 742 3791 anuo
760 3744 818 3793 704.
844 3759 877 3790 ex
895 3747 948 3806 {ege
965 3745 1084 3806 Pompeia
1103 3753 1126 3792 ει
1145 3745 1198 3794 SGo
1217 3761 1264 3807 pro
1282 3750 1374 3807 praetore

234 3835 259 3882 in
283 3834 391 3882 Africam
414 3833 564 3894 provinciam
587 3832 668 3878 missus
690 3837 751 3877 arat.
785 3829 813 3875 iu
837 3830 902 3877 bello
919 3829 1052 3889 Africano,
1081 3830 1175 3891 inquo
1197 3830 1309 3878 militavit
1329 3828 1373 3874 inter

234 3920 410 3981 Pompeianos,
440 3920 549 3968 concisus
579 3924 615 3965 est
641 3932 657 3964 a
680 3915 790 3962 Gaetulis
812 3929 836 3961 ι.
861 3929 883 3962 u.
901 3928 923 3961 c.
941 3915 998 3963 707.
1017 3930 1040 3962 r.
1081 3914 1233 3974 Scriptorum
1251 3914 1311 3961 Belli
1326 3912 1373 3959 Afri

234 4007 288 4053 caui
304 4020 326 4052 c.
345 4005 386 4054 93.

300 4115 312 4178 i
329 4116 353 4162 8.
375 4115 405 4162 Ρ.
429 4114 498 4161 Atius
515 4113 593 4160 Varus
610 4126 633 4158 a.
652 4110 710 4157 703.
735 4123 782 4169 pro
805 4113 920 4169 praetore
936 4107 1045 4155 Africam
1061 4106 1208 4173 obstrueret.
1244 4107 1335 4154 Occisus
1348 4108 1372 4149 est

231 4201 256 4247 in
281 4200 378 4260 proelio
401 4197 526 4244 Mundensi
551 4212 574 4243 a.
599 4210 622 4243 u.
645 4210 667 4242 c.
692 4195 750 4240 709.
773 4193 894 4253 (scriptor
915 4188 1370 4255 bettiHisp.31.)Cfr.Casssrenio

232 4281 262 4330 n.
280 4284 308 4330 c.
328 4285 357 4342 ι,
373 4283 407 4329 ιο
423 4288 448 4328 es
461 4282 503 4327 ιι.
536 4279 645 4339 aarum
664 4284 725 4324 soro
741 4279 770 4323 ι.
792 4277 881 4325 rum
902 4256 1002 4324 iream
1022 4278 1123 4325 uerear.
1161 4278 1216 4323 cum
1240 4275 1266 4324 ιι
1285 4276 1371 4336 afeca

231 4369 341 4422 veniam,
357 4367 443 4429 ιιιυειὲι
458 4367 483 4409 irs
498 4365 620 4422 prouincia
644 4377 693 4409 essu
714 4363 813 4420 ιἰηιιίο
831 4362 911 4408 Adam
935 4363 1027 4416 Varum,
1047 4362 1088 4419 qui
1106 4362 1284 4410 arefactam
1300 4360 1370 4407 misi
