2850 4759
223 242 285 354 aas
486 331 491 337 -
692 287 928 359 ciceronis

164 435 205 521 21
303 447 386 520 xli.
426 449 507 536 Sed,
530 452 688 535 quonium
710 471 826 542 earum
848 443 982 528 rerum,
1004 472 1088 535 quas
1111 472 1175 533 ego
1196 452 1300 533 gessi,
1319 475 1373 519 noo

226 556 344 625 eadem
363 568 415 625 est
430 556 570 624 fortuna
589 568 689 641 atque
709 556 881 637 condicio,
903 576 988 639 quae
1004 555 1159 635 illoruru,
1180 558 1238 640 qui
1252 568 1374 622 externa

225 660 314 730 bella
330 672 529 742 gesseruntr
551 659 642 744 quod
663 660 746 729 rnilri
768 682 845 727 cum
865 661 906 727 iis
927 660 1110 726 vivendum
1130 672 1198 738 est,
1218 681 1303 743 quos
1323 662 1373 726 vici

226 785 267 832 ao
293 764 428 845 subegi,
462 762 509 831 illi
529 763 644 833 hostes
668 776 728 833 aut
747 763 943 832 interfectos
964 777 1023 832 aut
1047 785 1228 850 oppressos
1250 764 1373 849 relique-

224 875 324 937 runt:
347 879 500 938 vestrum
522 880 589 946 est,
612 867 780 960 Quirites,
801 871 831 938 si
859 869 981 936 ceteris
1005 880 1098 936 reete
1119 868 1211 935 faeta
1234 888 1296 935 sua
1312 890 1373 949 pro

114 991 121 1002 ·
225 983 321 1050 sunt,
341 970 424 1042 mihi
446 992 521 1040 moa
544 960 744 1056 nequando
767 974 895 1049 obsint,
917 971 1108 1055 providere.
1140 973 1285 1042 ‘Mentes
1304 972 1373 1037 euin

215 1065 400 1144 hominurn
430 1075 733 1144 audacissimorum
763 1076 949 1145 sceleratae
982 1098 1033 1166 au
1051 1076 1200 1142 nefariae
1228 1096 1278 1141 ne
1297 1076 1374 1141 vohis

224 1199 350 1247 nocere
372 1190 529 1262 possent,
551 1198 615 1260 ego
639 1179 786 1262 providi:
807 1200 850 1248 ne
874 1178 957 1247 milri
979 1192 1142 1264 noceant,
1164 1191 1315 1247 vestrum
1334 1190 1375 1245 est

224 1280 419 1367 providere.
462 1282 695 1374 Quamquam,
720 1284 889 1376 Quirites,
911 1281 993 1351 nrihi
1013 1281 1152 1366 quideur
1168 1284 1232 1365 ipsi
1252 1281 1329 1350 nihil
1342 1283 1374 1349 ah

224 1387 299 1475 istis
324 1388 392 1456 iarn
416 1389 530 1455 noceri
556 1400 680 1472 potest.
731 1389 896 1469 Magnum
923 1388 1011 1454 enirn
1028 1398 1098 1454 'est
1116 1388 1149 1452 iu
1176 1388 1272 1455 bouis
1297 1408 1374 1470 prae·

226 1490 368 1570 sidium,
390 1491 480 1575 quod
505 1491 585 1560 mihi
609 1489 869 1577 inperpetuum
904 1506 1135 1574 comparatum
1167 1507 1238 1573 θεῖς
1271 1515 1374 1574 magna

224 1591 261 1661 in
293 1614 330 1661 re
361 1593 495 1677 publiea
527 1593 687 1676 dignitas,
720 1616 805 1681 quae
825 1589 888 1662 xure
916 1615 1051 1679 semper
1086 1599 1188 1678 tacita
1218 1597 1375 1675 defendet,

226 1699 419 1783 magnario
443 1699 687 1780 eonscientiae,
719 1719 818 1783 quarn
842 1699 898 1781 qui
919 1698 1108 1779 negligent,
1141 1723 1220 1769 ourn
1245 1724 1300 1769 rne
1318 1704 1375 1767 vio·

166 1799 207 1865 28
225 1799 298 1869 lare
322 1799 456 1882 volent,
482 1821 520 1870 se
546 1802 608 1884 ipsi
633 1801 839 1872 indicabunt.
875 1791 942 1872 Est
967 1814 1068 1869 etrarn
1092 1805 1126 1871 in
1150 1806 1246 1874 nobis
1269 1807 1298 1873 is
1323 1807 1376 1872 ani·

226 1923 325 1985 mus,
348 1904 514 1998 Quirites,
534 1916 573 1971 ut
595 1927 664 1972 non
685 1905 787 1972 modo
807 1903 932 1974 nullius
950 1906 1110 1975 audaciae
1133 1908 1312 1986 cedamus,
1329 1907 1375 1982 sed

228 2008 329 2080 etiarn
357 2027 475 2077 omnes
502 2009 675 2092 improbos
700 2007 791 2080 ultro
816 2009 1194 2093 semper-lacessamus.
1237 2011 1376 2104 Quodsi

229 2113 338 2184 omnis
368 2114 513 2197 impetus
545 2114 813 2182 domesticorum
841 2112 989 2181 hostium
1014 2114 1174 2198 depulsus
1196 2138 1216 2183 a
1243 2118 1332 2184 vobis
1348 2135 1375 2183 se

227 2217 263 2285 in
290 2238 345 2285 me
371 2240 476 2284 unum
507 2218 734 2295 converterit,
765 2218 862 2285 vobis
897 2220 962 2284 erit
992 2218 1204 2304 videndum,
1227 2220 1374 2311 Quirites.

180 2333 181 2342 ’
229 2341 295 2405 qua
316 2320 519 2390 ooudioione
540 2320 683 2405 posthae
705 2341 764 2389 eos
789 2342 864 2388 esse
888 2320 1016 2402 velitis,
1048 2323 1105 2406 qui
1136 2344 1172 2389 se
1200 2346 1263 2406 pro
1286 2323 1376 2391 salute

228 2436 343 2493 vestra
372 2423 556 2493 obtulerint
579 2425 723 2492 invidiae
745 2423 970 2509 periculisque
999 2428 1169 2493 omnihus.
1205 2425 1295 2492 Mihi
1318 2424 1376 2505 qui-

229 2526 306 2594 dem
324 2528 386 2610 ipsi
405 2526 484 2610 quid
503 2538 574 2607 est,
595 2526 683 2610 quod
703 2527 770 2594 iam
791 2527 833 2594 ad
855 2529 944 2596 vitae
961 2529 1112 2596 fructum
1130 2530 1240 2612 possit
1258 2526 1375 2611 acquiri,

228 2630 426 2713 praesertim
446 2651 525 2699 ounr
546 2651 654 2719 neque
674 2631 709 2697 in
728 2625 858 2699 honore
879 2646 994 2700 vestro
1020 2653 1127 2716 neque
1145 2634 1178 2698 in
1196 2631 1302 2713 gloria
1322 2629 1375 2695 vir·

137 2745 139 2748 ’
231 2735 311 2801 tutis
341 2732 521 2823 quidquam
551 2734 684 2802 videam
711 2733 828 2821 altius,
858 2759 925 2819 quo
949 2736 1030 2803 mihi
1057 2735 1159 2803 libeat
1188 2730 1375 2804 aseender·e⁶l

169 2838 210 2905 29
229 2835 316 2904 lllud
334 2838 505 2921 perficiam
527 2838 698 2921 profecto,
721 2835 888 2928 Quirites,
912 2853 950 2906 ut
970 2861 1133 2925 eu,.quae
1153 2841 1243 2919 gessi
1263 2840 1295 2905 in
1313 2858 1376 2903 con·

230 2939 363 3023 eulatu,
383 2943 535 3024 privatus
558 2955 652 3009 tuear
677 2954 777 3026 atque
798 2964 936 3024 ornem3
967 2956 1020 3020 ut,
1048 2949 1076 3010 si
1103 2964 1168 3025 qua
1196 2955 1250 3010 est
1274 2939 1376 3009 invidia

230 3045 265 3112 in
291 3045 524 3114 conservanda
553 3066 591 3113 re
621 3045 755 3131 publica
787 3060 963 3130 suscepta,
997 3045 1110 3113 laedat
1132 3045 1285 3133 invidos,
1312 3040 1375 3113 mihi
1407 3103 1412 3150 ι

298 3301 367 3391 §aa
385 3331 463 3376 eudon
485 3327 532 3393 est]
556 3329 610 3377 ΤΒ.
633 3332 667 3374 ur
688 3327 766 3384 eudem
783 3325 841 3372 Em.
859 3350 893 3363 -
918 3326 1014 3371 eumilo
1031 3326 1150 3371 uiuendum
1167 3323 1216 3387 est]
1234 3326 1265 3373 Ρ.
1282 3338 1326 3370 eura
1339 3320 1375 3366 utu

230 3413 351 3458 uiuendum
374 3418 408 3458 eat
429 3415 459 3461 R.
483 3430 533 3460 cum
554 3416 591 3460 his
608 3414 653 3458 viu.
670 3414 702 3458 sit
717 3411 747 3457 Τ.
765 3410 823 3457 Ero.
840 3435 874 3447 -·
890 3411 928 3455 illi
943 3407 1028 3474 hostes]
1046 3409 1099 3457 Tu.
1118 3413 1157 3455 isti
1172 3412 1196 3457 h.
1215 3411 1271 3470 Bru,
1287 3432 1318 3445 -·
1331 3406 1375 3451 mlv

225 3496 293 3557 factu
311 3493 365 3560 rua]
383 3497 435 3546 ΤΒ.
452 3514 493 3545 sua
504 3498 573 3559 factu
590 3513 639 3560 oua.
656 3501 718 3542 recte
734 3496 792 3542 Eru.
810 3519 843 3531 -
860 3508 887 3539 aa
903 3495 969 3540 nohis
986 3495 1015 3540 R.
1033 3520 1068 3532 -
1084 3496 1113 3540 uh
1130 3496 1180 3540 ura
1199 3495 1257 3555 iam]
1280 3491 1326 3538 Ta
1339 3490 1374 3533 im

231 3582 260 3627 uh
283 3583 333 3626 istis
357 3582 413 3629 Eru.
431 3608 466 3620 -
489 3598 573 3641 magua
597 3582 633 3642 in]
657 3582 709 3627 Tit.
734 3595 819 3640 magno
841 3584 876 3625 eat
898 3582 922 3625 ia
944 3579 1003 3626 Ero.
1024 3605 1059 3617 -
1080 3564 1119 3625 nis
1140 3579 1227 3639 conse]
1245 3580 1294 3624 Tu.
1311 3574 1374 3622 Μ

232 3679 306 3713 coneo.
323 3666 381 3713 Ero.
398 3689 430 3704 -
449 3671 571 3728 negligunt
588 3668 618 3713 R.
632 3662 651 3712 'u
669 3679 717 3712 sec.
735 3679 767 3711 m.

298 3774 368 3837 128.
392 3779 515 3838 improbos
530 3790 608 3842 omues
630 3775 659 3820 P.
682 3774 738 3820 Oru.
759 3789 836 3819 ornnes
853 3776 884 3822 R.
902 3773 961 3836 (uon
979 3769 1024 3838 Τ.)
1043 3799 1072 3809 -
1097 3771 1254 3834 couverterit]
1273 3771 1319 3816 Til.
1333 3778 1372 3812 cai·

189 3862 192 3868 '
217 3862 300 3906 uertit
315 3859 373 3927 Eru.
391 3865 485 3908 uerterit
501 3862 530 3908 P.
547 3885 582 3898 -
599 3858 731 3917 videndum]
742 3858 882 3921 Sulieburg.
900 3859 951 3906 Alii
963 3858 1041 3905 Codd.
1050 3859 1219 3915 prouidendum
1230 3856 1281 3903 Τ11.
1292 3854 1372 3900 Ero.-

231 3959 275 4003 quo
293 3941 366 4009 midi]
384 3946 459 3994 TRP.
477 3961 521 4006 quo
538 3946 629 4005 quidem
645 3945 703 3989 mihi
720 3943 778 3990 Eru.
1285 3952 1289 3958 ’

298 4054 309 4116 i
326 4057 367 4101 29.
386 4058 474 4101 inuidia
491 4060 523 4099 eat
540 4055 570 4100 R.
588 4054 651 4114 (nou
668 4051 713 4116 T.)
721 4076 755 4090 —
764 4054 841 4097 medat
851 4054 944 4098 invidiis
956 4052 985 4098 Τ.
997 4077 1030 4089 -
1041 4065 1099 4110 quae
1114 4031 1179 4107 gerii
1189 4050 1218 4098 R.
1231 4048 1292 4111 (uon
1303 4041 1339 4104 Τ.)
1347 4063 1370 4077 -

231 4140 278 4184 ium
299 4144 333 4185 est
353 4154 402 4185 noa
425 4132 455 4184 Τ.
472 4163 506 4175 -
522 4141 662 4190 veneramini
684 4151 802 4198 superscr.
824 4137 1031 4196 „vel'ueaerati‘f
1052 4139 1083 4183 R.
1106 4163 1137 4173 —-
1161 4150 1189 4181 aa
1207 4138 1231 4179 ia
1248 4137 1315 4178 uestra
1328 4128 1369 4172 duc.

230 4235 279 4270 otu.
297 4238 320 4270 v.
344 4228 401 4267 tecta
424 4225 455 4268 R.
479 4222 540 4281 (uon
563 4221 606 4281 Τ.)
621 4249 656 4262 -
675 4217 769 4282 priore]
787 4219 840 4265 ΤΒ.
859 4222 940 4277 priori
961 4220 1020 4267 Eru.
1037 4245 1072 4259 -
1092 4221 1168 4280 nocte]
1186 4219 1238 4265 ΤΒ.
1254 4217 1308 4263 Eru.
1322 4212 1369 4258 ⁸⁰0²

225 4304 317 4363 seeretis
340 4304 418 4352 Godd.
441 4305 558 4365 plerique.
575 4328 609 4344 -
624 4309 651 4350 ut
668 4308 782 4362 perpetua
798 4302 828 4349 Τ.
845 4305 1037 4361 amomo,
1061 4304 1178 4366 Quirites]
1194 4303 1247 4350 un.
1262 4302 1369 4354 Erum·

168 4398 172 4403 ’
223 4390 311 4434 'uidebo
330 4387 463 4448 salisburg.
481 4388 618 4435 Lambinus.
1079 4413 1087 4419 .
