2850 4759
202 287 244 349 u
670 258 919 351 crcaaoms'

147 522 149 525 ,
202 446 294 511 faeta
314 444 375 522 sit,
396 446 439 509 A.
463 441 643 509 Caecinam
664 460 743 507 eum
766 440 884 508 amieis
905 451 999 507 metu
1020 440 1241 523 perterritum
1263 440 1371 523 prol·

200 547 313 629 gisse,
352 564 444 611 nune
471 563 606 626 quoque
632 542 666 610 iu
692 540 832 621 iudicio,
863 543 1017 610 sisausa
1038 563 1134 610 more
1155 543 1369 625 institutoque

203 647 357 714 omniurn
379 643 601 724 defendatur,
635 664 698 711 nos
719 645 899 711 inferiores
925 645 960 709 in
980 644 1111 724 agendo
1133 666 1203 710 non
1224 643 1368 710 futuros:

172 802 174 807 ,
201 749 254 818 sin
276 771 295 817 a
317 743 563 813 consuetudine
585 744 785 825 recedatur,
820 767 876 824 se,
915 768 982 828 quo
1003 744 1236 827 impudentius
1259 746 1369 824 egerit,

153 908 156 915 ,
201 841 270 918 boc
301 851 513 932 superiorem
545 846 789 917 discessurum.
845 847 952 937 Quasi
983 866 1065 914 vero
1096 848 1218 913 autin
1255 847 1368 914 iudicio

201 955 312 1034 possit
333 952 420 1018 idern
443 951 660 1032 improbitas,
682 948 774 1031 quod
795 949 828 1015 in
851 950 882 1013 ri
903 948 1125 1026 confidentiaa
1146 961 1205 1014 aut
1227 971 1293 1015 nos
1313 971 1370 1016 nou

204 1074 244 1120 eo
267 1053 424 1120 lib'entius
446 1065 518 1119 tum
540 1052 700 1120 audaciae
721 1051 1031 1133 cesserimus,quo
1047 1071 1137 1119 nuno
1151 1049 1370 1133 impudentiae

164 1155 336 1246 gfaeilius
358 1153 612 1222 obsisteremus.
654 1155 774 1236 ltaque
795 1154 895 1231 longe
923 1151 988 1218 alia
1014 1153 1165 1232 ratione,
1200 1170 1370 1235 recupera·
1414 1154 1415 1163 ’

204 1268 314 1334 tores,
346 1256 388 1323 ad
416 1255 582 1336 agendam
609 1277 748 1325 causam
769 1255 834 1323 hae
854 1255 986 1323 actione
1007 1255 1128 1335 venio,
1161 1267 1263 1338 atque
1289 1257 1369 1323 initio

202 1377 378 1424 veneram.
429 1358 518 1424 Tum
551 1358 639 1424 enim
667 1369 807 1425 nostrae
837 1377 961 1422 rausae
991 1377 1068 1437 spes
1099 1369 1173 1423 erat
1203 1358 1318 1440 posita
1344 1358 1370 1422 iu

204 1458 402 1527 defensione
433 1480 527 1537 mea,
570 1479 661 1525 nuno
689 1459 727 1525 in
754 1457 970 1525 confessione
1001 1458 1202 1527 adversarii:
1242 1471 1317 1526 tum
1343 1460 1370 1524 in

203 1561 350 1636 nostris,
371 1558 565 1628 nuno‘vero
587 1561 620 1627 in
642 1559 780 1628 illorum
803 1561 965 1627 testibus:
988 1559 1030 1626 de
1053 1561 1260 1643 quibusego
1285 1573 1371 1627 antea

99 1656 104 1665 ‘
203 1664 420 1740 laborabam,
442 1683 502 1739 ne,
524 1664 554 1730 si
580 1661 725 1742 improbi
751 1673 882 1740 essent,
901 1661 979 1729 falsi
1000 1660 1126 1743 aliquid
1150 1662 1323 1741 dicerent,
1347 1663 1370 1728 si

204 1766 303 1846 probi
325 1766 621 1848 existimarentur,
644 1761 735 1845 quod
756 1762 940 1849 dixissent,
961 1764 1163 1845 probarent:
1191 1784 1285 1830 nunc
1304 1785 1369 1830 sun

204 1868 317 1933 animo
344 1866 563 1949 aequissimo.
604 1864 638 1930 Si
666 1864 755 1930 enirn
783 1876 864 1931 sunt
888 1864 954 1932 viri
982 1865 1078 1944 boni,
1114 1885 1168 1934 me
1201 1864 1369 1942 adiuvant,

200 1988 284 2036 eum
322 1967 355 2033 id
385 1966 486 2033 iurati
517 1965 651 2044 dieunt,
687 1965 779 2048 quod
812 1987 875 2046 ego
910 1966 1075 2033 iniuratus
1109 1965 1290 2032 insimulo:
1325 1965 1370 2031 sin
1414 2024 1415 2035 t

205 2082 319 2137 autern
342 2071 453 2136 minus
476 2067 606 2144 idonei,
629 2086 683 2134 me
697 2086 766 2133 non
780 2063 934 2133 laedunt:
957 2088 1053 2144 cum,
1076 2066 1114 2133 iis
1130 2068 1203 2134 sive
1218 2065 1370 2140 creditur,

205 2172 356 2238 ereditur
387 2169 454 2237 hoe
483 2171 614 2251 ipsum,
656 2166 747 2249 quod
777 2189 840 2234 nos
870 2169 1066 2248 arguimus,
1101 2168 1173 2235 sive
1201 2166 1279 2234 fides
1306 2188 1372 2232 non

203 2271 363 2349 habetur,
385 2270 426 2338 de
448 2270 631 2337 adversarii
654 2269 791 2335 testium
813 2267 879 2335 fide
901 2268 1096 2348 derogatur.

163 2401 184 2462 4
282 2376 326 2444 ll.
372 2374 615 2441 Verumtamen
643 2393 723 2436 eum
751 2370 889 2437 illorum
916 2372 1086 2438 actionem
1117 2391 1241 2437 causae
1268 2368 1369 2436 eonsi-

205 2479 306 2561 dero,
333 2498 402 2543 uon
424 2474 539 2555 video,
569 2471 647 2555 quid
670 2470 900 2552 impudentius
923 2471 988 2539 dici
1010 2473 1133 2553 possit:
1166 2492 1246 2536 cum
1267 2483 1369 2537 autem

204 2590 355 2646 vestram
386 2577 420 2642 in
452 2574 633 2640 indicando
666 2571 929 2657 dubitationem,
967 2594 1106 2658 vereor,
1142 2593 1184 2639 ne
1206 2572 1258 2649 id,
1291 2569 1370 2654 quod

205 2678 364 2745 videntur
378 2674 593 2756 impudenter
609 2673 751 2750 fecisse,
775 2685 887 2741 astute
914 2685 948 2739 et
969 2673 1089 2740 callide
1110 2675 1263 2745 fecerint.
1292 2673 1370 2738 Nam

205 2781 234 2848 si
261 2789 459 2858 negassent,
502 2777 571 2842 vim
601 2774 795 2842 horninibus
828 2776 967 2849 armatis
1000 2796 1075 2842 esse
1103 2776 1246 2854 factam,
1271 2771 1371 2840 facile

203 2881 454 2949 honestissimis
484 2880 626 2946 testibus
655 2880 688 2943 in
717 2898 754 2943 re
781 2878 959 2958 perspicua
981 2889 1193 2943 tenerentur:
1225 2876 1278 2942 sin
1297 2894 1370 2939 eon-

203 2985 285 3052 fessi
305 2994 422 3051 essent
443 2994 477 3048 et
498 2981 547 3058 id,
569 2979 659 3064 quod
682 2978 775 3045 nullo
800 2991 954 3060 tempore
975 2980 1049 3046 iure
1064 2979 1136 3046 lieri
1151 2989 1286 3060 potest,
1308 2987 1370 3041 tum

205 3089 245 3154 ab
267 3107 303 3152 se
325 3087 396 3151 iure
417 3084 547 3150 factum
564 3104 638 3150 esse
654 3080 890 3156 defenderent,
912 3089 1111 3160 sperarunt,
1133 3076 1166 3143 id
1184 3078 1274 3160 quod
1288 3094 1372 3141 asse·

205 3189 273 3252 euti
299 3200 397 3265 sunt,
432 3206 469 3253 se
498 3186 684 3251 iniecturos
712 3185 808 3250 vobis
839 3201 977 3246 eausam
1007 3176 1215 3245 deliberandi
1244 3190 1279 3244 et
1296 3174 1371 3240 iudi-

205 3287 303 3354 oaudi
326 3291 448 3356 iustam
471 3308 603 3353 moram
626 3307 666 3352 ae
687 3283 900 3363 religionem.
942 3279 1049 3348 Simul
1076 3277 1179 3358 illud,
1212 3277 1302 3361 quod
1328 3277 1372 3341 in·

206 3388 438 3468 dignissimum
468 3399 537 3464 est,
568 3388 725 3452 futurum
754 3383 906 3449 arbitrati
936 3394 1033 3457 sunt,
1065 3393 1104 3446 ut
1131 3382 1165 3447 in
1194 3380 1259 3448 hae
1279 3395 1373 3445 eausa
1413 3396 1414 3405 ¹

204 3515 270 3557 non
293 3492 334 3558 de
355 3489 571 3572 improbitate
592 3488 672 3553 Sex.
695 3485 849 3563 Aebutii,
870 3483 931 3551 sed
953 3484 994 3550 de
1015 3484 1088 3548 iure
1110 3480 1199 3549 civili
1219 3481 1372 3548 iudicium

164 3595 277 3679 gileri
300 3593 480 3660 videretur.
523 3590 601 3680 Qua
622 3590 656 3654 in
677 3609 733 3661 re,
766 3588 792 3652 si
816 3585 895 3650 mihi
917 3596 1008 3651 esset
1028 3586 1128 3649 unius
1151 3587 1192 3649 A.
1217 3582 1372 3650 Caecinae

205 3717 307 3763 causa
329 3691 475 3774 agenda,
503 3692 684 3773 profiterer
704 3688 786 3755 satis
808 3687 967 3753 idoneum
991 3707 1065 3753 esse
1081 3707 1135 3751 me
1151 3685 1371 3753 defensorem,

203 3811 386 3882 propterea
408 3794 499 3877 quod
517 3795 615 3859 iidem
633 3810 742 3857 meam
759 3787 1033 3869 diligentiamque
1047 3800 1273 3869 praestarem:
1294 3801 1372 3866 qnae

204 3921 282 3964 cum
305 3910 383 3964 sunt
406 3903 439 3965 in
461 3909 578 3964 actore
596 3904 738 3972 causae,
762 3889 841 3957 nihil
858 3902 924 3967 est,
945 3891 978 3955 in
994 3911 1030 3955 re
1047 3890 1248 3971 praesertim
1264 3895 1372 3968 aperta

203 4034 396 4058 ..n-...b-

270 4149 281 4211 b
303 4150 327 4194 3.
349 4153 386 4193 sio
401 4149 472 4205 probi
489 4149 594 4209 Pantag.

269 4228 322 4289 bd.
340 4231 452 4273 ortionem
470 4228 562 4293 causae]
581 4230 633 4277 Eri.
651 4241 733 4274 consae
750 4229 862 4272 ortionem
881 4225 912 4270 Ο.
931 4250 965 4261 -
993 4228 1039 4269 lum
1057 4221 1097 4285 ab]
1123 4227 1196 4268 tomen
1214 4225 1243 4269 ab
1259 4220 1306 4266 terr,

269 4311 281 4371 l

299 4310 321 4357 5.
346 4314 403 4360 mibi
421 4309 482 4375 iure]
501 4312 551 4358 arr.
571 4314 621 4358 iure
638 4313 696 4355 melli
714 4311 746 4354 0.
