2850 4759
144 286 371 359 Accttsa‘r.
395 288 444 356 ut
465 287 507 353 c.
529 275 722 358 ventem
743 289 827 359 cru.
849 293 906 370 ιν,
928 318 957 363 0.
973 298 1012 360 n
1026 300 1123 365 aaa
1183 283 1224 364 53·

44 446 292 531 praetereuntia
313 445 471 513 ridentur
492 467 568 515 esse
592 447 779 529 permulta,
800 461 837 516 ut
860 450 901 517 ad
925 453 1055 520 maiora
1072 456 1169 524 istius
1189 467 1225 523 et‘

42 549 228 618 illustriora
254 550 286 615 in
308 548 375 615 hoc
395 569 520 630 genere
537 548 629 616 furta
650 563 685 616 et
702 550 832 618 scelera
849 555 1058 631 veniauuts.)
1099 560 1137 623 ln
1157 557 1228 625 lroe'

44 654 120 719 lano
138 651 264 719 loricas
286 651 467 734 galeasque
484 671 625 727 aeneas,
650 649 799 720 caelatas
821 667 924 736 opere
944 656 1138 734 Corinthio,
1162 659 1224 739 try:

46 754 202 836 driasque
225 753 392 838 grandes,
426 751 527 820 simili
555 753 587 818 iu
608 774 734 831 genere
755 766 856 836 atque
877 755 994 822 eadem
1018 771 1090 823 arte
1111 760 1224 841 perfe-

48 868 138 934 ctas,
160 857 246 922 idem
270 854 326 921 ille
346 857 478 938 Scipio,
500 856 551 920 vir
572 856 732 922 omuibus
749 857 850 924 rebus
865 856 1223 938 praecellentissinurs,
1275 862 1283 912 ῗ

49 969 225 1040 posucrat,
261 969 296 1024 et
324 978 424 1025 suurn
453 978 577 1023 nomen
604 958 841 1039 inscripserat.
885 960 976 1049 Quid
1004 961 1070 1026 iam
1094 960 1136 1027 tle
1157 964 1224 1029 isto

49 1058 140 1141 plura
162 1058 273 1124 dicam
296 1070 357 1124 aut
377 1058 531 1140 querm‘.l
559 1060 674 1126 omnia
695 1057 773 1136 illa,
796 1060 942 1147 iudices,
964 1063 1121 1129 abstulitt'
1142 1062 1225 1130 nihil

47 1160 78 1226 in
104 1158 362 1240 religiosissimo
395 1162 494 1236 barro,
536 1172 672 1241 praeter
705 1164 847 1242 vestigia
878 1162 1023 1230 violatae
1050 1162 1224 1244 religionis

47 1283 237 1345 nomenque
252 1265 292 1327 P.
308 1258 496 1347 Scipionis,
517 1259 668 1344 reliquit:
691 1262 838 1331 bostium
856 1264 982 1351 spolia,
1005 1277 1225 1332 monumenta

48 1364 305 1446 imperatorum,
342 1363 470 1431 decora
502 1375 603 1446 atque
634 1368 1027 1450 ornamentasartorum
1060 1366 1223 1450 posthae,

48 1464 95 1533 bis
118 1464 305 1547 praeclaris
332 1464 526 1532 nominibus
554 1467 709 1549 amissis,
746 1469 779 1533 in
808 1470 1035 1536 instrumento
1063 1481 1163 1552 atque
1191 1471 1225 1536 in

49 1567 255 1650 supellectile
277 1569 314 1636 Ο.
340 1568 453 1634 Verris
475 1569 754 1636 nominabuntur.
797 1569 851 1636 Tu
874 1568 1032 1636 videlicet
1052 1569 1147 1638 solus
1169 1581 1227 1637 vass
1247 1570 1288 1633 98

50 1670 92 1736 sis
111 1668 295 1738 Corinthiis
317 1668 513 1736 delectaris:
551 1682 588 1736 tu
616 1669 705 1737 illius
736 1671 823 1737 aeris
854 1674 1154 1753 temperationem,
1190 1685 1226 1738 tn

50 1791 186 1854 operum
209 1769 412 1837 lineamenta
433 1769 670 1838 sollertissime
689 1774 868 1854 perspicis.
922 1775 1014 1842 llaec
1035 1774 1148 1856 Scipio
1170 1773 1227 1840 ille¹

49 1894 113 1940 non
133 1871 364 1958 intelligebat,
386 1872 490 1940 homo
512 1873 731 1940 doctissimus
753 1887 855 1957 atque
876 1873 1164 1942 humanissimus:
1189 1887 1226 1940 tu

50 1976 117 2043 siue
138 1974 210 2042 ulla
231 1976 319 2048 bona
339 1986 433 2056 arte,
454 1975 529 2041 sinc
547 1973 777 2055 humanitate,
805 1978 878 2043 sine
898 1977 1053 2057 iugenio,
1081 1979 1152 2043 sine
1174 1974 1227 2041 lit·

53 2079 147 2153 teris,
175 2074 334 2156 intelligis
357 2087 392 2142 et
412 2074 556 2143 iudicas.
598 2076 700 2158 Vide,
732 2099 775 2145 ne
796 2076 852 2143 ille
873 2101 940 2145 non
961 2077 1074 2145 solum
1098 2089 1227 2159 tempe-

51 2180 174 2256 rantia,
200 2176 260 2245 sed
284 2179 386 2248 etiarn
408 2176 629 2257 intelligentia
652 2191 686 2245 te
705 2192 807 2262 atque
827 2180 927 2257 istos,
951 2180 1068 2261 quise
1091 2177 1228 2258 elegan-

56 2278 347 2360 testlicivolunt‚
379 2281 512 2346 vicerit.
553 2280 641 2346 Nam
664 2283 758 2363 quia,
797 2302 898 2363 quam
928 2279 1070 2361 pulchra
1099 2291 1227 2355 esseut,
1277 2295 1285 2346 ἲ

53 2380 273 2462 intelligebat,
296 2382 423 2449 idcirco
446 2381 681 2459 existimabat,
712 2402 751 2446 ea
772 2403 840 2447 non
862 2380 906 2447 arl
926 2379 1102 2451 hominum
1126 2379 1229 2445 luxu·

52 2485 149 2571 rictu,
179 2483 242 2552 scd
269 2496 428 2558 ornatum
457 2485 616 2550 fanorum
644 2494 747 2564 atque
777 2482 982 2572 oppidorum
1012 2502 1087 2548 esse
1115 2481 1227 2559 facta,

52 2596 90 2652 ut
106 2587 257 2668 posteris
276 2587 405 2653 uostris
425 2598 648 2653 mornrmenta
669 2584 828 2664 religiosa
850 2605 925 2652 esse
947 2584 1140 2652 rideantur.

125 2689 230 2758 XLV.
272 2686 398 2755 Audite
421 2690 526 2756 etiam
545 2685 754 2766 singularem
777 2690 870 2766 eius,
891 2689 1040 2764 iudices,
1063 2686 1228 2769 cupidita·
1249 2705 1290 2767 99

54 2801 136 2871 tem,
166 2790 363 2868 audaciam,
400 2790 583 2856 amentiam
605 2786 700 2857 iniis
724 2789 922 2870 pracsertim
944 2790 1051 2855 sacris
1073 2788 1229 2870 pollueu'-

54 2890 117 2971 dis,
163 2914 344 2975 qnacnou
371 2892 478 2959 modo
504 2892 659 2958 manibus
687 2892 827 2970 attingi,
863 2889 926 2956 sed
951 2911 993 2955 nc
1021 2893 1229 2969 cogitatione
1326 2895 1334 2908 “

55 2994 183 3075 quidem
209 2993 329 3061 violari
356 2997 409 3063 sas
437 2996 514 3065 fuit.
554 2995 748 3061 Sacrarium
778 2993 911 3057 Cereris
941 3003 993 3057 est
1019 2989 1109 3071 apud
1138 2991 1231 3054 Cati*
1276 3015 1279 3022 ’

55 3116 189 3180 nenses,
225 3096 343 3163 eadem
366 3097 547 3177 religione,
578 3117 642 3177 qua
665 3097 814 3171 Romae,
843 3114 910 3178 qua
932 3094 963 3157 in
986 3092 1108 3158 ceteris
1128 3089 1230 3166 loeis,

56 3218 118 3277 qua
137 3219 244 3280 prope
266 3199 299 3264 iu
322 3210 394 3265 tolo
416 3200 499 3266 orbe
521 3210 706 3262 terrarum.
748 3194 786 3259 ln
811 3216 855 3261 eo.
874 3195 1024 3259 sacrario
1047 3194 1165 3260 intimo
1187 3195 1232 3261 si-

56 3319 155 3376 guum
177 3300 242 3366 suit
263 3300 397 3366 Cereris
418 3302 677 3390 perantiquum,
702 3296 791 3379 quotl
814 3297 967 3363 viri-nou
990 3295 1093 3362 modo
1116 3298 1230 3363 cuius·

57 3401 273 3482 requiesset,
296 3402 357 3470 sed
378 3424 420 3470 uc
443 3423 518 3469 esse
538 3400 673 3484 quidem
697 3400 865 3467 sciebant:
898 3398 1010 3464 allitus
1033 3398 1120 3463 enim
1143 3398 1232 3464 inid
1279 3412 1282 3418 ’

57 3504 238 3570 sacrarium
261 3526 330 3570 non
352 3516 404 3570 est
424 3503 524 3581 riris3
545 3523 642 3568 sacra
663 3520 725 3591 ptr
747 3499 905 3568 mulieres
928 3522 967 3566 ac
989 3501 1137 3579 virgines
1153 3521 1233 3566 eon-

57 3604 110 3670 fiei
129 3604 246 3672 solent.
286 3609 362 3674 Hoc
382 3606 518 3686 signum
541 3612 647 3671 noctu
669 3601 757 3669 clam
779 3604 878 3671 istius
899 3604 989 3670 servi
1010 3622 1054 3667 ex
1074 3600 1132 3668 illo
1153 3600 1233 3702 reli7

61 3778 277 3794 m-

59 3908 204 3947 amamente
229 3915 264 3948 ex
291 3901 377 3947 eodem
403 3914 492 3961 genere
517 3904 703 3950 consecraret.“
727 3902 753 3948 Z.
788 3903 956 3951 inserviebant
974 3917 1005 3948 ea
1022 3901 1192 3949 saltatIonibus
1210 3908 1235 3947 et

60 3983 151 4031 choreis
168 3998 264 4040 eorum,
293 3984 334 4044 qui
359 3984 513 4044 Corybantes
538 3984 677 4031 referebant
695 3987 863 4048 crepitumque
882 4000 1005 4032 armorum
1024 3986 1129 4031 ciebant.
1149 4011 1180 4023 -
1198 3988 1234 4030 iu-

60 4067 198 4130 scripeerat]
218 4069 294 4129 Sgall.
312 4068 338 4114 Z.
356 4068 484 4124 scripserat
502 4068 563 4127 Reg.
581 4068 649 4113 Leto.
669 4082 801 4128 omnesque
819 4067 945 4112 meliores:
964 4071 988 4111 et
1005 4065 1039 4110 sic
1056 4064 1138 4125 1103.
1157 4066 1181 4109 ia
1199 4066 1235 4109 lu's

61 4152 168 4206 scriptum
183 4151 256 4197 iidem
275 4164 322 4210 pro
338 4152 406 4209 vulg.
426 4151 450 4194 r'u
468 4152 498 4195 iia
515 4153 660 4208 inscriptum.
697 4150 755 4195 Hoc
772 4155 852 4195 tamen
871 4151 930 4196 loeo
947 4163 1001 4195 eum
1011 4148 1124 4207 Zumptio
1137 4147 1160 4192 in
1170 4148 1234 4190 llud.

63 4243 146 4278 ceramo
162 4235 214 4292 tyll.
233 4237 258 4280 iu
275 4234 420 4293 absorptam
438 4249 490 4281 esse
508 4250 524 4280 a
541 4237 672 4293 praecedo.
690 4233 738 4279 tin.
756 4246 791 4277 eu.
833 4233 861 4277 In
880 4239 992 4278 extreme
1008 4231 1020 4293 q
1038 4242 1186 4290 praenomen
1208 4228 1233 4272 C.

64 4311 204 4364 retinendum
220 4332 274 4366 ene
291 4332 325 4365 ex
337 4316 410 4377 Regii
424 4316 574 4365 auctoritate
587 4324 653 4365 reete
668 4318 820 4364 demonstrat
831 4315 940 4375 Madvig.
950 4315 1015 4360 Dirc.
1027 4315 1095 4360 Verr.
1108 4311 1142 4355 11.
1155 4325 1181 4367 p.
1191 4310 1233 4354 2⁰.
