<?xml version="1.0" encoding="UTF-8"?>
<!DOCTYPE html PUBLIC "-//W3C//DTD XHTML 1.0 Transitional//EN"
    "http://www.w3.org/TR/xhtml1/DTD/xhtml1-transitional.dtd">
<html xmlns="http://www.w3.org/1999/xhtml" xml:lang="en" lang="en">
 <head>
  <title>
</title>
<meta http-equiv="Content-Type" content="text/html;charset=utf-8" />
  <meta name='ocr-system' content='tesseract 3.04.00' />
  <meta name='ocr-capabilities' content='ocr_page ocr_carea ocr_par ocr_line ocrx_word'/>
</head>
<body>
  <div class='ocr_page' id='page_1' title='image "./mtulliiciceroni00orelgoog_0266.png"; bbox 0 0 2850 4759; ppageno 0'>
   <div class='ocr_carea' id='block_1_1' title="bbox 204 267 909 339">
    <p class='ocr_par' dir='ltr' id='par_1_1' title="bbox 204 267 909 339">
     <span class='ocr_line' id='line_1_1' title="bbox 204 267 909 339; baseline -0.003 0"><span class='ocrx_word' id='word_1_1' title='bbox 204 273 263 339; x_wconf 69' lang='lat'><strong>248</strong></span> <span class='ocrx_word' id='word_1_2' title='bbox 446 274 451 282; x_wconf 81' lang='grc'><strong>”</strong></span> <span class='ocrx_word' id='word_1_3' title='bbox 601 279 604 286; x_wconf 88' lang='grc'><strong>’</strong></span> <span class='ocrx_word' id='word_1_4' title='bbox 674 267 909 339; x_wconf 82' lang='lat' dir='ltr'>CICERONIS</span> 
     </span>
    </p>
   </div>
   <div class='ocr_carea' id='block_1_2' title="bbox 115 429 1377 2386">
    <p class='ocr_par' dir='ltr' id='par_1_2' title="bbox 205 429 1373 608">
     <span class='ocr_line' id='line_1_2' title="bbox 205 429 1373 520; baseline -0.005 -16"><span class='ocrx_word' id='word_1_5' title='bbox 205 433 367 520; x_wconf 88' lang='lat' dir='ltr'><strong>appellari</strong></span> <span class='ocrx_word' id='word_1_6' title='bbox 394 454 495 519; x_wconf 90' lang='lat' dir='ltr'><strong>posse</strong></span> <span class='ocrx_word' id='word_1_7' title='bbox 522 430 732 517; x_wconf 78' lang='lat' dir='ltr'><strong>popularem.</strong></span> <span class='ocrx_word' id='word_1_8' title='bbox 773 431 891 514; x_wconf 84' lang='lat' dir='ltr'><strong>ltaque</strong></span> <span class='ocrx_word' id='word_1_9' title='bbox 916 429 1020 499; x_wconf 89' lang='lat' dir='ltr'><strong>homo</strong></span> <span class='ocrx_word' id='word_1_10' title='bbox 1047 432 1253 501; x_wconf 84' lang='lat' dir='ltr'><strong>mitissimus</strong></span> <span class='ocrx_word' id='word_1_11' title='bbox 1282 441 1373 516; x_wconf 87' lang='lat' dir='ltr'><strong>atqua</strong></span> 
     </span>
     <span class='ocr_line' id='line_1_3' title="bbox 205 535 1372 608; baseline -0.006 0"><span class='ocrx_word' id='word_1_12' title='bbox 205 538 399 608; x_wconf 87' lang='lat' dir='ltr'><strong>lenissimus</strong></span> <span class='ocrx_word' id='word_1_13' title='bbox 420 561 489 606; x_wconf 91' lang='lat' dir='ltr'><strong>nou</strong></span> <span class='ocrx_word' id='word_1_14' title='bbox 510 537 639 605; x_wconf 88' lang='lat' dir='ltr'><strong>dubitat</strong></span> <span class='ocrx_word' id='word_1_15' title='bbox 660 538 698 603; x_wconf 89' lang='lat' dir='ltr'><strong>P.</strong></span> <span class='ocrx_word' id='word_1_16' title='bbox 720 535 898 603; x_wconf 75' lang='lat' dir='ltr'>Lentulum</span> <span class='ocrx_word' id='word_1_17' title='bbox 925 536 1070 603; x_wconf 87' lang='lat' dir='ltr'><strong>aeternis</strong></span> <span class='ocrx_word' id='word_1_18' title='bbox 1094 536 1241 602; x_wconf 88' lang='lat' dir='ltr'><strong>tenebris</strong></span> <span class='ocrx_word' id='word_1_19' title='bbox 1265 537 1372 602; x_wconf 87' lang='lat' dir='ltr'><strong>vineu-</strong></span> 
     </span>
    </p>

    <p class='ocr_par' dir='ltr' id='par_1_3' title="bbox 115 637 1376 1140">
     <span class='ocr_line' id='line_1_4' title="bbox 115 637 1374 727; baseline -0.005 -15"><span class='ocrx_word' id='word_1_20' title='bbox 115 711 117 718; x_wconf 44' lang='lat'><strong>.</strong></span> <span class='ocrx_word' id='word_1_21' title='bbox 205 642 314 727; x_wconf 85' lang='lat' dir='ltr'><strong>lisque</strong></span> <span class='ocrx_word' id='word_1_22' title='bbox 336 642 496 710; x_wconf 88' lang='lat' dir='ltr'><strong>mandare</strong></span> <span class='ocrx_word' id='word_1_23' title='bbox 518 653 551 708; x_wconf 88' lang='lat' dir='ltr'><strong>et</strong></span> <span class='ocrx_word' id='word_1_24' title='bbox 571 641 681 709; x_wconf 88' lang='lat' dir='ltr'><strong>sancit</strong></span> <span class='ocrx_word' id='word_1_25' title='bbox 694 641 726 705; x_wconf 90' lang='lat' dir='ltr'><strong>in</strong></span> <span class='ocrx_word' id='word_1_26' title='bbox 742 652 929 723; x_wconf 87' lang='lat' dir='ltr'><strong>posterum,</strong></span> <span class='ocrx_word' id='word_1_27' title='bbox 950 661 993 707; x_wconf 88' lang='lat' dir='ltr'><strong>ne</strong></span> <span class='ocrx_word' id='word_1_28' title='bbox 1007 640 1082 723; x_wconf 84' lang='lat' dir='ltr'><strong>quis</strong></span> <span class='ocrx_word' id='word_1_29' title='bbox 1095 637 1197 707; x_wconf 90' lang='lat' dir='ltr'><strong>huius</strong></span> <span class='ocrx_word' id='word_1_30' title='bbox 1212 638 1374 723; x_wconf 81' lang='lat' dir='ltr'><strong>supplicio</strong></span> 
     </span>
     <span class='ocr_line' id='line_1_5' title="bbox 206 743 1375 828; baseline -0.003 -14"><span class='ocrx_word' id='word_1_31' title='bbox 206 744 351 814; x_wconf 90' lang='lat' dir='ltr'><strong>levando</strong></span> <span class='ocrx_word' id='word_1_32' title='bbox 372 767 410 816; x_wconf 87' lang='lat' dir='ltr'><strong>se</strong></span> <span class='ocrx_word' id='word_1_33' title='bbox 430 747 555 813; x_wconf 83' lang='lat' dir='ltr'><strong>iactare</strong></span> <span class='ocrx_word' id='word_1_34' title='bbox 575 755 610 811; x_wconf 90' lang='lat' dir='ltr'><strong>et</strong></span> <span class='ocrx_word' id='word_1_35' title='bbox 630 745 663 811; x_wconf 90' lang='lat' dir='ltr'><strong>in</strong></span> <span class='ocrx_word' id='word_1_36' title='bbox 684 746 830 828; x_wconf 82' lang='lat' dir='ltr'>pernicie</span> <span class='ocrx_word' id='word_1_37' title='bbox 850 743 966 828; x_wconf 88' lang='lat' dir='ltr'><strong>populi</strong></span> <span class='ocrx_word' id='word_1_38' title='bbox 991 744 1133 811; x_wconf 85' lang='lat' dir='ltr'><strong>Romani</strong></span> <span class='ocrx_word' id='word_1_39' title='bbox 1155 743 1308 827; x_wconf 87' lang='lat' dir='ltr'><strong>posthac</strong></span> <span class='ocrx_word' id='word_1_40' title='bbox 1330 766 1375 827; x_wconf 81' lang='lat' dir='ltr'><strong>po</strong></span> 
     </span>
     <span class='ocr_line' id='line_1_6' title="bbox 204 846 1375 936; baseline -0.003 -18"><span class='ocrx_word' id='word_1_41' title='bbox 204 849 334 936; x_wconf 85' lang='lat' dir='ltr'><strong>palaris</strong></span> <span class='ocrx_word' id='word_1_42' title='bbox 356 869 429 918; x_wconf 87' lang='lat' dir='ltr'><strong>esse</strong></span> <span class='ocrx_word' id='word_1_43' title='bbox 449 848 566 932; x_wconf 81' lang='lat' dir='ltr'><strong>possit.</strong></span> <span class='ocrx_word' id='word_1_44' title='bbox 608 846 771 929; x_wconf 78' lang='lat' dir='ltr'>Adiungit</span> <span class='ocrx_word' id='word_1_45' title='bbox 792 850 891 916; x_wconf 88' lang='lat' dir='ltr'><strong>etiam</strong></span> <span class='ocrx_word' id='word_1_46' title='bbox 913 847 1174 932; x_wconf 72' lang='lat' dir='ltr'><strong>publicationem</strong></span> <span class='ocrx_word' id='word_1_47' title='bbox 1197 846 1375 933; x_wconf 86' lang='lat' dir='ltr'><strong>honorum,</strong></span> 
     </span>
     <span class='ocr_line' id='line_1_7' title="bbox 206 952 1376 1036; baseline -0.003 -14"><span class='ocrx_word' id='word_1_48' title='bbox 206 966 246 1022; x_wconf 88' lang='lat' dir='ltr'><strong>ut</strong></span> <span class='ocrx_word' id='word_1_49' title='bbox 266 975 382 1024; x_wconf 84' lang='lat' dir='ltr'><strong>omnes</strong></span> <span class='ocrx_word' id='word_1_50' title='bbox 405 953 506 1020; x_wconf 89' lang='lat' dir='ltr'><strong>animi</strong></span> <span class='ocrx_word' id='word_1_51' title='bbox 528 952 697 1020; x_wconf 87' lang='lat' dir='ltr'><strong>cruciatus</strong></span> <span class='ocrx_word' id='word_1_52' title='bbox 719 965 753 1020; x_wconf 91' lang='lat' dir='ltr'><strong>et</strong></span> <span class='ocrx_word' id='word_1_53' title='bbox 774 953 927 1036; x_wconf 88' lang='lat' dir='ltr'><strong>eorporis</strong></span> <span class='ocrx_word' id='word_1_54' title='bbox 950 953 1050 1019; x_wconf 90' lang='lat' dir='ltr'><strong>etiam</strong></span> <span class='ocrx_word' id='word_1_55' title='bbox 1072 961 1207 1032; x_wconf 82' lang='lat' dir='ltr'>egestas</span> <span class='ocrx_word' id='word_1_56' title='bbox 1228 972 1274 1018; x_wconf 90' lang='lat' dir='ltr'><strong>ae</strong></span> <span class='ocrx_word' id='word_1_57' title='bbox 1295 972 1376 1019; x_wconf 85' lang='lat' dir='ltr'><strong>meu·</strong></span> 
     </span>
     <span class='ocr_line' id='line_1_8' title="bbox 208 1057 590 1140; baseline -0.018 -14"><span class='ocrx_word' id='word_1_58' title='bbox 208 1057 327 1127; x_wconf 77' lang='lat' dir='ltr'><strong>dicitas</strong></span> <span class='ocrx_word' id='word_1_59' title='bbox 350 1068 590 1140; x_wconf 79' lang='lat' dir='ltr'><strong>consequatur.</strong></span> 
     </span>
    </p>

    <p class='ocr_par' dir='ltr' id='par_1_4' title="bbox 145 1154 1377 1767">
     <span class='ocr_line' id='line_1_9' title="bbox 145 1154 1376 1252; baseline -0.006 -24"><span class='ocrx_word' id='word_1_60' title='bbox 145 1171 185 1240; x_wconf 90' lang='lat'><strong>11</strong></span> <span class='ocrx_word' id='word_1_61' title='bbox 287 1161 344 1228; x_wconf 89' lang='lat' dir='ltr'><strong>vt.</strong></span> <span class='ocrx_word' id='word_1_62' title='bbox 380 1160 611 1252; x_wconf 76' lang='lat' dir='ltr'><strong>Quamobrem</strong></span> <span class='ocrx_word' id='word_1_63' title='bbox 626 1159 698 1226; x_wconf 87' lang='lat' dir='ltr'><strong>sive</strong></span> <span class='ocrx_word' id='word_1_64' title='bbox 711 1156 779 1227; x_wconf 89' lang='lat' dir='ltr'><strong>hoe</strong></span> <span class='ocrx_word' id='word_1_65' title='bbox 792 1160 989 1238; x_wconf 84' lang='lat' dir='ltr'><strong>statueritis,</strong></span> <span class='ocrx_word' id='word_1_66' title='bbox 1004 1159 1164 1227; x_wconf 86' lang='lat' dir='ltr'><strong>dederitis</strong></span> <span class='ocrx_word' id='word_1_67' title='bbox 1179 1158 1268 1226; x_wconf 86' lang='lat' dir='ltr'><strong>milri</strong></span> <span class='ocrx_word' id='word_1_68' title='bbox 1282 1154 1376 1224; x_wconf 87' lang='lat' dir='ltr'><strong>eomi-</strong></span> 
     </span>
     <span class='ocr_line' id='line_1_10' title="bbox 209 1257 1376 1348; baseline -0.011 -13"><span class='ocrx_word' id='word_1_69' title='bbox 209 1278 277 1336; x_wconf 88' lang='lat' dir='ltr'><strong>tem</strong></span> <span class='ocrx_word' id='word_1_70' title='bbox 296 1265 338 1333; x_wconf 90' lang='lat' dir='ltr'><strong>ad</strong></span> <span class='ocrx_word' id='word_1_71' title='bbox 358 1266 551 1333; x_wconf 88' lang='lat' dir='ltr'><strong>contionem</strong></span> <span class='ocrx_word' id='word_1_72' title='bbox 570 1261 696 1348; x_wconf 89' lang='lat' dir='ltr'><strong>populo</strong></span> <span class='ocrx_word' id='word_1_73' title='bbox 718 1283 836 1330; x_wconf 89' lang='lat' dir='ltr'><strong>carum</strong></span> <span class='ocrx_word' id='word_1_74' title='bbox 856 1276 955 1347; x_wconf 87' lang='lat' dir='ltr'><strong>atque</strong></span> <span class='ocrx_word' id='word_1_75' title='bbox 971 1262 1176 1341; x_wconf 77' lang='lat' dir='ltr'><strong>iucundum3</strong></span> <span class='ocrx_word' id='word_1_76' title='bbox 1196 1257 1376 1329; x_wconf 85' lang='lat' dir='ltr'><strong>sichilaui</strong></span> 
     </span>
     <span class='ocr_line' id='line_1_11' title="bbox 207 1364 1375 1450; baseline -0.006 -12"><span class='ocrx_word' id='word_1_77' title='bbox 207 1369 409 1438; x_wconf 85' lang='lat' dir='ltr'><strong>senteutiam</strong></span> <span class='ocrx_word' id='word_1_78' title='bbox 429 1367 523 1450; x_wconf 85' lang='lat' dir='ltr'><strong>sequi</strong></span> <span class='ocrx_word' id='word_1_79' title='bbox 546 1365 749 1446; x_wconf 78' lang='lat' dir='ltr'><strong>malueritis,</strong></span> <span class='ocrx_word' id='word_1_80' title='bbox 773 1366 872 1434; x_wconf 81' lang='lat' dir='ltr'><strong>l&#39;acile</strong></span> <span class='ocrx_word' id='word_1_81' title='bbox 894 1389 948 1434; x_wconf 86' lang='lat' dir='ltr'><strong>mc</strong></span> <span class='ocrx_word' id='word_1_82' title='bbox 966 1379 1066 1449; x_wconf 84' lang='lat' dir='ltr'><strong>atque</strong></span> <span class='ocrx_word' id='word_1_83' title='bbox 1084 1387 1147 1433; x_wconf 88' lang='lat' dir='ltr'><strong>vos</strong></span> <span class='ocrx_word' id='word_1_84' title='bbox 1168 1364 1375 1432; x_wconf 79' lang='lat' dir='ltr'><strong>crudelitatis</strong></span> 
     </span>
     <span class='ocr_line' id='line_1_12' title="bbox 207 1462 1376 1556; baseline -0.003 -17"><span class='ocrx_word' id='word_1_85' title='bbox 207 1472 456 1556; x_wconf 86' lang='lat' dir='ltr'><strong>vituperatione</strong></span> <span class='ocrx_word' id='word_1_86' title='bbox 476 1469 602 1554; x_wconf 88' lang='lat' dir='ltr'><strong>populo</strong></span> <span class='ocrx_word' id='word_1_87' title='bbox 620 1471 774 1538; x_wconf 85' lang='lat' dir='ltr'><strong>Romano</strong></span> <span class='ocrx_word' id='word_1_88' title='bbox 796 1469 980 1540; x_wconf 81' lang='lat' dir='ltr'><strong>exsolvetis</strong></span> <span class='ocrx_word' id='word_1_89' title='bbox 1001 1462 1101 1554; x_wconf 69' lang='lat' dir='ltr'><strong>atque</strong></span> <span class='ocrx_word' id='word_1_90' title='bbox 1122 1470 1297 1537; x_wconf 42' lang='lat' dir='ltr'><strong>obtinebo.</strong></span> <span class='ocrx_word' id='word_1_91' title='bbox 1311 1489 1376 1535; x_wconf 86' lang='lat' dir='ltr'><strong>ean</strong></span> 
     </span>
     <span class='ocr_line' id='line_1_13' title="bbox 208 1572 1376 1665; baseline -0.006 -21"><span class='ocrx_word' id='word_1_92' title='bbox 208 1574 316 1644; x_wconf 87' lang='lat' dir='ltr'><strong>multo</strong></span> <span class='ocrx_word' id='word_1_93' title='bbox 340 1573 501 1642; x_wconf 86' lang='lat' dir='ltr'><strong>leniorem</strong></span> <span class='ocrx_word' id='word_1_94' title='bbox 524 1575 638 1643; x_wconf 79' lang='lat' dir='ltr'><strong>irrisae.</strong></span> <span class='ocrx_word' id='word_1_95' title='bbox 680 1572 912 1665; x_wconf 78' lang='lat' dir='ltr'><strong>Quamquam,</strong></span> <span class='ocrx_word' id='word_1_96' title='bbox 934 1576 1051 1642; x_wconf 88' lang='lat' dir='ltr'><strong>Patres</strong></span> <span class='ocrx_word' id='word_1_97' title='bbox 1069 1574 1276 1655; x_wconf 85' lang='lat' dir='ltr'><strong>conscripti,</strong></span> <span class='ocrx_word' id='word_1_98' title='bbox 1300 1591 1376 1656; x_wconf 83' lang='lat' dir='ltr'><strong>quae</strong></span> 
     </span>
     <span class='ocr_line' id='line_1_14' title="bbox 207 1675 1377 1767; baseline -0.003 -22"><span class='ocrx_word' id='word_1_99' title='bbox 207 1691 416 1767; x_wconf 87' lang='lat' dir='ltr'><strong>potestesse</strong></span> <span class='ocrx_word' id='word_1_100' title='bbox 439 1679 471 1744; x_wconf 91' lang='lat' dir='ltr'><strong>in</strong></span> <span class='ocrx_word' id='word_1_101' title='bbox 493 1678 575 1748; x_wconf 87' lang='lat' dir='ltr'><strong>tanti</strong></span> <span class='ocrx_word' id='word_1_102' title='bbox 596 1675 735 1747; x_wconf 86' lang='lat' dir='ltr'><strong>sceleris</strong></span> <span class='ocrx_word' id='word_1_103' title='bbox 752 1679 960 1747; x_wconf 86' lang='lat' dir='ltr'><strong>immanitate</strong></span> <span class='ocrx_word' id='word_1_104' title='bbox 981 1676 1148 1761; x_wconf 86' lang='lat' dir='ltr'><strong>punienda</strong></span> <span class='ocrx_word' id='word_1_105' title='bbox 1167 1675 1377 1745; x_wconf 71' lang='lat' dir='ltr'><strong>erudelitas?</strong></span> 
     </span>
    </p>

    <p class='ocr_par' dir='ltr' id='par_1_5' title="bbox 160 1779 1377 2386">
     <span class='ocr_line' id='line_1_15' title="bbox 160 1779 1377 1876; baseline -0.002 -26"><span class='ocrx_word' id='word_1_106' title='bbox 160 1787 162 1794; x_wconf 88' lang='grc'><strong>’</strong></span> <span class='ocrx_word' id='word_1_107' title='bbox 208 1781 284 1863; x_wconf 78' lang='lat' dir='ltr'><strong>Ego</strong></span> <span class='ocrx_word' id='word_1_108' title='bbox 316 1782 405 1852; x_wconf 88' lang='lat' dir='ltr'><strong>euim</strong></span> <span class='ocrx_word' id='word_1_109' title='bbox 436 1780 478 1851; x_wconf 88' lang='lat' dir='ltr'><strong>de</strong></span> <span class='ocrx_word' id='word_1_110' title='bbox 509 1803 585 1850; x_wconf 79' lang='lat' dir='ltr'><strong>inco</strong></span> <span class='ocrx_word' id='word_1_111' title='bbox 616 1802 718 1852; x_wconf 88' lang='lat' dir='ltr'><strong>sensu</strong></span> <span class='ocrx_word' id='word_1_112' title='bbox 749 1780 874 1851; x_wconf 88' lang='lat' dir='ltr'><strong>iudico.</strong></span> <span class='ocrx_word' id='word_1_113' title='bbox 925 1782 1012 1850; x_wconf 91' lang='lat' dir='ltr'><strong>Nam</strong></span> <span class='ocrx_word' id='word_1_114' title='bbox 1039 1779 1192 1876; x_wconf 79' lang='lat' dir='ltr'><strong>itamiiti</strong></span> <span class='ocrx_word' id='word_1_115' title='bbox 1222 1779 1377 1849; x_wconf 83' lang='lat' dir='ltr'><strong>salvare</strong></span> 
     </span>
     <span class='ocr_line' id='line_1_16' title="bbox 207 1882 1377 1972; baseline -0.003 -21"><span class='ocrx_word' id='word_1_116' title='bbox 207 1884 345 1972; x_wconf 87' lang='lat' dir='ltr'><strong>publica</strong></span> <span class='ocrx_word' id='word_1_117' title='bbox 365 1886 539 1959; x_wconf 86' lang='lat' dir='ltr'><strong>vobiscum</strong></span> <span class='ocrx_word' id='word_1_118' title='bbox 563 1885 693 1972; x_wconf 79' lang='lat' dir='ltr'><strong>perfrui</strong></span> <span class='ocrx_word' id='word_1_119' title='bbox 720 1885 835 1962; x_wconf 90' lang='lat' dir='ltr'><strong>liceat,</strong></span> <span class='ocrx_word' id='word_1_120' title='bbox 856 1897 895 1953; x_wconf 89' lang='lat' dir='ltr'><strong>ut</strong></span> <span class='ocrx_word' id='word_1_121' title='bbox 921 1907 1004 1968; x_wconf 82' lang='lat' dir='ltr'><strong>ego,</strong></span> <span class='ocrx_word' id='word_1_122' title='bbox 1027 1884 1171 1969; x_wconf 82' lang='lat' dir='ltr'><strong>quodie</strong></span> <span class='ocrx_word' id='word_1_123' title='bbox 1193 1882 1262 1950; x_wconf 88' lang='lat' dir='ltr'><strong>bac</strong></span> <span class='ocrx_word' id='word_1_124' title='bbox 1282 1903 1377 1952; x_wconf 88' lang='lat' dir='ltr'><strong>eausa</strong></span> 
     </span>
     <span class='ocr_line' id='line_1_17' title="bbox 207 1985 1377 2086; baseline -0.001 -31"><span class='ocrx_word' id='word_1_125' title='bbox 207 1987 442 2060; x_wconf 84' lang='lat' dir='ltr'><strong>vehementior</strong></span> <span class='ocrx_word' id='word_1_126' title='bbox 461 2011 557 2071; x_wconf 90' lang='lat' dir='ltr'><strong>sum,</strong></span> <span class='ocrx_word' id='word_1_127' title='bbox 585 1985 654 2059; x_wconf 80' lang='lat' dir='ltr'><strong>nou</strong></span> <span class='ocrx_word' id='word_1_128' title='bbox 675 1991 852 2058; x_wconf 81' lang='lat' dir='ltr'><strong>atrocitate</strong></span> <span class='ocrx_word' id='word_1_129' title='bbox 874 1991 975 2057; x_wconf 89' lang='lat' dir='ltr'><strong>animi</strong></span> <span class='ocrx_word' id='word_1_130' title='bbox 994 2010 1153 2086; x_wconf 84' lang='lat' dir='ltr'><strong>moveor,</strong></span> <span class='ocrx_word' id='word_1_131' title='bbox 1180 1988 1377 2072; x_wconf 86' lang='lat' dir='ltr'><strong>(quiseuim</strong></span> 
     </span>
     <span class='ocr_line' id='line_1_18' title="bbox 209 2091 1377 2177; baseline -0.003 -16"><span class='ocrx_word' id='word_1_132' title='bbox 209 2104 262 2161; x_wconf 87' lang='lat' dir='ltr'><strong>est</strong></span> <span class='ocrx_word' id='word_1_133' title='bbox 284 2115 338 2161; x_wconf 85' lang='lat' dir='ltr'><strong>mc</strong></span> <span class='ocrx_word' id='word_1_134' title='bbox 359 2093 519 2173; x_wconf 68' lang='lat' dir='ltr'><strong>mitiori)</strong></span> <span class='ocrx_word' id='word_1_135' title='bbox 540 2093 600 2163; x_wconf 82' lang='lat' dir='ltr'><strong>setl</strong></span> <span class='ocrx_word' id='word_1_136' title='bbox 620 2092 780 2175; x_wconf 78' lang='lat' dir='ltr'><strong>singulari</strong></span> <span class='ocrx_word' id='word_1_137' title='bbox 800 2094 944 2177; x_wconf 88' lang='lat' dir='ltr'><strong>quadam</strong></span> <span class='ocrx_word' id='word_1_138' title='bbox 967 2091 1176 2159; x_wconf 89' lang='lat' dir='ltr'><strong>humanitate</strong></span> <span class='ocrx_word' id='word_1_139' title='bbox 1197 2102 1231 2157; x_wconf 90' lang='lat' dir='ltr'><strong>et</strong></span> <span class='ocrx_word' id='word_1_140' title='bbox 1252 2092 1377 2174; x_wconf 80' lang='lat' dir='ltr'><strong>miseri</strong></span> 
     </span>
     <span class='ocr_line' id='line_1_19' title="bbox 205 2193 1375 2281; baseline -0.002 -18"><span class='ocrx_word' id='word_1_141' title='bbox 205 2196 336 2266; x_wconf 86' lang='lat' dir='ltr'><strong>cordia.</strong></span> <span class='ocrx_word' id='word_1_142' title='bbox 376 2196 501 2266; x_wconf 90' lang='lat' dir='ltr'><strong>Videor</strong></span> <span class='ocrx_word' id='word_1_143' title='bbox 523 2199 611 2265; x_wconf 90' lang='lat' dir='ltr'><strong>enim</strong></span> <span class='ocrx_word' id='word_1_144' title='bbox 638 2196 720 2269; x_wconf 86' lang='lat' dir='ltr'><strong>mihi</strong></span> <span class='ocrx_word' id='word_1_145' title='bbox 746 2197 860 2265; x_wconf 86' lang='lat' dir='ltr'><strong>videre</strong></span> <span class='ocrx_word' id='word_1_146' title='bbox 881 2195 967 2263; x_wconf 89' lang='lat' dir='ltr'><strong>hanc</strong></span> <span class='ocrx_word' id='word_1_147' title='bbox 986 2198 1122 2281; x_wconf 89' lang='lat' dir='ltr'><strong>urbem,</strong></span> <span class='ocrx_word' id='word_1_148' title='bbox 1149 2193 1265 2267; x_wconf 87' lang='lat' dir='ltr'><strong>lucem</strong></span> <span class='ocrx_word' id='word_1_149' title='bbox 1291 2195 1375 2262; x_wconf 87' lang='lat' dir='ltr'><strong>orbis</strong></span> 
     </span>
     <span class='ocr_line' id='line_1_20' title="bbox 208 2298 1375 2386; baseline -0.005 -16"><span class='ocrx_word' id='word_1_150' title='bbox 208 2312 375 2370; x_wconf 87' lang='lat' dir='ltr'><strong>terrarum</strong></span> <span class='ocrx_word' id='word_1_151' title='bbox 394 2315 494 2386; x_wconf 86' lang='lat' dir='ltr'><strong>atque</strong></span> <span class='ocrx_word' id='word_1_152' title='bbox 515 2322 628 2372; x_wconf 85' lang='lat' dir='ltr'><strong>arcam</strong></span> <span class='ocrx_word' id='word_1_153' title='bbox 646 2301 798 2370; x_wconf 87' lang='lat' dir='ltr'><strong>omniunt</strong></span> <span class='ocrx_word' id='word_1_154' title='bbox 814 2302 983 2382; x_wconf 79' lang='lat' dir='ltr'><strong>gentium,</strong></span> <span class='ocrx_word' id='word_1_155' title='bbox 1006 2301 1117 2367; x_wconf 86' lang='lat' dir='ltr'><strong>subito</strong></span> <span class='ocrx_word' id='word_1_156' title='bbox 1138 2322 1206 2372; x_wconf 89' lang='lat' dir='ltr'><strong>uno</strong></span> <span class='ocrx_word' id='word_1_157' title='bbox 1223 2298 1375 2368; x_wconf 89' lang='lat' dir='ltr'><strong>incendio</strong></span> 
     </span>
    </p>
   </div>
   <div class='ocr_carea' id='block_1_3' title="bbox 147 2404 1376 2907">
    <p class='ocr_par' dir='ltr' id='par_1_6' title="bbox 147 2404 1376 2907">
     <span class='ocr_line' id='line_1_21' title="bbox 207 2404 1376 2495; baseline -0.005 -22"><span class='ocrx_word' id='word_1_158' title='bbox 207 2405 461 2486; x_wconf 65' lang='lat' dir='ltr'><strong>concidentem</strong></span> <span class='ocrx_word' id='word_1_159' title='bbox 482 2427 584 2476; x_wconf 87' lang='lat' dir='ltr'><strong>cerno</strong></span> <span class='ocrx_word' id='word_1_160' title='bbox 608 2406 722 2472; x_wconf 88' lang='lat' dir='ltr'><strong>animo</strong></span> <span class='ocrx_word' id='word_1_161' title='bbox 740 2404 906 2489; x_wconf 87' lang='lat' dir='ltr'><strong>sepultam</strong></span> <span class='ocrx_word' id='word_1_162' title='bbox 928 2405 1090 2495; x_wconf 87' lang='lat' dir='ltr'><strong>patriam,</strong></span> <span class='ocrx_word' id='word_1_163' title='bbox 1112 2404 1258 2472; x_wconf 84' lang='lat' dir='ltr'><strong>miseros</strong></span> <span class='ocrx_word' id='word_1_164' title='bbox 1280 2412 1376 2485; x_wconf 84' lang='lat' dir='ltr'><strong>atque</strong></span> 
     </span>
     <span class='ocr_line' id='line_1_22' title="bbox 207 2505 1375 2596; baseline -0.002 -21"><span class='ocrx_word' id='word_1_165' title='bbox 207 2507 395 2596; x_wconf 88' lang='lat' dir='ltr'><strong>insepultos</strong></span> <span class='ocrx_word' id='word_1_166' title='bbox 424 2529 565 2578; x_wconf 83' lang='lat' dir='ltr'><strong>aceruos</strong></span> <span class='ocrx_word' id='word_1_167' title='bbox 593 2509 737 2590; x_wconf 81' lang='lat' dir='ltr'><strong>elvium;</strong></span> <span class='ocrx_word' id='word_1_168' title='bbox 773 2520 925 2576; x_wconf 83' lang='lat' dir='ltr'><strong>versatur</strong></span> <span class='ocrx_word' id='word_1_169' title='bbox 959 2509 1039 2576; x_wconf 82' lang='lat' dir='ltr'><strong>milti</strong></span> <span class='ocrx_word' id='word_1_170' title='bbox 1067 2520 1145 2574; x_wconf 86' lang='lat' dir='ltr'><strong>ante</strong></span> <span class='ocrx_word' id='word_1_171' title='bbox 1172 2505 1293 2576; x_wconf 89' lang='lat' dir='ltr'><strong>oeulos</strong></span> <span class='ocrx_word' id='word_1_172' title='bbox 1321 2506 1375 2573; x_wconf 82' lang='lat' dir='ltr'><strong>atl-</strong></span> 
     </span>
     <span class='ocr_line' id='line_1_23' title="bbox 147 2609 1373 2705; baseline -0.004 -23"><span class='ocrx_word' id='word_1_173' title='bbox 147 2619 186 2684; x_wconf 78' lang='lat'><strong>12</strong></span> <span class='ocrx_word' id='word_1_174' title='bbox 207 2619 346 2694; x_wconf 82' lang='lat' dir='ltr'><strong>spectus</strong></span> <span class='ocrx_word' id='word_1_175' title='bbox 372 2609 511 2705; x_wconf 74' lang='lat' dir='ltr'><strong>Cethegi</strong></span> <span class='ocrx_word' id='word_1_176' title='bbox 542 2622 576 2677; x_wconf 91' lang='lat' dir='ltr'><strong>et</strong></span> <span class='ocrx_word' id='word_1_177' title='bbox 597 2611 695 2678; x_wconf 90' lang='lat' dir='ltr'><strong>furor</strong></span> <span class='ocrx_word' id='word_1_178' title='bbox 719 2614 753 2678; x_wconf 90' lang='lat' dir='ltr'><strong>iu</strong></span> <span class='ocrx_word' id='word_1_179' title='bbox 778 2624 891 2680; x_wconf 85' lang='lat' dir='ltr'><strong>vestra</strong></span> <span class='ocrx_word' id='word_1_180' title='bbox 919 2610 1021 2678; x_wconf 89' lang='lat' dir='ltr'><strong>caede</strong></span> <span class='ocrx_word' id='word_1_181' title='bbox 1044 2611 1250 2679; x_wconf 84' lang='lat' dir='ltr'><strong>bacchantis.</strong></span> <span class='ocrx_word' id='word_1_182' title='bbox 1294 2610 1373 2679; x_wconf 89' lang='lat' dir='ltr'><strong>Cum</strong></span> 
     </span>
     <span class='ocr_line' id='line_1_24' title="bbox 207 2712 1374 2799; baseline -0.001 -17"><span class='ocrx_word' id='word_1_183' title='bbox 207 2712 397 2782; x_wconf 84' lang='lat' dir='ltr'><strong>veromihi</strong></span> <span class='ocrx_word' id='word_1_184' title='bbox 425 2715 587 2798; x_wconf 85' lang='lat' dir='ltr'><strong>proposui</strong></span> <span class='ocrx_word' id='word_1_185' title='bbox 611 2727 808 2797; x_wconf 65' lang='lat' dir='ltr'><strong>reparantem</strong></span> <span class='ocrx_word' id='word_1_186' title='bbox 835 2714 1031 2799; x_wconf 84' lang='lat' dir='ltr'><strong>Lentulum,</strong></span> <span class='ocrx_word' id='word_1_187' title='bbox 1065 2714 1155 2782; x_wconf 90' lang='lat' dir='ltr'><strong>sieut</strong></span> <span class='ocrx_word' id='word_1_188' title='bbox 1174 2716 1251 2797; x_wconf 88' lang='lat' dir='ltr'><strong>ipse</strong></span> <span class='ocrx_word' id='word_1_189' title='bbox 1270 2735 1310 2782; x_wconf 89' lang='lat' dir='ltr'><strong>se</strong></span> <span class='ocrx_word' id='word_1_190' title='bbox 1335 2735 1374 2781; x_wconf 79' lang='lat' dir='ltr'><strong>ex</strong></span> 
     </span>
     <span class='ocr_line' id='line_1_25' title="bbox 206 2816 1372 2907; baseline 0 -23"><span class='ocrx_word' id='word_1_191' title='bbox 206 2818 285 2891; x_wconf 86' lang='lat' dir='ltr'><strong>satis</strong></span> <span class='ocrx_word' id='word_1_192' title='bbox 305 2838 460 2907; x_wconf 86' lang='lat' dir='ltr'><strong>sperasse</strong></span> <span class='ocrx_word' id='word_1_193' title='bbox 477 2819 656 2893; x_wconf 82' lang='lat' dir='ltr'><strong>cortiessus</strong></span> <span class='ocrx_word' id='word_1_194' title='bbox 673 2830 743 2900; x_wconf 84' lang='lat' dir='ltr'><strong>cst,</strong></span> <span class='ocrx_word' id='word_1_195' title='bbox 763 2833 988 2905; x_wconf 88' lang='lat' dir='ltr'><strong>purpuratum</strong></span> <span class='ocrx_word' id='word_1_196' title='bbox 1004 2839 1080 2889; x_wconf 86' lang='lat' dir='ltr'><strong>esse</strong></span> <span class='ocrx_word' id='word_1_197' title='bbox 1097 2816 1176 2886; x_wconf 83' lang='lat' dir='ltr'><strong>huic</strong></span> <span class='ocrx_word' id='word_1_198' title='bbox 1190 2818 1372 2895; x_wconf 86' lang='lat' dir='ltr'><strong>Gabinium,</strong></span> 
     </span>
    </p>
   </div>
   <div class='ocr_carea' id='block_1_4' title="bbox 206 3067 1369 3639">
    <p class='ocr_par' dir='ltr' id='par_1_7' title="bbox 206 3067 1369 3639">
     <span class='ocr_line' id='line_1_26' title="bbox 273 3067 1369 3133; baseline 0 -18"><span class='ocrx_word' id='word_1_199' title='bbox 273 3070 285 3133; x_wconf 58' lang='grc' dir='ltr'>ς</span> <span class='ocrx_word' id='word_1_200' title='bbox 306 3071 345 3117; x_wconf 96' lang='lat' dir='ltr'><strong>ll.</strong></span> <span class='ocrx_word' id='word_1_201' title='bbox 369 3085 409 3117; x_wconf 83' lang='lat' dir='ltr'><strong>eoa</strong></span> <span class='ocrx_word' id='word_1_202' title='bbox 431 3071 573 3119; x_wconf 81' lang='lat' dir='ltr'><strong>crudelitatis</strong></span> <span class='ocrx_word' id='word_1_203' title='bbox 602 3071 769 3128; x_wconf 67' lang='lat' dir='ltr'><strong>udaparata&#39;ona</strong></span> <span class='ocrx_word' id='word_1_204' title='bbox 787 3071 877 3128; x_wconf 80' lang='lat' dir='ltr'><strong>populo</strong></span> <span class='ocrx_word' id='word_1_205' title='bbox 900 3071 1006 3116; x_wconf 83' lang='lat' dir='ltr'><strong>Romano</strong></span> <span class='ocrx_word' id='word_1_206' title='bbox 1028 3067 1161 3131; x_wconf 74' lang='lat' dir='ltr'><strong>exsolvatis]</strong></span> <span class='ocrx_word' id='word_1_207' title='bbox 1186 3070 1228 3118; x_wconf 90' lang='lat' dir='ltr'><strong>Sic</strong></span> <span class='ocrx_word' id='word_1_208' title='bbox 1249 3070 1369 3131; x_wconf 73' lang='lat' dir='ltr'><strong>salisburg.</strong></span> 
     </span>
     <span class='ocr_line' id='line_1_27' title="bbox 206 3154 1368 3217; baseline -0.001 -15"><span class='ocrx_word' id='word_1_209' title='bbox 206 3157 343 3217; x_wconf 83' lang='lat' dir='ltr'><strong>eodemque</strong></span> <span class='ocrx_word' id='word_1_210' title='bbox 367 3157 455 3206; x_wconf 85' lang='lat' dir='ltr'><strong>ducunt</strong></span> <span class='ocrx_word' id='word_1_211' title='bbox 479 3156 569 3204; x_wconf 83' lang='lat' dir='ltr'><strong>Gelon.</strong></span> <span class='ocrx_word' id='word_1_212' title='bbox 593 3155 745 3217; x_wconf 86' lang='lat' dir='ltr'><strong>aliorumque</strong></span> <span class='ocrx_word' id='word_1_213' title='bbox 767 3154 845 3202; x_wconf 81' lang='lat' dir='ltr'><strong>codd.</strong></span> <span class='ocrx_word' id='word_1_214' title='bbox 864 3155 974 3215; x_wconf 76' lang='lat' dir='ltr'><strong>vestigia.</strong></span> <span class='ocrx_word' id='word_1_215' title='bbox 991 3179 1025 3191; x_wconf 94' lang='lat'>-</span> <span class='ocrx_word' id='word_1_216' title='bbox 1041 3167 1082 3199; x_wconf 86' lang='lat' dir='ltr'><strong>voa</strong></span> <span class='ocrx_word' id='word_1_217' title='bbox 1098 3169 1113 3202; x_wconf 86' lang='lat' dir='ltr'><strong>a</strong></span> <span class='ocrx_word' id='word_1_218' title='bbox 1131 3157 1275 3204; x_wconf 77' lang='lat' dir='ltr'><strong>crudelitatis</strong></span> <span class='ocrx_word' id='word_1_219' title='bbox 1292 3159 1368 3213; x_wconf 73' lang='lat' dir='ltr'><strong>altape-</strong></span> 
     </span>
     <span class='ocr_line' id='line_1_28' title="bbox 206 3238 1367 3302; baseline 0.004 -19"><span class='ocrx_word' id='word_1_220' title='bbox 206 3242 297 3292; x_wconf 72' lang='lat' dir='ltr'><strong>ratione</strong></span> <span class='ocrx_word' id='word_1_221' title='bbox 318 3238 445 3298; x_wconf 81' lang='lat' dir='ltr'><strong>defendetis</strong></span> <span class='ocrx_word' id='word_1_222' title='bbox 468 3240 520 3292; x_wconf 85' lang='lat' dir='ltr'><strong>Til,</strong></span> <span class='ocrx_word' id='word_1_223' title='bbox 543 3238 596 3286; x_wconf 80' lang='lat' dir='ltr'><strong>Erf.</strong></span> <span class='ocrx_word' id='word_1_224' title='bbox 619 3239 676 3286; x_wconf 82' lang='lat' dir='ltr'><strong>Era.</strong></span> <span class='ocrx_word' id='word_1_225' title='bbox 701 3239 755 3302; x_wconf 88' lang='lat' dir='ltr'><strong>(uos</strong></span> <span class='ocrx_word' id='word_1_226' title='bbox 772 3241 836 3285; x_wconf 84' lang='lat' dir='ltr'><strong>erud.</strong></span> <span class='ocrx_word' id='word_1_227' title='bbox 853 3243 894 3285; x_wconf 83' lang='lat' dir='ltr'><strong>vit.</strong></span> <span class='ocrx_word' id='word_1_228' title='bbox 912 3241 1056 3298; x_wconf 77' lang='lat' dir='ltr'><strong>respublica</strong></span> <span class='ocrx_word' id='word_1_229' title='bbox 1073 3240 1175 3285; x_wconf 76' lang='lat' dir='ltr'><strong>aaaoloat</strong></span> <span class='ocrx_word' id='word_1_230' title='bbox 1191 3242 1243 3298; x_wconf 79' lang='lat' dir='ltr'><strong>ipso</strong></span> <span class='ocrx_word' id='word_1_231' title='bbox 1260 3238 1367 3300; x_wconf 73' lang='lat' dir='ltr'><strong>Madvigii</strong></span> 
     </span>
     <span class='ocr_line' id='line_1_29' title="bbox 206 3311 1367 3386; baseline 0.001 -15"><span class='ocrx_word' id='word_1_232' title='bbox 206 3320 334 3386; x_wconf 74' lang='lat' dir='ltr'><strong>auspicio.)</strong></span> <span class='ocrx_word' id='word_1_233' title='bbox 353 3348 384 3368; x_wconf 61' lang='lat'><strong>»-</strong></span> <span class='ocrx_word' id='word_1_234' title='bbox 403 3323 526 3385; x_wconf 80' lang='lat' dir='ltr'><strong>lanioram]</strong></span> <span class='ocrx_word' id='word_1_235' title='bbox 544 3323 619 3377; x_wconf 79' lang='lat' dir='ltr'><strong>TliP.</strong></span> <span class='ocrx_word' id='word_1_236' title='bbox 637 3311 746 3376; x_wconf 73' lang='lat' dir='ltr'><strong>leuiorem</strong></span> <span class='ocrx_word' id='word_1_237' title='bbox 757 3324 815 3371; x_wconf 84' lang='lat' dir='ltr'><strong>Era.</strong></span> <span class='ocrx_word' id='word_1_238' title='bbox 827 3350 860 3362; x_wconf 89' lang='lat'><em>-</em></span> <span class='ocrx_word' id='word_1_239' title='bbox 872 3339 928 3383; x_wconf 83' lang='lat' dir='ltr'><strong>quaa</strong></span> <span class='ocrx_word' id='word_1_240' title='bbox 940 3328 1003 3369; x_wconf 85' lang='lat' dir='ltr'><strong>tanta</strong></span> <span class='ocrx_word' id='word_1_241' title='bbox 1012 3328 1090 3382; x_wconf 83' lang='lat' dir='ltr'><strong>puteat</strong></span> <span class='ocrx_word' id='word_1_242' title='bbox 1099 3324 1130 3371; x_wconf 82' lang='lat' dir='ltr'><strong>l‘.</strong></span> <span class='ocrx_word' id='word_1_243' title='bbox 1142 3349 1174 3361; x_wconf 87' lang='lat'><em>-</em></span> <span class='ocrx_word' id='word_1_244' title='bbox 1187 3327 1220 3376; x_wconf 84' lang='lat' dir='ltr'><strong>ita</strong></span> <span class='ocrx_word' id='word_1_245' title='bbox 1231 3327 1297 3371; x_wconf 67' lang='lat' dir='ltr'><strong>salaro</strong></span> <span class='ocrx_word' id='word_1_246' title='bbox 1304 3326 1331 3371; x_wconf 89' lang='grc' dir='ltr'><strong>Τ.</strong></span> <span class='ocrx_word' id='word_1_247' title='bbox 1341 3347 1367 3360; x_wconf 90' lang='grc'>-</span> 
     </span>
     <span class='ocr_line' id='line_1_30' title="bbox 207 3406 1368 3471; baseline 0.003 -21"><span class='ocrx_word' id='word_1_248' title='bbox 207 3406 262 3462; x_wconf 78' lang='lat' dir='ltr'><strong>Om,</strong></span> <span class='ocrx_word' id='word_1_249' title='bbox 286 3410 359 3459; x_wconf 76' lang='lat' dir='ltr'><strong>animi</strong></span> <span class='ocrx_word' id='word_1_250' title='bbox 384 3408 414 3454; x_wconf 89' lang='lat' dir='ltr'><strong>R.</strong></span> <span class='ocrx_word' id='word_1_251' title='bbox 432 3433 466 3452; x_wconf 91' lang='lat'><strong>-.-</strong></span> <span class='ocrx_word' id='word_1_252' title='bbox 482 3422 576 3454; x_wconf 82' lang='lat' dir='ltr'><strong>movear</strong></span> <span class='ocrx_word' id='word_1_253' title='bbox 600 3409 629 3461; x_wconf 80' lang='lat' dir='ltr'><strong>tt.</strong></span> <span class='ocrx_word' id='word_1_254' title='bbox 654 3413 745 3455; x_wconf 80' lang='lat' dir='ltr'><strong>moueat</strong></span> <span class='ocrx_word' id='word_1_255' title='bbox 767 3407 797 3462; x_wconf 84' lang='lat' dir='ltr'><strong>T.</strong></span> <span class='ocrx_word' id='word_1_256' title='bbox 815 3432 847 3446; x_wconf 92' lang='lat'><em>-</em></span> <span class='ocrx_word' id='word_1_257' title='bbox 864 3411 919 3469; x_wconf 83' lang='lat' dir='ltr'><strong>quid</strong></span> <span class='ocrx_word' id='word_1_258' title='bbox 942 3411 1002 3454; x_wconf 77' lang='lat' dir='ltr'><strong>anim</strong></span> <span class='ocrx_word' id='word_1_259' title='bbox 1024 3413 1058 3454; x_wconf 85' lang='lat' dir='ltr'><strong>aat</strong></span> <span class='ocrx_word' id='word_1_260' title='bbox 1083 3410 1114 3456; x_wconf 85' lang='lat' dir='ltr'><strong>lt.</strong></span> <span class='ocrx_word' id='word_1_261' title='bbox 1135 3408 1197 3471; x_wconf 84' lang='lat' dir='ltr'><strong>(nou</strong></span> <span class='ocrx_word' id='word_1_262' title='bbox 1215 3410 1257 3470; x_wconf 88' lang='grc' dir='ltr'><strong>Τ.)</strong></span> <span class='ocrx_word' id='word_1_263' title='bbox 1274 3412 1327 3458; x_wconf 89' lang='lat' dir='ltr'><strong>Del.</strong></span> <span class='ocrx_word' id='word_1_264' title='bbox 1341 3411 1368 3453; x_wconf 80' lang='lat' dir='ltr'><strong>est</strong></span> 
     </span>
     <span class='ocr_line' id='line_1_31' title="bbox 207 3491 1365 3556; baseline 0.003 -18"><span class='ocrx_word' id='word_1_265' title='bbox 207 3491 316 3556; x_wconf 67' lang='lat' dir='ltr'><strong>Madvig,</strong></span> <span class='ocrx_word' id='word_1_266' title='bbox 334 3516 367 3530; x_wconf 90' lang='lat'>-</span> <span class='ocrx_word' id='word_1_267' title='bbox 384 3494 462 3539; x_wconf 84' lang='lat' dir='ltr'><strong>uidere</strong></span> <span class='ocrx_word' id='word_1_268' title='bbox 485 3495 544 3550; x_wconf 67' lang='lat' dir='ltr'><strong>pauo</strong></span> <span class='ocrx_word' id='word_1_269' title='bbox 567 3492 655 3553; x_wconf 82' lang='lat' dir='ltr'><strong>urbam]</strong></span> <span class='ocrx_word' id='word_1_270' title='bbox 678 3492 732 3547; x_wconf 74' lang='lat' dir='ltr'><strong>Tu.</strong></span> <span class='ocrx_word' id='word_1_271' title='bbox 749 3493 801 3540; x_wconf 81' lang='lat' dir='ltr'><strong>Ert&#39;.</strong></span> <span class='ocrx_word' id='word_1_272' title='bbox 819 3495 879 3538; x_wconf 76' lang='lat' dir='ltr'><strong>banc</strong></span> <span class='ocrx_word' id='word_1_273' title='bbox 895 3494 972 3538; x_wconf 82' lang='lat' dir='ltr'><strong>arbam</strong></span> <span class='ocrx_word' id='word_1_274' title='bbox 989 3494 1065 3539; x_wconf 79' lang='lat' dir='ltr'><strong>videre</strong></span> <span class='ocrx_word' id='word_1_275' title='bbox 1082 3493 1141 3540; x_wconf 87' lang='lat' dir='ltr'><strong>Ern.</strong></span> <span class='ocrx_word' id='word_1_276' title='bbox 1158 3519 1192 3536; x_wconf 82' lang='lat'><strong>..-</strong></span> <span class='ocrx_word' id='word_1_277' title='bbox 1208 3497 1318 3553; x_wconf 74' lang='lat' dir='ltr'><strong>sepultam</strong></span> <span class='ocrx_word' id='word_1_278' title='bbox 1328 3508 1365 3552; x_wconf 74' lang='grc' dir='ltr'><strong>μ·</strong></span> 
     </span>
     <span class='ocr_line' id='line_1_32' title="bbox 207 3576 849 3639; baseline 0 -15"><span class='ocrx_word' id='word_1_279' title='bbox 207 3576 289 3636; x_wconf 76' lang='lat' dir='ltr'><strong>trum]</strong></span> <span class='ocrx_word' id='word_1_280' title='bbox 307 3576 358 3632; x_wconf 83' lang='lat' dir='ltr'><strong>TP,</strong></span> <span class='ocrx_word' id='word_1_281' title='bbox 375 3579 463 3635; x_wconf 79' lang='lat' dir='ltr'><strong>sepulta</strong></span> <span class='ocrx_word' id='word_1_282' title='bbox 481 3579 504 3621; x_wconf 85' lang='lat' dir='ltr'><strong>in</strong></span> <span class='ocrx_word' id='word_1_283' title='bbox 519 3579 600 3634; x_wconf 81' lang='lat' dir='ltr'><strong>patria</strong></span> <span class='ocrx_word' id='word_1_284' title='bbox 618 3578 648 3632; x_wconf 76' lang='lat' dir='ltr'><strong>li,</strong></span> <span class='ocrx_word' id='word_1_285' title='bbox 665 3577 724 3631; x_wconf 84' lang='lat' dir='ltr'><strong>Ean.</strong></span> <span class='ocrx_word' id='word_1_286' title='bbox 742 3578 849 3639; x_wconf 74' lang='lat' dir='ltr'><strong>Madvig.</strong></span> 
     </span>
    </p>
   </div>
   <div class='ocr_carea' id='block_1_5' title="bbox 135 3683 1416 4421">
    <p class='ocr_par' dir='ltr' id='par_1_8' title="bbox 203 3683 1416 4088">
     <span class='ocr_line' id='line_1_33' title="bbox 275 3683 1416 3749; baseline 0.007 -21"><span class='ocrx_word' id='word_1_287' title='bbox 275 3683 286 3746; x_wconf 64' lang='lat' dir='ltr'><strong>i</strong></span> <span class='ocrx_word' id='word_1_288' title='bbox 308 3685 346 3732; x_wconf 74' lang='lat' dir='ltr'><strong>ta.</strong></span> <span class='ocrx_word' id='word_1_289' title='bbox 365 3686 413 3743; x_wconf 65' lang='lat' dir='ltr'><strong>mae</strong></span> <span class='ocrx_word' id='word_1_290' title='bbox 430 3700 460 3731; x_wconf 82' lang='lat' dir='ltr'><strong>aa</strong></span> <span class='ocrx_word' id='word_1_291' title='bbox 471 3684 533 3744; x_wconf 82' lang='lat' dir='ltr'><strong>satia</strong></span> <span class='ocrx_word' id='word_1_292' title='bbox 550 3684 639 3747; x_wconf 72' lang='lat' dir='ltr'><strong>(suasa</strong></span> <span class='ocrx_word' id='word_1_293' title='bbox 656 3683 699 3745; x_wconf 87' lang='lat' dir='ltr'><strong>R.)</strong></span> <span class='ocrx_word' id='word_1_294' title='bbox 715 3701 739 3732; x_wconf 83' lang='lat' dir='ltr'><strong>aa</strong></span> <span class='ocrx_word' id='word_1_295' title='bbox 757 3687 809 3734; x_wconf 76' lang='grc' dir='ltr'><strong>ΗΡ.</strong></span> <span class='ocrx_word' id='word_1_296' title='bbox 827 3691 875 3745; x_wconf 83' lang='lat' dir='ltr'><strong>ipae</strong></span> <span class='ocrx_word' id='word_1_297' title='bbox 891 3690 965 3734; x_wconf 83' lang='lat' dir='ltr'><strong>mania</strong></span> <span class='ocrx_word' id='word_1_298' title='bbox 977 3687 1107 3747; x_wconf 80' lang='lat' dir='ltr'><strong>cumfactt&#39;a</strong></span> <span class='ocrx_word' id='word_1_299' title='bbox 1119 3702 1223 3745; x_wconf 81' lang='lat' dir='ltr'><strong>aparaaaa</strong></span> <span class='ocrx_word' id='word_1_300' title='bbox 1235 3688 1293 3749; x_wconf 73' lang='lat' dir='ltr'><strong>(aie)</strong></span> <span class='ocrx_word' id='word_1_301' title='bbox 1303 3690 1329 3735; x_wconf 92' lang='grc' dir='ltr'><strong>Τ.</strong></span> <span class='ocrx_word' id='word_1_302' title='bbox 1338 3708 1365 3725; x_wconf 89' lang='lat'><strong>··</strong></span> <span class='ocrx_word' id='word_1_303' title='bbox 1415 3739 1416 3744; x_wconf 65' lang='lat'><strong>,</strong></span> 
     </span>
     <span class='ocr_line' id='line_1_34' title="bbox 203 3765 1416 3834; baseline 0.002 -20"><span class='ocrx_word' id='word_1_304' title='bbox 203 3773 361 3830; x_wconf 76' lang='lat' dir='ltr'><strong>purpuratum</strong></span> <span class='ocrx_word' id='word_1_305' title='bbox 377 3782 424 3814; x_wconf 77' lang='lat' dir='ltr'><strong>asae</strong></span> <span class='ocrx_word' id='word_1_306' title='bbox 441 3772 494 3818; x_wconf 79' lang='lat' dir='ltr'><strong>buia</strong></span> <span class='ocrx_word' id='word_1_307' title='bbox 511 3769 575 3830; x_wconf 89' lang='lat' dir='ltr'><strong>(acil.</strong></span> <span class='ocrx_word' id='word_1_308' title='bbox 593 3769 706 3831; x_wconf 84' lang='lat' dir='ltr'><strong>Lentulo)</strong></span> <span class='ocrx_word' id='word_1_309' title='bbox 728 3771 862 3833; x_wconf 80' lang='lat' dir='ltr'><strong>Gabinium]</strong></span> <span class='ocrx_word' id='word_1_310' title='bbox 881 3773 1024 3819; x_wconf 82' lang='lat' dir='ltr'><strong>Scholiasta.</strong></span> <span class='ocrx_word' id='word_1_311' title='bbox 1037 3779 1193 3834; x_wconf 76' lang='lat' dir='ltr'><strong>purpuratum</strong></span> <span class='ocrx_word' id='word_1_312' title='bbox 1211 3789 1258 3820; x_wconf 86' lang='lat' dir='ltr'><strong>aaaa</strong></span> <span class='ocrx_word' id='word_1_313' title='bbox 1273 3777 1328 3819; x_wconf 78' lang='grc' dir='ltr'>Ιιιιιιι</span> <span class='ocrx_word' id='word_1_314' title='bbox 1340 3771 1364 3817; x_wconf 83' lang='lat' dir='ltr'><strong>G.</strong></span> <span class='ocrx_word' id='word_1_315' title='bbox 1415 3765 1416 3812; x_wconf 65' lang='grc' dir='ltr'>ἶ</span> 
     </span>
     <span class='ocr_line' id='line_1_35' title="bbox 206 3841 1416 3918; baseline 0.002 -19"><span class='ocrx_word' id='word_1_316' title='bbox 206 3854 259 3900; x_wconf 82' lang='lat' dir='ltr'><strong>Tit.</strong></span> <span class='ocrx_word' id='word_1_317' title='bbox 269 3853 328 3899; x_wconf 85' lang='lat' dir='ltr'><strong>Ero.</strong></span> <span class='ocrx_word' id='word_1_318' title='bbox 343 3856 403 3905; x_wconf 76' lang='lat' dir='ltr'><strong>buno</strong></span> <span class='ocrx_word' id='word_1_319' title='bbox 417 3868 487 3916; x_wconf 83' lang='lat' dir='ltr'><strong>purp.</strong></span> <span class='ocrx_word' id='word_1_320' title='bbox 506 3869 552 3908; x_wconf 82' lang='lat' dir='ltr'><strong>aare</strong></span> <span class='ocrx_word' id='word_1_321' title='bbox 569 3855 598 3901; x_wconf 87' lang='lat' dir='ltr'><strong>G.</strong></span> <span class='ocrx_word' id='word_1_322' title='bbox 613 3856 682 3902; x_wconf 87' lang='lat' dir='ltr'><strong>P.·-</strong></span> <span class='ocrx_word' id='word_1_323' title='bbox 688 3862 843 3914; x_wconf 83' lang='lat' dir='ltr'><strong>purpuratum</strong></span> <span class='ocrx_word' id='word_1_324' title='bbox 857 3860 916 3903; x_wconf 79' lang='lat' dir='ltr'><strong>branc</strong></span> <span class='ocrx_word' id='word_1_325' title='bbox 927 3858 956 3905; x_wconf 85' lang='lat' dir='ltr'><strong>G.</strong></span> <span class='ocrx_word' id='word_1_326' title='bbox 964 3858 1016 3904; x_wconf 76' lang='lat' dir='ltr'><strong>Eri.</strong></span> <span class='ocrx_word' id='word_1_327' title='bbox 1025 3858 1133 3918; x_wconf 77' lang='lat' dir='ltr'><strong>Madvig.</strong></span> <span class='ocrx_word' id='word_1_328' title='bbox 1149 3883 1181 3896; x_wconf 89' lang='lat'><strong>·-</strong></span> <span class='ocrx_word' id='word_1_329' title='bbox 1197 3858 1362 3906; x_wconf 67' lang='lat' dir='ltr'><strong>Vertatiuaaair</strong></span> <span class='ocrx_word' id='word_1_330' title='bbox 1415 3841 1416 3896; x_wconf 80' lang='lat' dir='ltr'><strong>l</strong></span> 
     </span>
     <span class='ocr_line' id='line_1_36' title="bbox 205 3938 1363 4002; baseline 0.006 -18"><span class='ocrx_word' id='word_1_331' title='bbox 205 3941 287 3998; x_wconf 81' lang='lat' dir='ltr'><strong>girum</strong></span> <span class='ocrx_word' id='word_1_332' title='bbox 304 3940 335 3992; x_wconf 75' lang='lat' dir='ltr'><strong>lt.</strong></span> <span class='ocrx_word' id='word_1_333' title='bbox 355 3938 416 3999; x_wconf 89' lang='lat' dir='ltr'><strong>(aon</strong></span> <span class='ocrx_word' id='word_1_334' title='bbox 436 3939 478 4000; x_wconf 86' lang='lat' dir='ltr'><strong>T.)</strong></span> <span class='ocrx_word' id='word_1_335' title='bbox 499 3965 533 3977; x_wconf 92' lang='lat'><em>-</em></span> <span class='ocrx_word' id='word_1_336' title='bbox 544 3938 673 4002; x_wconf 78' lang='lat' dir='ltr'><strong>praebebo]</strong></span> <span class='ocrx_word' id='word_1_337' title='bbox 697 3939 828 3994; x_wconf 82' lang='lat' dir='ltr'><strong>Arusianus</strong></span> <span class='ocrx_word' id='word_1_338' title='bbox 852 3958 876 4002; x_wconf 90' lang='lat' dir='ltr'><strong>p.</strong></span> <span class='ocrx_word' id='word_1_339' title='bbox 894 3943 952 3988; x_wconf 74' lang='lat' dir='ltr'><strong>att.</strong></span> <span class='ocrx_word' id='word_1_340' title='bbox 971 3944 998 3988; x_wconf 83' lang='lat'><strong>1..</strong></span> <span class='ocrx_word' id='word_1_341' title='bbox 1015 3941 1090 3988; x_wconf 84' lang='lat' dir='ltr'><strong>TRP.</strong></span> <span class='ocrx_word' id='word_1_342' title='bbox 1105 3944 1204 3999; x_wconf 71' lang='lat' dir='ltr'><strong>praebeo</strong></span> <span class='ocrx_word' id='word_1_343' title='bbox 1224 3944 1283 3991; x_wconf 85' lang='lat' dir='ltr'><strong>Em.</strong></span> <span class='ocrx_word' id='word_1_344' title='bbox 1298 3966 1328 3980; x_wconf 92' lang='lat'><strong>·-</strong></span> <span class='ocrx_word' id='word_1_345' title='bbox 1341 3941 1363 3985; x_wconf 66' lang='lat' dir='ltr'><strong>dt</strong></span> 
     </span>
     <span class='ocr_line' id='line_1_37' title="bbox 206 4021 1361 4088; baseline 0.004 -19"><span class='ocrx_word' id='word_1_346' title='bbox 206 4021 376 4088; x_wconf 70' lang='lat' dir='ltr'><strong>amnisquam]</strong></span> <span class='ocrx_word' id='word_1_347' title='bbox 399 4025 451 4076; x_wconf 81' lang='grc' dir='ltr'><strong>ΒΡ.</strong></span> <span class='ocrx_word' id='word_1_348' title='bbox 471 4025 522 4076; x_wconf 73' lang='lat' dir='ltr'><strong>uas.</strong></span> <span class='ocrx_word' id='word_1_349' title='bbox 545 4028 573 4072; x_wconf 84' lang='lat' dir='ltr'><strong>tle</strong></span> <span class='ocrx_word' id='word_1_350' title='bbox 592 4040 659 4072; x_wconf 84' lang='lat' dir='ltr'><strong>seruo</strong></span> <span class='ocrx_word' id='word_1_351' title='bbox 681 4040 749 4085; x_wconf 84' lang='lat' dir='ltr'><strong>quam</strong></span> <span class='ocrx_word' id='word_1_352' title='bbox 767 4025 845 4077; x_wconf 63' lang='lat' dir='ltr'><strong>CTdd.</strong></span> <span class='ocrx_word' id='word_1_353' title='bbox 867 4030 932 4086; x_wconf 86' lang='lat' dir='ltr'><strong>apud</strong></span> <span class='ocrx_word' id='word_1_354' title='bbox 950 4027 1091 4080; x_wconf 78' lang='lat' dir='ltr'><strong>Steinmetz.</strong></span> <span class='ocrx_word' id='word_1_355' title='bbox 1110 4028 1138 4072; x_wconf 88' lang='lat' dir='ltr'><strong>da</strong></span> <span class='ocrx_word' id='word_1_356' title='bbox 1159 4041 1226 4073; x_wconf 83' lang='lat' dir='ltr'><strong>aaron</strong></span> <span class='ocrx_word' id='word_1_357' title='bbox 1243 4043 1292 4074; x_wconf 80' lang='lat' dir='ltr'><strong>aton</strong></span> <span class='ocrx_word' id='word_1_358' title='bbox 1306 4036 1361 4086; x_wconf 65' lang='lat' dir='ltr'><strong>pm</strong></span> 
     </span>
    </p>

    <p class='ocr_par' dir='ltr' id='par_1_9' title="bbox 135 4108 1361 4421">
     <span class='ocr_line' id='line_1_38' title="bbox 135 4108 1361 4170; baseline 0.003 -16"><span class='ocrx_word' id='word_1_359' title='bbox 135 4149 140 4162; x_wconf 65' lang='lat'><em>„</em></span> <span class='ocrx_word' id='word_1_360' title='bbox 206 4108 310 4157; x_wconf 78' lang='lat' dir='ltr'><strong>Lactaut</strong></span> <span class='ocrx_word' id='word_1_361' title='bbox 340 4112 368 4156; x_wconf 86' lang='lat' dir='ltr'><strong>da</strong></span> <span class='ocrx_word' id='word_1_362' title='bbox 390 4113 462 4156; x_wconf 83' lang='lat' dir='ltr'><strong>saraia</strong></span> <span class='ocrx_word' id='word_1_363' title='bbox 483 4124 529 4155; x_wconf 86' lang='lat' dir='ltr'><strong>uon</strong></span> <span class='ocrx_word' id='word_1_364' title='bbox 548 4125 615 4168; x_wconf 81' lang='lat' dir='ltr'><strong>quam</strong></span> <span class='ocrx_word' id='word_1_365' title='bbox 640 4110 698 4158; x_wconf 86' lang='lat' dir='ltr'><strong>Em.</strong></span> <span class='ocrx_word' id='word_1_366' title='bbox 719 4111 858 4168; x_wconf 80' lang='lat' dir='ltr'><strong>suppliciam</strong></span> <span class='ocrx_word' id='word_1_367' title='bbox 875 4121 942 4170; x_wconf 84' lang='lat' dir='ltr'><strong>quam</strong></span> <span class='ocrx_word' id='word_1_368' title='bbox 965 4126 1013 4158; x_wconf 87' lang='lat' dir='ltr'><strong>om.</strong></span> <span class='ocrx_word' id='word_1_369' title='bbox 1032 4114 1060 4158; x_wconf 87' lang='lat' dir='ltr'><strong>da</strong></span> <span class='ocrx_word' id='word_1_370' title='bbox 1079 4115 1151 4157; x_wconf 75' lang='lat' dir='ltr'><strong>maia</strong></span> <span class='ocrx_word' id='word_1_371' title='bbox 1167 4112 1196 4158; x_wconf 93' lang='lat' dir='ltr'><strong>T.</strong></span> <span class='ocrx_word' id='word_1_372' title='bbox 1214 4139 1247 4152; x_wconf 88' lang='lat'><strong>·-</strong></span> <span class='ocrx_word' id='word_1_373' title='bbox 1268 4113 1361 4159; x_wconf 73' lang='lat' dir='ltr'><strong>rimant</strong></span> 
     </span>
     <span class='ocr_line' id='line_1_39' title="bbox 206 4194 1360 4256; baseline 0.003 -18"><span class='ocrx_word' id='word_1_374' title='bbox 206 4196 407 4239; x_wconf 70' lang='lat' dir='ltr'><strong>iubumanmsimua</strong></span> <span class='ocrx_word' id='word_1_375' title='bbox 429 4194 504 4240; x_wconf 86' lang='lat' dir='ltr'><strong>TliP.</strong></span> <span class='ocrx_word' id='word_1_376' title='bbox 524 4197 657 4240; x_wconf 80' lang='lat' dir='ltr'><strong>inlatamauua</strong></span> <span class='ocrx_word' id='word_1_377' title='bbox 678 4197 790 4241; x_wconf 80' lang='lat' dir='ltr'><strong>Lactaut.</strong></span> <span class='ocrx_word' id='word_1_378' title='bbox 808 4195 870 4241; x_wconf 87' lang='lat' dir='ltr'><strong>Edd.</strong></span> <span class='ocrx_word' id='word_1_379' title='bbox 886 4203 943 4242; x_wconf 81' lang='lat' dir='ltr'><strong>vett.</strong></span> <span class='ocrx_word' id='word_1_380' title='bbox 964 4222 996 4233; x_wconf 89' lang='lat'><em>-</em></span> <span class='ocrx_word' id='word_1_381' title='bbox 1021 4199 1061 4256; x_wconf 83' lang='lat' dir='ltr'><strong>qui</strong></span> <span class='ocrx_word' id='word_1_382' title='bbox 1084 4210 1129 4241; x_wconf 82' lang='lat' dir='ltr'><strong>nou</strong></span> <span class='ocrx_word' id='word_1_383' title='bbox 1146 4198 1252 4243; x_wconf 70' lang='lat' dir='ltr'><strong>dolorem</strong></span> <span class='ocrx_word' id='word_1_384' title='bbox 1274 4196 1360 4241; x_wconf 63' lang='lat' dir='ltr'><strong>tandm</strong></span> 
     </span>
     <span class='ocr_line' id='line_1_40' title="bbox 208 4278 1358 4339; baseline 0.005 -17"><span class='ocrx_word' id='word_1_385' title='bbox 208 4279 299 4330; x_wconf 75' lang='lat' dir='ltr'><strong>lenierit</strong></span> <span class='ocrx_word' id='word_1_386' title='bbox 315 4279 389 4325; x_wconf 81' lang='lat' dir='ltr'><strong>Tltl‘.</strong></span> <span class='ocrx_word' id='word_1_387' title='bbox 424 4279 515 4330; x_wconf 81' lang='lat' dir='ltr'><strong>Nostra</strong></span> <span class='ocrx_word' id='word_1_388' title='bbox 535 4278 608 4322; x_wconf 88' lang='lat' dir='ltr'><strong>lectio</strong></span> <span class='ocrx_word' id='word_1_389' title='bbox 626 4278 709 4324; x_wconf 88' lang='lat' dir='ltr'><strong>nititur</strong></span> <span class='ocrx_word' id='word_1_390' title='bbox 727 4279 874 4326; x_wconf 82' lang='lat' dir='ltr'><strong>auctoritate</strong></span> <span class='ocrx_word' id='word_1_391' title='bbox 891 4279 952 4327; x_wconf 88' lang='lat' dir='ltr'><strong>Cod.</strong></span> <span class='ocrx_word' id='word_1_392' title='bbox 969 4280 993 4325; x_wconf 90' lang='lat' dir='ltr'><strong>iu</strong></span> <span class='ocrx_word' id='word_1_393' title='bbox 1012 4295 1088 4339; x_wconf 75' lang='lat' dir='ltr'><strong>marg.</strong></span> <span class='ocrx_word' id='word_1_394' title='bbox 1104 4280 1188 4326; x_wconf 71' lang='lat' dir='ltr'><strong>bamb.</strong></span> <span class='ocrx_word' id='word_1_395' title='bbox 1207 4289 1232 4328; x_wconf 90' lang='lat' dir='ltr'><strong>et</strong></span> <span class='ocrx_word' id='word_1_396' title='bbox 1245 4280 1323 4327; x_wconf 73' lang='lat' dir='ltr'><strong>Satiat-</strong></span> <span class='ocrx_word' id='word_1_397' title='bbox 1334 4298 1358 4312; x_wconf 91' lang='lat'><strong>··</strong></span> 
     </span>
     <span class='ocr_line' id='line_1_41' title="bbox 206 4360 1263 4421; baseline 0.006 -16"><span class='ocrx_word' id='word_1_398' title='bbox 206 4364 228 4406; x_wconf 75' lang='grc' dir='ltr'><strong>ιι</strong></span> <span class='ocrx_word' id='word_1_399' title='bbox 247 4360 421 4420; x_wconf 74' lang='lat' dir='ltr'><strong>uabamautaas.</strong></span> <span class='ocrx_word' id='word_1_400' title='bbox 439 4361 650 4412; x_wconf 79' lang='lat' dir='ltr'><strong>misericordiaaimi</strong></span> <span class='ocrx_word' id='word_1_401' title='bbox 669 4360 698 4406; x_wconf 89' lang='grc' dir='ltr'><strong>Ρ.</strong></span> <span class='ocrx_word' id='word_1_402' title='bbox 710 4384 743 4405; x_wconf 69' lang='grc' dir='ltr'><strong>-ι</strong></span> <span class='ocrx_word' id='word_1_403' title='bbox 756 4364 780 4406; x_wconf 86' lang='lat' dir='ltr'><strong>in</strong></span> <span class='ocrx_word' id='word_1_404' title='bbox 798 4366 888 4418; x_wconf 75' lang='lat' dir='ltr'><strong>patriae</strong></span> <span class='ocrx_word' id='word_1_405' title='bbox 912 4374 932 4410; x_wconf 71' lang='lat' dir='ltr'><strong>c.</strong></span> <span class='ocrx_word' id='word_1_406' title='bbox 950 4366 1054 4421; x_wconf 65' lang='lat' dir='ltr'><strong>poetata</strong></span> <span class='ocrx_word' id='word_1_407' title='bbox 1074 4366 1217 4411; x_wconf 79' lang='lat' dir='ltr'><strong>crudelitatis</strong></span> <span class='ocrx_word' id='word_1_408' title='bbox 1234 4366 1263 4411; x_wconf 84' lang='grc' dir='ltr'><strong>Ρ.</strong></span> 
     </span>
    </p>
   </div>
   <div class='ocr_carea' id='block_1_6' title="bbox 0 0 1431 4756">
    <p class='ocr_par' dir='ltr' id='par_1_10' title="bbox 0 0 1431 4756">
     <span class='ocr_line' id='line_1_42' title="bbox 0 0 1431 4756; baseline 0 0"><span class='ocrx_word' id='word_1_409' title='bbox 0 0 1431 4756; x_wconf 95' lang='lat' dir='ltr'><strong> </strong></span> 
     </span>
    </p>
   </div>
  </div>
 </body>
</html>
