2850 4759
252 286 311 355 3⁴4
356 279 592 353 CICERONIS
607 280 776 353 osello
792 281 878 353 PRO
892 284 933 355 R.
949 283 1197 374 DEIOTARO,
1217 306 1249 354 o.
1260 288 1304 352 li.

253 447 341 518 solet
366 447 440 532 ipsa
465 443 671 539 supplicibus
699 457 734 515 et
761 438 984 527 calamitosis,
1014 443 1139 515 nullius
1167 449 1380 518 orationeero·

252 566 338 623 cata.
380 540 536 636 Propone
564 551 622 620 tibi
651 549 738 620 duos
764 570 882 633 reges,
916 562 951 619 et
976 548 1011 617 id
1039 552 1152 621 animo
1174 551 1378 637 contemplare,

254 656 344 742 quod
365 654 471 726 oculis
492 677 561 727 non
581 666 691 739 potes.
732 654 836 724 Dabis
857 653 1012 739 prolecto
1034 655 1300 735 misericordiae,
1317 659 1378 740 quod

252 759 446 830 iracundiae
465 758 693 841 denegavisti.
745 755 858 827 Multa
883 768 964 827 sunt
984 770 1061 826 tuae
1079 757 1274 827 clementiae
1292 783 1378 831 mour·

252 877 385 947 menta,
419 861 481 934 aed
508 862 655 932 maxime
681 882 801 932 eorum
828 861 1096 944 incolumitates,
1127 864 1248 949 quibus
1272 862 1377 932 salutcn

253 967 386 1037 dedisti.
440 966 537 1059 Quae
564 968 593 1035 si
626 967 660 1034 in
685 965 827 1050 privatis
855 963 1004 1046 gloriosa
1036 978 1135 1047 suut,
1175 966 1282 1036 multo
1304 967 1390 1048 magt

253 1071 614 1143 cornmemorabuntur
640 1066 675 1138 in
700 1069 849 1151 regibus.
906 1069 1045 1152 Semper
1071 1071 1206 1152 regium
1233 1092 1340 1141 nornen
1357 1072 1377 1134 io

252 1174 317 1247 hac
335 1174 479 1245 'civitate
505 1185 660 1244 sanctum
686 1172 770 1255 fuit,
797 1170 970 1243 sociorum
997 1193 1078 1241 vero
1099 1194 1220 1256 regum
1240 1186 1272 1242 et
1289 1173 1376 1242 amico·

253 1301 330 1349 rum
350 1270 614 1349 sanctissimum.

193 1392 233 1457 tt
330 1380 407 1451 XV.
450 1378 553 1473 Quod
578 1398 703 1451 nomen
729 1378 764 1448 hi
791 1398 958 1463 regesne
984 1381 1199 1464 amitterent,
1230 1393 1263 1450 te
1287 1381 1375 1449 vietur

254 1486 456 1564 timuerunt3
478 1495 647 1579 retentum
670 1504 751 1553 vcro
774 1495 808 1552 ct
822 1505 841 1552 a
857 1494 889 1552 te
904 1484 1141 1553 confirmatum
1155 1485 1374 1569 posterisctiau

251 1589 323 1660 suis
346 1585 530 1656 tradituros
552 1607 626 1660 esse
646 1586 791 1657 conlido.
830 1587 984 1670 Corpora
1004 1607 1066 1657 sua
1084 1611 1150 1672 pro
1169 1588 1278 1659 salute
1294 1608 1373 1669 regnu

252 1713 393 1762 suorum
422 1689 456 1760 hi
484 1689 584 1774 legati
613 1691 670 1760 tibi
691 1692 776 1775 regii
799 1690 951 1791 tradunt,
982 1691 1101 1763 Hieras
1123 1704 1158 1761 et
1177 1692 1374 1762 Blesamiusct

251 1796 463 1882 Antigonus,
498 1794 555 1863 tibi
581 1794 746 1878 nobisque
767 1794 923 1880 omnibus
943 1794 1009 1865 iarn
1031 1793 1088 1863 diu
1108 1796 1202 1885 noti,
1236 1796 1373 1876 eademque

252 1899 320 1967 fide
354 1911 388 1968 et
415 1900 541 1967 virtute
568 1897 743 1984 praeditus
769 1894 959 1985 Dorylaus,
992 1900 1048 1984 qui
1075 1920 1186 1984 nuper
1214 1896 1373 1968 comidior

163 2044 166 2059 ι
252 1999 385 2086 legatus
407 2014 459 2073 est
486 2002 528 2072 ad
550 2015 584 2071 te
604 2003 748 2081 missus,
779 2023 858 2070 cunr
877 2025 998 2083 regum
1018 2005 1235 2085 amicissimi,
1266 2016 1324 2070 ton
1339 1996 1372 2065 tili

193 2115 232 2182 12
253 2107 374 2184 etiam,
405 2118 444 2176 ut
469 2126 587 2192 spero,
616 2105 764 2191 probati.
805 2103 956 2189 Exquire
977 2105 1019 2174 de
1037 2104 1228 2189 Blesamio,
1256 2097 1372 2186 nunquid

252 2209 295 2280 ad
315 2226 432 2293 regern
454 2221 572 2279 contra
593 2208 790 2291 dignitatem
816 2218 908 2276 tuam
930 2210 1113 2294 scripserit.
1150 2211 1269 2280 Hieras
1282 2204 1372 2293 quiden

252 2335 390 2397 causam
412 2321 548 2384 omnem
561 2314 711 2397 suscipit
738 2326 772 2382 et
794 2312 990 2385 criminibus
1010 2312 1076 2384 illis
1096 2336 1158 2399 pro
1180 2305 1261 2397 rege
1276 2333 1306 2382 sc
1322 2329 1371 2390 sup

250 2420 349 2505 ponit
367 2438 484 2497 reuma
504 2417 703 2486 memoriam
726 2428 817 2487 tuam
831 2415 1008 2500 implorat,
1028 2437 1095 2503 qua
1108 2417 1203 2488 vales
1217 2415 1373 2503 plurimum

189 2582 192 2589 .
251 2534 355 2605 nogat
382 2540 530 2613 unquam
556 2543 594 2591 se
623 2543 642 2590 a
670 2532 703 2588 te
723 2520 758 2589 in
777 2519 927 2590 Deiotari
949 2518 1130 2589 tetrarchia
1150 2522 1271 2605 pedem
1287 2518 1389 2586 disces

252 2625 359 2705 sisse,
389 2625 425 2693 in
453 2622 569 2708 primis
597 2621 717 2693 finibus
748 2623 805 2693 tibi
832 2644 870 2692 se
897 2634 1034 2707 praesto
1054 2621 1161 2694 fuisse
1182 2623 1277 2703 dicit,
1301 2635 1372 2701 usque

252 2718 296 2796 ad
322 2725 460 2797 ultimos
486 2737 726 2811 prosecutum
759 2749 836 2797 cunr
865 2748 884 2795 e
911 2725 1031 2795 balneo
1060 2729 1213 2810 exisses,
1243 2738 1388 2796 tecunst

251 2830 375 2918 fuisse,
399 2853 475 2907 cum
498 2828 554 2898 illa
575 2846 716 2899 munera
736 2831 940 2915 inspexisses
961 2842 1143 2915 coenatus,
1172 2854 1250 2902 cum
1268 2833 1297 2898 in
1312 2820 1388 2897 culi}

252 2934 330 3005 culo
352 2934 586 3013 secubuissess
608 2931 817 3017 eandemque
837 2934 1067 3011 assiduitatem
1090 2936 1147 3004 tibi
1166 2958 1206 3006 se
1225 2931 1370 3021 praebuisse

191 3051 231 3116 43
252 3038 426 3126 postridie
469 3038 700 3110 Ouarnobrern
730 3039 758 3107 si
785 3039 862 3122 quid
892 3061 1030 3119 eorum,
1062 3060 1148 3124 quae
1176 3040 1368 3109 obiectasuot

251 3145 440 3237 cogitatum
467 3144 528 3221 sit,
563 3165 632 3210 non
655 3153 809 3237 recusat,
844 3142 922 3225 quin
944 3141 976 3208 id
997 3164 1097 3211 suum
1120 3143 1252 3212 facinus
1272 3138 1367 3208 iudices

253 3248 443 3341 Quocirca,
464 3249 501 3315 C
527 3246 670 3334 Caesar,
691 3244 792 3312 velim
816 3244 1006 3324 existimes,
1026 3243 1189 3315 hodierno
1213 3248 1262 3314 die
1278 3251 1366 3313 senten

253 3353 332 3419 tium
360 3365 451 3419 tuam
484 3361 542 3418 aut
564 3371 642 3418 cum
671 3372 807 3420 summo
834 3345 1001 3416 dedecore
1032 3350 1254 3420 miserrimam
1279 3354 1386 3441 pestem

250 3454 510 3537 importaturam
546 3473 620 3522 csse
651 3452 809 3536 regibus,
851 3463 910 3520 aut
939 3451 1144 3523 incolumem
1174 3456 1291 3523 famam
1317 3464 1363 3513 stt*

251 3556 377 3626 salute:
400 3580 544 3643 quorum
566 3554 712 3623 alterum
735 3566 850 3638 optare
872 3551 1008 3624 illorum
1023 3556 1231 3645 crudelitatis
1244 3566 1301 3639 est,
1316 3545 1365 3616 tlt

251 3682 328 3729 rum
351 3679 555 3732 conservare
575 3656 772 3726 clementiae
795 3669 881 3728 tuae.

317 3850 389 3914 §40
414 3851 475 3898 solet
496 3848 559 3909 ipro]
584 3849 616 3899 cl
636 3849 687 3906 ipro
703 3850 763 3896 sold
779 3848 802 3896 lt.
819 3849 849 3896 E.
865 3871 901 3887 -
913 3847 1022 3910 projecto
1039 3851 1071 3898 id·
1087 3866 1110 3898 e.
1127 3849 1188 3912 (nou
1205 3850 1248 3913 llo.)
1261 3842 1362 3894 -Μ

252 3935 322 3999 nisti]
340 3939 371 3984 el.
389 3936 509 3995 denegasti
525 3933 549 3980 lo.
566 3935 681 3993 amovisti
697 3933 728 3981 Ε.
738 3958 773 3972 -
783 3940 927 3982 monumento
944 3936 1073 3982 clementior
1090 3940 1141 3981 tuus
1158 3952 1180 3987 e.
1190 3960 1224 3977 ·-
1235 3927 1361 3981 neotum
1352 3917 1361 3959 Ι

250 4023 415 4071 incolumitatis
433 4017 531 4081 (nie)e.

319 4104 331 4167 5
348 4105 420 4151 41
407 4115 509 4159 corporo
525 4097 578 4160 ruo]
596 4100 627 4145 el·
645 4113 746 4158 corporo
763 4115 817 4147 cero
833 4103 915 4151 autb.
931 4104 962 4152 tt.
974 4119 1072 4152 -rrrm
1087 4104 1178 4167 regam]
1194 4104 1230 4154 eb.
1244 4108 1311 4150 tw·
1322 4081 1360 4140 ΙΝ,

318 4188 392 4250 Mil.
411 4200 449 4232 osa
438 4184 489 4230 sidu
491 4186 523 4229 rto
525 4186 570 4228 tem
587 4182 652 4234 seb.
671 4185 745 4245 prob.
765 4185 873 4247 Madvig

318 4270 330 4334 l
348 4270 390 4322 43.
409 4282 474 4316 soum
484 4266 591 4329 soranus]
608 4266 740 4327 e.socinas
757 4281 821 4313 auum
838 4269 871 4321 lb.
889 4270 921 4326 Ε,

644 4412 1026 4443 ’ψ’-*ᾳ-
