2850 4759
146 235 150 239 ’
213 265 256 335 se
296 224 300 239 '
683 214 965 335 memoras

214 423 300 507 tium
326 423 503 492 Caecinae.
556 423 648 515 Quid
678 444 741 505 epo
769 422 906 493 dehoc
933 433 1020 492 teste
1048 410 1278 512 dicam‚'nisi
1304 423 1375 511 hoc,

212 537 488 607 recuperatores,
519 536 558 591 ut
578 546 621 593 ne
640 523 770 595 idcirco
792 526 905 593 minus
927 526 959 592 ei
978 525 1143 604 credatis,
1172 527 1264 609 quod
1285 527 1375 595 homo

213 627 324 693 minus
346 626 488 694 idoneus
508 624 668 705 habetur,
689 626 750 696 sed
770 626 847 694 ideo
870 625 1035 713 credatis,
1057 626 1148 710 quod
1162 648 1207 695 en
1219 627 1279 695 illa
1294 641 1376 712 parte

153 723 365 804 titedius,
397 727 488 811 quod
508 725 555 793 illi
576 747 701 795 causae
728 729 878 795 maxime
899 739 951 796 est
971 726 1147 797 alienum?
1187 731 1234 793 Α.
1256 734 1374 797 Teren·

212 829 299 908 tius,
334 827 420 905 alter
449 830 563 908 testis,
597 851 667 898 non
688 827 792 909 modo
812 829 1015 908 Aebutium,
1047 827 1107 898 sed
1129 830 1232 896 etiam
1253 851 1293 897 se
1312 852 1374 913 pes·

209 930 291 999 simi
318 929 479 999 facinoris
518 931 644 1010 arguit.
705 929 745 1004 ln
775 930 959 997 Aebutium
991 928 1060 997 hoc
1089 928 1195 1006 dicit,
1235 943 1373 1007 armatos

209 1028 365 1098 homines
387 1031 509 1098 fuisse:
536 1032 629 1097 dese
644 1042 758 1096 antem
774 1029 1041 1112 bocpraedicat,
1063 1030 1235 1117 Antiocho
1251 1033 1374 1099 Aebutii

209 1149 311 1199 servo
331 1131 533 1214 imperasse,
560 1141 600 1195 ut
619 1133 653 1197 in
675 1132 853 1207 Caecinam
876 1130 1110 1199 advenientem
1131 1133 1226 1200 ferro
1246 1133 1374 1199 invade·

208 1244 273 1298 ret.
318 1230 410 1321 Quid
440 1230 560 1313 loquar
590 1232 736 1314 amplius
758 1230 809 1298 'de
829 1232 897 1311 boc
926 1231 1093 1299 nominet
1122 1232 1157 1301 in
1188 1254 1296 1316 quem⁴
1322 1255 1372 1314 ego

208 1330 280 1401 hcc
296 1332 410 1401 dicere
432 1353 509 1398 cum
532 1353 674 1414 rogarer
695 1354 714 1398 a
737 1327 901 1417 Caecina,
922 1353 1107 1414 numquam
1129 1333 1243 1414 volui,
1270 1356 1316 1400 ne
1333 1357 1374 1402 ar·

207 1454 313 1513 gnere
333 1431 428 1500 illum
442 1434 499 1503 rei
521 1432 673 1514 capitalis
694 1432 850 1512 viderer,
888 1432 930 1501 de
952 1454 992 1501 eo
1014 1433 1132 1501 dubito
1154 1456 1267 1511 nunc,
1303 1458 1373 1518 quo·

207 1532 311 1601 modo
340 1548 399 1601 aut
425 1533 546 1616 loquar
572 1546 631 1600 aut
659 1545 806 1618 taceam,
843 1554 923 1600 cum
951 1535 1023 1616 ipse
1043 1533 1110 1601 boc
1131 1534 1174 1601 de
1194 1537 1373 1603 seiuratus

144 1641 186 1709 26
206 1635 390 1716 praedicet.
453 1634 582 1701 Deinde
612 1636 649 1701 L.
682 1633 816 1701 Caelius
846 1655 915 1700 non
945 1634 1057 1701 solum
1088 1636 1274 1703 Aebutium
1307 1659 1374 1704 cum

206 1732 455 1811 armatisldixit
475 1734 581 1801 fuisse
604 1732 856 1820 compluribus,
890 1755 1011 1800 verum
1038 1737 1140 1803 etiam
1168 1757 1249 1802 cum
1279 1737 1373 1804 advo·

207 1837 292 1899 catis
313 1834 492 1914 perpaucis
514 1854 554 1899 eo
576 1835 710 1900 venisse
733 1835 925 1901 Caecinam.
975 1837 1026 1901 De
1045 1835 1113 1905 hoc
1134 1856 1197 1919 ego
1218 1849 1308 1906 teste
1328 1838 1375 1904 de·

208 1931 359 2007 traham,
391 1934 446 1999 cui
466 1953 571 2016 aeque
593 1954 632 2002 ac
653 1955 730 2004 meo
754 1937 831 2007 testi
851 1947 890 2001 ut
909 1936 1056 2004 credatis
1077 1937 1247 2021 postulor

287 2033 331 2100 X.
374 2033 412 2099 P.
438 2034 625 2117 Memmius
652 2049 789 2104 secutus
822 2046 893 2112 est,
934 2038 990 2117 qui
1017 2060 1213 2105 suum-uon
1239 2061 1374 2122 parvum

206 2131 408 2199 beneficium
431 2137 714 2201 commemoravit
739 2136 775 2201 in
796 2137 924 2202 amicos
947 2138 1129 2216 Caecinae,
1161 2141 1277 2221 quibus
1303 2161 1375 2208 sese

206 2233 296 2299 riam
316 2253 377 2321 per
397 2234 513 2301 fratris
534 2236 585 2300 sui
605 2235 749 2302 fundum
772 2233 905 2302 dedisse
921 2235 1029 2312 dixit,
1052 2241 1374 2323 quaeffugerepos·

206 2345 310 2411 sent,
337 2356 416 2404 cum
445 2327 560 2402 essent
586 2357 705 2405 omnes
734 2347 828 2402 metu
853 2337 1047 2420 perterriti.
1081 2339 1182 2406 -Huic
1212 2363 1276 2423 ego
1306 2340 1374 2408 testi

59 2506 63 2513 ,
206 2435 333 2515 gratias
361 2455 480 2516 agam,
510 2436 600 2517 quod
629 2448 663 2502 et
687 2439 722 2502 in
743 2457 780 2501 re
800 2435 1059 2504 misericordem
1081 2458 1118 2506 se
1138 2441 1328 2521 praebuerit
1345 2451 1374 2504 et
1412 2458 1416 2461 ⁷

145 2541 186 2605 st
206 2535 241 2601 in
264 2536 459 2601 testimonio
481 2535 688 2614 religiosum.
726 2538 771 2603 A.
796 2534 920 2603 Atilius
942 2539 1069 2604 eteius
1090 2538 1179 2609 filius
1201 2541 1237 2606 L.
1258 2539 1372 2607 Atilius

207 2644 243 2705 ct
262 2647 414 2707 armatos
436 2635 481 2701 ibi
501 2635 608 2703 fuisse
629 2647 722 2704 etse
742 2655 825 2703 suos
840 2649 991 2704 armatos
1006 2637 1189 2708 adduxisse
1204 2641 1373 2708 dixerunts

207 2734 310 2801 etiam
338 2733 406 2801 hoc
434 2734 599 2818 amplius,
635 2757 713 2805 cum
739 2737 907 2804 Aebutius
934 2740 1099 2806 Caecinae
1126 2739 1255 2807 malum
1277 2742 1373 2807 mina
1417 2788 1418 2817 ,

206 2846 323 2913 retur,
356 2836 401 2903 ibi
430 2848 500 2903 tum
528 2838 707 2907 Caecinam
735 2835 947 2918 postulasse,
981 2852 1021 2906 ut
1048 2841 1199 2908 moribus
1222 2834 1372 2909 deductio

206 2936 314 3003 lieret.
351 2936 428 3003 Hoc
448 2936 537 3004 idem
559 2939 599 3005 P.
621 2937 767 3006 Rutilius
789 2938 893 3015 dixit,
922 2951 956 3005 et
977 2960 1020 3007 eo.
1038 2939 1196 3008 libentius
1217 2940 1321 3018 dixit,
1341 2951 1373 3007 ut

204 3037 319 3121 aliquo
345 3039 379 3105 in
404 3038 529 3107 iudicio
559 3041 631 3107 eius
660 3039 856 3119 testimonio
883 3039 1050 3106 creditum
1071 3054 1263 3124 putaretur.
1302 3042 1371 3108 Duo
1417 3024 1418 3115 l

204 3151 383 3222 praeterea
405 3152 508 3208 testes
529 3140 612 3207 nihil
633 3140 674 3208 de
694 3142 747 3218 vi,
779 3139 840 3207 sed
861 3138 902 3206 de
928 3161 965 3206 re
988 3143 1063 3223 ipsa
1082 3155 1185 3225 atque
1210 3143 1373 3226 emptione
1416 3190 1418 3194 2

205 3239 304 3319 futrdi
325 3240 501 3306 dixerunt:
523 3241 560 3306 P.
583 3241 790 3308 Caesennius
812 3234 1067 3320 auctorfundi,
1087 3265 1157 3310 non
1179 3252 1374 3329 tamaucto·
1417 3326 1418 3333 ἵ

205 3340 307 3408 ritate
327 3341 422 3420 gravi
445 3359 546 3422 quam
567 3352 790 3427 corpore‚.et
810 3341 1022 3425 argentarius
1044 3341 1123 3409 Sex.
1147 3341 1302 3422 Clodius,
1324 3341 1373 3408 cui
1417 3356 1418 3405 3

205 3460 332 3507 nomen
354 3452 406 3506 est
426 3439 609 3517 Phormio,
640 3461 705 3507 nec
731 3443 844 3507 minus
865 3441 962 3520 niger
989 3462 1054 3507 nec
1074 3446 1185 3510 minus
1207 3442 1373 3511 conlidens

206 3561 309 3622 quam
335 3538 393 3606 ille
418 3541 642 3608 Terentianus
671 3552 724 3606 est
752 3538 935 3624 Phormio,
964 3540 1045 3609 nibil
1072 3542 1114 3609 de
1139 3544 1173 3609 vi
1202 3543 1372 3618 dixerunt,
1417 3540 1418 3591 ἶ

274 3886 286 3949 5
306 3887 347 3935 25.
365 3900 388 3934 se
401 3886 498 3947 pessimi
507 3883 639 3950 jecinoris]
658 3884 815 3935 Gamloniue.
832 3888 963 3944 turpissimi
973 3887 1094 3946 jecinoris
1110 3888 1189 3943 arguit
1204 3885 1256 3931 Eri.
1267 3897 1290 3928 se
1301 3885 1373 3941 ipsene

205 3973 286 4029 arguit
302 3966 333 4017 O.
352 3996 381 4008 -
400 3973 428 4017 rie
445 3970 499 4032 loc]
517 3970 570 4017 Erf.
587 3973 637 4021 lsoc⁴
649 3973 676 4016 de
693 3973 725 4017 0.
742 3996 776 4009 -·
793 3986 837 4031 ego
854 3973 898 4015 lior
914 3968 1002 4029 elicere]
1021 3969 1135 4033 Erfaego
1152 3970 1229 4013 dicere
1245 3967 1276 4011 0.

273 4076 343 4137 526.
360 4093 430 4137 oeque
447 4079 485 4137 ec]
503 4078 555 4123 Eri.
574 4092 643 4136 aeque
660 4082 727 4136 atque
745 4079 776 4124 Ο.
800 4101 831 4115 -
855 4090 933 4122 omnes
956 4073 1027 4135 mele]
1050 4075 1102 4121 Erf.
1126 4079 1185 4118 metu
1203 4086 1277 4119 omnes
1294 4070 1325 4116 0.
1342 4095 1373 4109 -ι

202 4157 353 4223 praebuerit]
377 4160 429 4205 Erl'.
445 4160 552 4216 praebuit
570 4159 600 4203 0.
1417 4154 1418 4165 ²

273 4264 285 4326 ἓ
305 4266 346 4311 27.
364 4278 387 4310 se
404 4279 482 4311 seruos
499 4268 601 4313 armatos
619 4262 749 4309 Graevius.
