2850 4759
156 229 254 327 'm
400 260 407 308 ·.
478 308 482 317 .
552 263 556 271 ¹
670 254 956 327 orcsuoms.

194 421 286 488 rium
302 418 530 487 teneremusi
550 418 604 486 An
631 418 689 486 tihi
710 428 782 485 tum
800 417 983 500 imperium
1005 436 1082 485 esse
1102 417 1171 485 hoo
1186 416 1381 504 videbatur,

195 540 275 588 oum
299 518 416 603 populi
440 521 584 588 Romani
614 520 736 601 legati,
769 532 968 602 quaestores
995 532 1241 602 praetoresque
1272 522 1381 602 capie-
1422 586 1423 589 ,

195 621 346 693 herstart
377 642 456 688 curn
487 642 533 688 ex
559 623 718 689 omnibus
749 623 935 704 prouinciis
964 632 1161 687 commeatu
1184 633 1220 687 et
1239 624 1375 703 privato

195 736 232 791 et
249 722 386 806 publico
408 721 699 805 prohibebamur?
722 743 800 789 eum
822 725 868 789 ita
889 722 1007 789 clausa
1030 722 1127 789 nobis
1150 735 1250 789 erant
1271 724 1379 790 maria

197 827 331 902 omnia,
366 835 404 890 ut
427 843 536 905 neque
560 826 727 905 priratam
750 844 823 891 rem
850 825 1111 892 transmarinam
1132 843 1243 906 neque
1269 823 1379 906 publi·

196 946 273 994 eam
292 928 358 994 iam
377 925 471 992 obire
492 924 704 1006 possemus?
776 929 781 935 '

138 1056 177 1119 54
276 1026 406 1094 xvlll.
449 1026 547 1115 Quae
568 1027 687 1093 ciuitas
704 1038 803 1094 autea
821 1048 970 1110 unquam
988 1027 1072 1104 fuit,
1092 1049 1163 1094 non
1181 1025 1259 1094 dico
1275 1029 1381 1095 Athe·

195 1128 382 1212 niensium,
418 1148 504 1208 quae
535 1128 619 1194 satis
649 1126 717 1193 late
748 1128 921 1212 quondam
943 1150 1037 1196 mare
1065 1131 1214 1199 tenuisse
1238 1129 1380 1209 dieiturr

196 1227 648 1317 non-Karthaginiensium,
671 1230 728 1309 qui
755 1230 964 1313 permultum
996 1229 1105 1303 classe
1132 1251 1174 1297 ae
1201 1231 1379 1303 maritimis

197 1331 300 1397 rebus
317 1328 518 1409 valuerunt3
539 1351 607 1396 non
627 1329 860 1417 Rhodiorum,
883 1353 1028 1413 quorum
1046 1352 1152 1413 usque
1167 1331 1211 1398 ad
1224 1348 1380 1401 nostram

198 1433 403 1499 memoriam
430 1430 605 1513 disciplina
630 1432 759 1499 navalis
788 1444 823 1498 ct
843 1432 954 1512 gloria
977 1435 1155 1499 remansit:
1187 1454 1274 1515 quae
1297 1435 1382 1500 civi·

200 1544 252 1599 tas
274 1554 421 1614 unquam
448 1545 515 1600 tarn
542 1535 779 1616 tonuis,·quae
808 1545 878 1600 tam
901 1554 1011 1615 parva
1040 1532 1151 1601 insula
1178 1535 1261 1610 suit,
1295 1554 1381 1617 quae
1422 1584 1423 1595 ,

198 1655 266 1701 nun
289 1645 409 1716 portus
433 1656 517 1709 suos
540 1647 574 1701 et
598 1655 699 1715 agros
722 1646 757 1700 et
779 1633 927 1715 aliquam
951 1647 1082 1717 partem
1108 1636 1258 1715 regionis
1279 1648 1382 1717 atque

201 1755 283 1803 orae
308 1736 497 1802 maritimae
518 1756 579 1817 per
600 1756 638 1803 se
659 1738 732 1818 ipsa
756 1733 983 1801 defenderet?
1023 1738 1071 1802 At
1092 1735 1231 1802 hercule
1253 1736 1383 1819 aliquot

201 1855 310 1903 arrnos
338 1838 520 1906 continuos
546 1848 625 1903 ante
650 1837 761 1916 legem
789 1836 966 1905 Gabiniam
998 1835 1054 1903 ille
1082 1836 1229 1919 populus
1255 1839 1384 1911 Roma·

200 1957 285 2013 nus,
318 1936 414 2003 cuius
441 1939 617 2020 usquead
646 1951 800 2005 nostram
834 1939 1034 2007 memoriam
1061 1960 1188 2005 nomen
1216 1940 1382 2010 invictum

201 2040 237 2105 in
263 2036 439 2106 navalibus
464 2041 587 2121 pugnis
610 2052 863 2123 permanserat,
893 2060 1019 2121 magna
1040 2060 1080 2105 ao
1099 2039 1209 2109 multo
1231 2043 1384 2107 maxima
1421 2114 1423 2121 ,

202 2152 300 2222 parte
314 2163 386 2207 uon
403 2140 511 2208 modo
532 2141 705 2213 utilitatis,
728 2141 789 2207 sed
804 2139 976 2220 dignitatis
994 2151 1094 2222 atque
1112 2141 1246 2222 imperii
1261 2142 1384 2208 caruit.
1421 2215 1423 2221 Α

140 2258 181 2321 55
202 2242 293 2320 Nos,
326 2264 473 2325 quorum
505 2244 653 2311 maiores
680 2242 889 2309 Antiochum
917 2262 1033 2322 regem
1060 2241 1170 2308 classe
1189 2244 1385 2324 Persenque

202 2355 427 2426 superarunt,
461 2344 686 2426 omnibusque
713 2342 890 2413 navalibus
917 2344 1038 2424 pugnis
1063 2342 1384 2423 Karthaginienses,

202 2442 358 2512 homines
378 2446 414 2510 in
437 2445 615 2513 maritimis
632 2446 733 2512 robus
748 2445 1056 2517 exercitatissimos
1067 2446 1384 2527 paratissimosque,

205 2534 377 2621 uicerunt,
399 2545 423 2609 ii
449 2543 544 2611 nullo
567 2547 600 2612 in
622 2545 700 2614 ioco
723 2546 792 2614 iam
817 2544 1045 2628 praedonibus
1062 2567 1169 2628 pares
1191 2567 1266 2614 esse
1285 2558 1386 2628 pote-

202 2663 332 2714 ramus.
372 2644 464 2724 Nos,
496 2648 552 2729 qui
586 2660 686 2715 antea
713 2671 783 2715 non
812 2647 915 2715 modo
939 2645 1071 2714 ltaliam
1100 2659 1209 2714 tutam
1239 2645 1401 2737 hahebag

204 2765 300 2824 mus,
332 2745 393 2812 sed
423 2769 540 2815 omnes
572 2751 686 2818 socios
722 2751 755 2815 in
789 2750 917 2816 ultimis
946 2750 1015 2816 oris
1042 2750 1247 2815 auctoritate
1274 2750 1388 2816 nostri

204 2846 337 2930 imperii
359 2846 471 2917 salvos
495 2863 669 2930 praestare
693 2860 912 2931 poteramus,
935 2861 1022 2926 tum,
1051 2871 1130 2918 oum
1153 2849 1264 2918 insula
1280 2849 1389 2918 Delos

206 2961 273 3016 taur
296 2948 416 3031 procul
433 2972 459 3026 a
480 2950 577 3018 rrobis
598 2952 633 3018 iu
658 2956 798 3030 Aegaeo
824 2952 912 3018 mari
936 2953 1068 3033 posita,
1091 2975 1158 3035 quo
1182 2972 1391 3020 omnesun·

203 3070 398 3091 -μι--ι-

271 3154 283 3216 5
295 3154 336 3201 54.
345 3170 374 3201 oe
382 3152 517 3215 maritimis]
529 3154 560 3200 Il.
569 3153 738 3210 maritimisque
746 3150 805 3196 Em.
816 3174 850 3188 -
861 3163 960 3209 usquam
973 3150 1035 3212 tam]
1044 3152 1145 3199 Monac,
1157 3140 1274 3198 d.'Hasu.
1285 3165 1390 3211 usquam

203 3241 270 3282 autea
288 3241 335 3282 tom
348 3238 377 3284 E.
387 3238 445 3283 Ern.
481 3238 567 3282 Ortum
580 3243 616 3283 est
630 3242 696 3282 orrteo
709 3248 742 3280 ex
754 3248 817 3293 gem.
835 3233 882 3278 litt.
900 3248 938 3279 om
955 3239 1010 3280 tam.
1021 3260 1052 3272 -
1062 3231 1164 3297 hercule]
1183 3233 1212 3278 Β.
1230 3236 1309 3278 hercle
1326 3236 1388 3282 Eru.

272 3315 334 3378 555.
352 3330 409 3370 nos,
428 3318 468 3374 qui
485 3315 563 3377 anteo]
575 3317 606 3362 E.
618 3330 661 3361 nos
672 3329 760 3374 quoque
771 3318 811 3374 qui
822 3332 844 3361 o.
854 3316 912 3362 Em.
922 3341 956 3354 -
964 3315 1095 3379 oscendere]
1104 3318 1135 3365 E.
1151 3321 1267 3366 escendere
1279 3321 1341 3368 Eru.
1353 3347 1391 3363 .-

204 3400 271 3444 uotis
287 3413 318 3445 m.
337 3396 430 3460 nostri]
448 3398 478 3444 E.
496 3399 647 3446 Torrentius.
664 3400 731 3444 noim
747 3413 778 3444 m.
797 3401 869 3444 vestri
885 3399 944 3446 Em.
1228 3406 1230 3413 '

203 3504 399 3526 *μ

273 3587 284 3648 5
300 3587 341 3633 55.
359 3580 515 3649 Antiochum]
528 3586 654 3634 Antiocho
666 3588 698 3632 sd
710 3586 891 3648 Thermopylas
903 3604 918 3635 a
931 3589 972 3634 Μ’.
985 3588 1068 3637 Acilio
1080 3588 1215 3638 Glabrione
1227 3606 1277 3638 cos.
1290 3607 1317 3639 a.
1328 3593 1385 3640 563

204 3669 286 3725 vtato,
319 3669 351 3715 A.
369 3664 458 3715 iltilius
475 3671 615 3728 praefectus
640 3669 769 3715 Romanae
794 3670 892 3729 classis,
927 3686 1029 3731 magnos
1052 3672 1134 3733 regios
1159 3682 1311 3725 commestus
1336 3677 1391 3723 iam

204 3754 306 3809 fretum,
324 3753 391 3812 quod
408 3754 440 3797 ad
457 3753 567 3797 Andrum
584 3751 689 3798 insulem
706 3757 755 3806 est,
780 3759 964 3811 praetervectos
982 3753 1096 3811 excepita
1120 3754 1182 3800 alias
1200 3756 1298 3811 mersit,
1324 3759 1391 3804 alias

204 3835 271 3893 cepit
287 3848 370 3880 usses.
388 3834 441 3881 Lis.
460 3832 509 3887 36,
527 3833 569 3879 80.
604 3832 697 3878 Postea
714 3833 743 3879 C.
761 3834 857 3888 Livius,
874 3834 946 3880 Atilii
962 3847 1100 3892 successor,
1117 3838 1214 3884 adiutus
1231 3839 1263 3884 ab
1275 3839 1392 3888 Eumene

203 3931 275 3977 rege,
292 3917 489 3977 Polyxenidam,
506 3915 624 3963 Antiochi
642 3918 807 3975 praefectum,
818 3919 851 3962 sd
864 3916 987 3976 Corycum
999 3925 1099 3977 portum
1110 3920 1185 3967 effuse
1196 3922 1282 3980 fugere
1295 3925 1391 3983 ansgis,

203 4002 320 4048 tredecim
337 4001 417 4061 captis
434 3999 548 4057 novibus,
566 4001 650 4046 decem
668 4000 781 4046 demersis
799 4000 837 4044 ld.
855 4013 876 4045 c.
895 3999 1020 4047 42-45.
1038 4006 1085 4046 cet.
1097 4027 1129 4040 -
1144 4003 1185 4049 or.
1202 4003 1314 4049 Octauius
1331 4006 1391 4052 Est.

202 4085 325 4132 nicaen.
343 4084 379 4147 (a.
392 4083 455 4143 586)
471 4085 499 4128 de
516 4097 571 4141 rege
587 4084 676 4129 Perseo
693 4085 798 4128 mandem
815 4084 956 4139 triumphum
974 4085 1030 4138 egit.
1047 4083 1100 4131 Lis.
1113 4084 1161 4141 45,
1172 4085 1215 4131 42.
1232 4110 1265 4123 ·-
1280 4088 1391 4134 Kartha·

202 4165 329 4232 gintemes]
352 4167 425 4213 Bello
443 4167 537 4213 Punico
560 4166 656 4226 primo,
678 4180 730 4212 rem
753 4165 891 4224 gerentibus
908 4166 937 4213 C.
954 4166 1040 4212 Duilio
1058 4170 1125 4224 spurt
1142 4169 1224 4227 Mylas
1244 4170 1280 4231 (s.
1299 4171 1391 4229 494),

187 4251 238 4318 «M.
258 4252 356 4314 Regulo
373 4253 406 4298 ad
423 4250 558 4298 Ecuomum
576 4246 666 4311 (498),
684 4250 712 4295 1..
727 4247 829 4294 Lutatio
846 4249 937 4296 Catulo
955 4249 1164 4310 apudRAegussm
1180 4252 1285 4301 insulam
1303 4252 1391 4317 (512.)
