2850 4759
591 192 621 294 ,
774 378 777 382 ,
718 33 1395 644 App

231 1058 1335 1410 neArrmernAn

625 1504 960 1574 SECUNDA

768 1699 821 1758 nn

456 1881 810 1991 QUIRITBS
845 1881 1135 1967 ORATIO.

669 2127 940 2147 ..ψ-

161 2307 179 2375 l
278 2321 307 2384 1.
350 2317 503 2386 Tandem
526 2316 725 2403 aliquando,
752 2317 921 2410 Quirites,
942 2318 979 2384 I..
996 2315 1193 2398 Catilinam,
1216 2318 1367 2398 intentent

126 2441 129 2450 ’
202 2420 359 2498 audacia,
386 2419 499 2491 scelus
522 2421 758 2498 anhelantem,
790 2434 920 2503 pestem
942 2422 1072 2502 patriae
1094 2421 1224 2487 nefarie
1245 2418 1369 2486 molien-

162 2529 168 2533 ’
201 2534 291 2603 tem,
327 2525 423 2592 vobis
452 2525 553 2607 atque
580 2523 661 2592 huic
686 2526 761 2592 urbi
793 2525 886 2591 ferro
915 2523 1119 2606 flammaque
1152 2525 1368 2591 minitantem.

203 2646 247 2692 ex
274 2619 357 2692 uriie
385 2625 437 2692 vel
467 2625 629 2695 eiecimus
648 2627 713 2694 rel
741 2628 916 2694 emisimus
943 2624 998 2692 vel
1019 2627 1130 2709 ipsum
1154 2627 1369 2706 egredientem

203 2728 316 2796 verine
331 2730 506 2810 prosecuti
521 2747 652 2800 sumus.
673 2732 781 2808 Abiit,
803 2729 970 2806 excessit,
993 2732 1117 2804 evasit,
1140 2730 1263 2810 erupit.
1285 2725 1370 2795 Nniin

203 2832 270 2899 inm
299 2831 466 2915 pernicies
489 2846 685 2900 amonstro
713 2831 772 2899 iiio
787 2845 901 2915 atque
928 2830 1083 2912 prodigio
1106 2811 1370 2910 moenibus-ipsis
1406 2839 1412 2906 t

202 2936 292 3002 intra
314 2936 448 3004 moenia
470 2935 735 3018 comparabitur.
776 2937 888 3017 Atque
910 2932 999 2999 hune
1015 2933 1151 3017 quidem
1167 2956 1273 2999 unum
1289 2931 1370 2997 huius
1407 2915 1412 2970 Ι

202 3027 283 3106 belii
304 3038 483 3107 domestici
506 3040 625 3106 ducem
647 3039 720 3105 sine
743 3037 979 3103 controversia
1001 3036 1156 3103 vicimus.
1198 3036 1276 3103 Non
1297 3034 1370 3101 enin

204 3144 270 3210 iam
293 3145 381 3209 inter
402 3141 506 3209 latera
529 3154 641 3208 nostra
664 3141 735 3208 sica
764 3138 819 3206 iila
848 3140 1056 3220 versabitur3
1087 3162 1156 3205 non
1183 3140 1217 3205 in
1246 3158 1371 3217 campo.

203 3267 273 3313 non
301 3247 335 3311 in
364 3246 460 3322 foro,
493 3268 562 3311 non
591 3246 623 3310 ia
653 3245 761 3321 curie,
784 3265 862 3310 ‘non
890 3242 1033 3325 denique
1060 3243 1149 3328 intra
1177 3240 1370 3309 domesticos

204 3347 350 3429 parietes
379 3347 671 3438 pertimescemus..
714 3348 806 3414 Loco
833 3344 889 3412 iiie
919 3360 1033 3413 motus
1062 3357 1128 3422 est,
1170 3366 1248 3411 eum
1272 3353 1319 3410 est
1337 3359 1370 3405 ex

205 3450 290 3520 urbe
318 3447 491 3531 depulsus.
547 3449 662 3517 Palam
691 3452 758 3517 iam
789 3472 867 3516 oum
896 3447 1012 3526 hoste,
1046 3447 1140 3514 nullo
1169 3447 1371 3529 impediente,

129 3575 137 3580 ·
205 3552 331 3620 bellum
359 3552 487 3617 iustum
516 3573 691 3636 geremus.
734 3552 811 3618 Sine
839 3552 942 3618 dubio
974 3551 1186 3634 perdidimus
1217 3549 1371 3615 hominen

206 3656 451 3738 magnificeque
472 3656 637 3734 vicimus,
661 3677 740 3721 cunt
764 3653 858 3720 illum
881 3675 924 3719 ex
941 3650 1084 3719 occultis
1099 3651 1231 3717 insidiis
1247 3652 1279 3715 in
1293 3665 1372 3729 aper·

204 3777 401 3792 m

273 3838 324 3902 §h
341 3840 397 3886 Om.
415 3854 439 3886 v.
457 3837 584 3896 aliquunde
601 3835 631 3881 Τ.
654 3858 683 3870 -
702 3832 775 3892 ferre
789 3828 944 3895 flammaque]
967 3832 1030 3878 Cod.
1048 3832 1175 3878 Gerrhlae.
1193 3829 1302 3889 Madvig.
1321 3837 1373 3887 qens

205 3921 257 3970 veri
280 3922 406 3969 Ciceronis
430 3923 513 3982 ntique
536 3927 572 3967 est
595 3920 756 3965 consuetudo.
781 3916 845 3961 rhu.
872 3916 917 3969 ΙΙ,
938 3915 983 3971 14,
1002 3913 1043 3960 37.
1066 3918 1119 3961 huic
1143 3916 1196 3960 urbi
1211 3914 1279 3971 ferro
1295 3912 1372 3969 ἐμίαν

204 4007 349 4053 minitentur.
385 4006 422 4052 lb.
443 4007 487 4059 13,
505 4006 552 4062 21,
571 4004 612 4049 47.
634 4006 728 4060 petrice
746 4003 798 4059 igni
809 3999 924 4059 ferroque
942 4000 1071 4048 minitatur.
1107 3999 1243 4048 Videndum
1261 4004 1334 4043 temcu
1349 4003 1372 4035 nt

205 4091 228 4138 h.
248 4092 265 4136 1.
283 4090 419 4137 correctori
444 4090 569 4135 debeatur.
594 4087 689 4146 ferrum
708 4085 877 4144 flammamque
899 4080 929 4128 Τ.
946 4082 1005 4127 Em.
1023 4107 1058 4120 -·
1073 4081 1170 4140 serrum
1188 4086 1256 4139 atque
1265 4081 1371 4139 flamm

204 4176 407 4221 R.-minnntem
415 4174 466 4219 ΤΡ.
472 4173 533 4233 (non
542 4171 584 4230 R.)
594 4197 621 4209 -
630 4166 716 4231 perdis]
727 4169 766 4213 Sic
776 4168 850 4214 etiam
859 4166 912 4211 Tu.
926 4165 1024 4211 Arcens.
1037 4164 1125 4218 1531„
1137 4177 1202 4210 nour
1221 4164 1281 4209 urie.
1289 4185 1321 4198 -
1328 4156 1372 4203 teti

203 4259 282 4301 ducem
294 4258 414 4302 domestici
425 4256 455 4304 P.
468 4258 529 4314 (non
542 4253 606 4312 Tu.)
618 4274 656 4308 -·,
666 4254 722 4297 Non
735 4254 782 4295 iam
794 4253 854 4295 inter
866 4264 915 4297 om.
924 4252 989 4302 enim
1000 4247 1030 4293 T.
1043 4248 1105 4308 (non
1119 4247 1204 4307 R.)—
1214 4251 1299 4310 amaa:
1310 4244 1373 4310 Re·

177 4327 181 4342 ¹
205 4353 302 4385 rumex
320 4340 375 4385 urbe
393 4339 423 4384 R.
446 4349 496 4402 pum
513 4339 556 4382 dec
577 4349 607 4381 ee
625 4336 679 4380 urbe
701 4335 808 4391 deputem
826 4333 960 4379 Arusianus
977 4348 1003 4391 p.
1021 4332 1080 4378 248.
1099 4332 1128 4376 1.
