<?xml version="1.0" encoding="UTF-8"?>
<!DOCTYPE html PUBLIC "-//W3C//DTD XHTML 1.0 Transitional//EN"
    "http://www.w3.org/TR/xhtml1/DTD/xhtml1-transitional.dtd">
<html xmlns="http://www.w3.org/1999/xhtml" xml:lang="en" lang="en">
 <head>
  <title>
</title>
<meta http-equiv="Content-Type" content="text/html;charset=utf-8" />
  <meta name='ocr-system' content='tesseract 3.04.00' />
  <meta name='ocr-capabilities' content='ocr_page ocr_carea ocr_par ocr_line ocrx_word'/>
</head>
<body>
  <div class='ocr_page' id='page_1' title='image "./mtulliiciceroni00orelgoog_0344.png"; bbox 0 0 2850 4759; ppageno 0'>
   <div class='ocr_carea' id='block_1_1' title="bbox 224 282 927 365">
    <p class='ocr_par' dir='ltr' id='par_1_1' title="bbox 224 282 927 365">
     <span class='ocr_line' id='line_1_1' title="bbox 224 282 927 365; baseline -0.02 0"><span class='ocrx_word' id='word_1_1' title='bbox 224 289 284 365; x_wconf 60' lang='grc' dir='ltr'><em>Μ</em></span> <span class='ocrx_word' id='word_1_2' title='bbox 692 282 927 353; x_wconf 71' lang='lat' dir='ltr'>CICERONIS</span> 
     </span>
    </p>
   </div>
   <div class='ocr_carea' id='block_1_2' title="bbox 135 443 1399 3971">
    <p class='ocr_par' dir='ltr' id='par_1_2' title="bbox 227 443 1378 641">
     <span class='ocr_line' id='line_1_2' title="bbox 227 443 1373 527; baseline -0.003 -11"><span class='ocrx_word' id='word_1_3' title='bbox 227 461 341 516; x_wconf 84' lang='lat' dir='ltr'>torum</span> <span class='ocrx_word' id='word_1_4' title='bbox 376 445 523 521; x_wconf 87' lang='lat' dir='ltr'>alterius·</span> <span class='ocrx_word' id='word_1_5' title='bbox 549 443 766 524; x_wconf 87' lang='lat' dir='ltr'>crudelitate,</span> <span class='ocrx_word' id='word_1_6' title='bbox 797 443 934 513; x_wconf 89' lang='lat' dir='ltr'>alterins</span> <span class='ocrx_word' id='word_1_7' title='bbox 964 445 1161 527; x_wconf 69' lang='lat' dir='ltr'>indignitate</span> <span class='ocrx_word' id='word_1_8' title='bbox 1189 446 1373 512; x_wconf 85' lang='lat' dir='ltr'>conturber.</span> 
     </span>
     <span class='ocr_line' id='line_1_3' title="bbox 229 548 1378 641; baseline -0.003 -21"><span class='ocrx_word' id='word_1_9' title='bbox 229 551 382 641; x_wconf 71' lang='lat' dir='ltr'>Crudeliq</span> <span class='ocrx_word' id='word_1_10' title='bbox 403 552 545 630; x_wconf 85' lang='lat' dir='ltr'>Castor,</span> <span class='ocrx_word' id='word_1_11' title='bbox 567 571 609 617; x_wconf 95' lang='lat' dir='ltr'>ne</span> <span class='ocrx_word' id='word_1_12' title='bbox 630 548 740 617; x_wconf 83' lang='lat' dir='ltr'>dicam</span> <span class='ocrx_word' id='word_1_13' title='bbox 758 548 959 618; x_wconf 84' lang='lat' dir='ltr'>sceleratum</span> <span class='ocrx_word' id='word_1_14' title='bbox 982 561 1016 617; x_wconf 88' lang='lat' dir='ltr'>et</span> <span class='ocrx_word' id='word_1_15' title='bbox 1034 551 1191 633; x_wconf 65' lang='lat' dir='ltr'>impium</span> <span class='ocrx_word' id='word_1_16' title='bbox 1210 551 1262 633; x_wconf 85' lang='lat' dir='ltr'>qni</span> <span class='ocrx_word' id='word_1_17' title='bbox 1285 570 1378 633; x_wconf 83' lang='lat' dir='ltr'>nepos</span> 
     </span>
    </p>

    <p class='ocr_par' dir='ltr' id='par_1_3' title="bbox 182 652 1380 1154">
     <span class='ocr_line' id='line_1_4' title="bbox 182 652 1378 747; baseline -0.008 -20"><span class='ocrx_word' id='word_1_18' title='bbox 182 718 186 727; x_wconf 27' lang='lat' dir='ltr'>t</span> <span class='ocrx_word' id='word_1_19' title='bbox 225 678 330 726; x_wconf 73' lang='lat' dir='ltr'>evum</span> <span class='ocrx_word' id='word_1_20' title='bbox 357 658 391 747; x_wconf 82' lang='lat' dir='ltr'>in</span> <span class='ocrx_word' id='word_1_21' title='bbox 415 656 533 741; x_wconf 86' lang='lat' dir='ltr'>capitis</span> <span class='ocrx_word' id='word_1_22' title='bbox 554 653 735 723; x_wconf 79' lang='lat' dir='ltr'>discrimen</span> <span class='ocrx_word' id='word_1_23' title='bbox 763 652 943 720; x_wconf 77' lang='lat' dir='ltr'>adduxerit</span> <span class='ocrx_word' id='word_1_24' title='bbox 970 652 1279 737; x_wconf 79' lang='lat' dir='ltr'>adolescentiaeque</span> <span class='ocrx_word' id='word_1_25' title='bbox 1309 675 1378 722; x_wconf 82' lang='lat' dir='ltr'>suae</span> 
     </span>
     <span class='ocr_line' id='line_1_5' title="bbox 221 758 1377 844; baseline -0.005 -15"><span class='ocrx_word' id='word_1_26' title='bbox 221 764 394 833; x_wconf 72' lang='lat' dir='ltr'>ternomio</span> <span class='ocrx_word' id='word_1_27' title='bbox 418 758 571 828; x_wconf 87' lang='lat' dir='ltr'>intulerit</span> <span class='ocrx_word' id='word_1_28' title='bbox 594 759 641 844; x_wconf 90' lang='lat' dir='ltr'>ei,</span> <span class='ocrx_word' id='word_1_29' title='bbox 672 759 768 825; x_wconf 83' lang='lat' dir='ltr'>cuius</span> <span class='ocrx_word' id='word_1_30' title='bbox 793 769 1002 825; x_wconf 87' lang='lat' dir='ltr'>senectutem</span> <span class='ocrx_word' id='word_1_31' title='bbox 1030 758 1115 825; x_wconf 86' lang='lat' dir='ltr'>tucri</span> <span class='ocrx_word' id='word_1_32' title='bbox 1136 770 1171 825; x_wconf 88' lang='lat' dir='ltr'>et</span> <span class='ocrx_word' id='word_1_33' title='bbox 1198 770 1309 839; x_wconf 75' lang='lat' dir='ltr'>tegere</span> <span class='ocrx_word' id='word_1_34' title='bbox 1331 760 1377 823; x_wconf 88' lang='lat' dir='ltr'>de·</span> 
     </span>
     <span class='ocr_line' id='line_1_6' title="bbox 228 861 1378 946; baseline -0.007 -11"><span class='ocrx_word' id='word_1_35' title='bbox 228 865 348 946; x_wconf 78' lang='lat' dir='ltr'>betae,</span> <span class='ocrx_word' id='word_1_36' title='bbox 369 861 765 945; x_wconf 77' lang='lat' dir='ltr'>commendationemque</span> <span class='ocrx_word' id='word_1_37' title='bbox 786 861 931 930; x_wconf 90' lang='lat' dir='ltr'>ineuntis</span> <span class='ocrx_word' id='word_1_38' title='bbox 955 865 1073 931; x_wconf 87' lang='lat' dir='ltr'>aetatis</span> <span class='ocrx_word' id='word_1_39' title='bbox 1100 864 1141 931; x_wconf 93' lang='lat' dir='ltr'>ab</span> <span class='ocrx_word' id='word_1_40' title='bbox 1166 863 1333 945; x_wconf 70' lang='lat' dir='ltr'>impietate</span> <span class='ocrx_word' id='word_1_41' title='bbox 1353 874 1378 926; x_wconf 85' lang='lat' dir='ltr'>et</span> 
     </span>
     <span class='ocr_line' id='line_1_7' title="bbox 226 964 1378 1051; baseline -0.007 -13"><span class='ocrx_word' id='word_1_42' title='bbox 226 970 270 1038; x_wconf 80' lang='lat' dir='ltr'>ab</span> <span class='ocrx_word' id='word_1_43' title='bbox 298 965 428 1037; x_wconf 90' lang='lat' dir='ltr'>scelere</span> <span class='ocrx_word' id='word_1_44' title='bbox 462 967 615 1045; x_wconf 69' lang='lat' dir='ltr'>duxerit-a</span> <span class='ocrx_word' id='word_1_45' title='bbox 648 966 701 1033; x_wconf 93' lang='lat' dir='ltr'>avi</span> <span class='ocrx_word' id='word_1_46' title='bbox 727 987 892 1051; x_wconf 75' lang='lat' dir='ltr'>servum,</span> <span class='ocrx_word' id='word_1_47' title='bbox 914 978 1114 1049; x_wconf 89' lang='lat' dir='ltr'>corruptum</span> <span class='ocrx_word' id='word_1_48' title='bbox 1144 966 1315 1047; x_wconf 83' lang='lat' dir='ltr'>praemiis,</span> <span class='ocrx_word' id='word_1_49' title='bbox 1346 964 1378 1032; x_wconf 88' lang='lat' dir='ltr'>ad</span> 
     </span>
     <span class='ocr_line' id='line_1_8' title="bbox 228 1067 1380 1154; baseline -0.006 -13"><span class='ocrx_word' id='word_1_50' title='bbox 228 1071 457 1143; x_wconf 74' lang='lat' dir='ltr'>accusandum</span> <span class='ocrx_word' id='word_1_51' title='bbox 484 1071 662 1139; x_wconf 88' lang='lat' dir='ltr'>dominum</span> <span class='ocrx_word' id='word_1_52' title='bbox 688 1067 878 1153; x_wconf 88' lang='lat' dir='ltr'>impulerit,</span> <span class='ocrx_word' id='word_1_53' title='bbox 907 1091 926 1137; x_wconf 89' lang='lat' dir='ltr'>a</span> <span class='ocrx_word' id='word_1_54' title='bbox 954 1068 1143 1151; x_wconf 82' lang='lat' dir='ltr'>legatorum</span> <span class='ocrx_word' id='word_1_55' title='bbox 1170 1070 1309 1154; x_wconf 86' lang='lat' dir='ltr'>pedibus</span> <span class='ocrx_word' id='word_1_56' title='bbox 1334 1071 1380 1135; x_wconf 89' lang='lat' dir='ltr'>ab·</span> 
     </span>
    </p>

    <p class='ocr_par' dir='ltr' id='par_1_4' title="bbox 189 1170 1379 2074">
     <span class='ocr_line' id='line_1_9' title="bbox 189 1170 1378 1258; baseline -0.009 -8"><span class='ocrx_word' id='word_1_57' title='bbox 189 1175 375 1250; x_wconf 73' lang='lat' dir='ltr'>iduxerit.</span> <span class='ocrx_word' id='word_1_58' title='bbox 416 1172 559 1258; x_wconf 72' lang='lat' dir='ltr'>Fugitivi</span> <span class='ocrx_word' id='word_1_59' title='bbox 585 1184 699 1243; x_wconf 87' lang='lat' dir='ltr'>autem</span> <span class='ocrx_word' id='word_1_60' title='bbox 729 1170 904 1241; x_wconf 88' lang='lat' dir='ltr'>dominum</span> <span class='ocrx_word' id='word_1_61' title='bbox 929 1172 1139 1257; x_wconf 79' lang='lat' dir='ltr'>accusant-is,</span> <span class='ocrx_word' id='word_1_62' title='bbox 1168 1187 1203 1241; x_wconf 92' lang='lat' dir='ltr'>et</span> <span class='ocrx_word' id='word_1_63' title='bbox 1222 1172 1378 1241; x_wconf 89' lang='lat' dir='ltr'>domiuum</span> 
     </span>
     <span class='ocr_line' id='line_1_10' title="bbox 228 1275 1379 1362; baseline -0.006 -13"><span class='ocrx_word' id='word_1_64' title='bbox 228 1283 401 1350; x_wconf 74' lang='lat' dir='ltr'>absentem</span> <span class='ocrx_word' id='word_1_65' title='bbox 434 1291 467 1348; x_wconf 91' lang='lat' dir='ltr'>et</span> <span class='ocrx_word' id='word_1_66' title='bbox 498 1277 677 1347; x_wconf 89' lang='lat' dir='ltr'>dominum</span> <span class='ocrx_word' id='word_1_67' title='bbox 712 1276 954 1346; x_wconf 82' lang='lat' dir='ltr'>amicissimum</span> <span class='ocrx_word' id='word_1_68' title='bbox 986 1289 1123 1345; x_wconf 88' lang='lat' dir='ltr'>nostrae</span> <span class='ocrx_word' id='word_1_69' title='bbox 1152 1279 1200 1344; x_wconf 88' lang='lat' dir='ltr'>rei</span> <span class='ocrx_word' id='word_1_70' title='bbox 1232 1275 1379 1362; x_wconf 84' lang='lat' dir='ltr'>publicae,</span> 
     </span>
     <span class='ocr_line' id='line_1_11' title="bbox 228 1378 1378 1472; baseline -0.004 -21"><span class='ocrx_word' id='word_1_71' title='bbox 228 1404 307 1451; x_wconf 90' lang='lat' dir='ltr'>cum</span> <span class='ocrx_word' id='word_1_72' title='bbox 335 1404 373 1453; x_wconf 88' lang='lat' dir='ltr'>os</span> <span class='ocrx_word' id='word_1_73' title='bbox 401 1380 579 1472; x_wconf 85' lang='lat' dir='ltr'>videbam,</span> <span class='ocrx_word' id='word_1_74' title='bbox 603 1401 681 1449; x_wconf 83' lang='lat' dir='ltr'>cum</span> <span class='ocrx_word' id='word_1_75' title='bbox 709 1381 812 1451; x_wconf 90' lang='lat' dir='ltr'>verba</span> <span class='ocrx_word' id='word_1_76' title='bbox 836 1378 1029 1460; x_wconf 86' lang='lat' dir='ltr'>audiebam,</span> <span class='ocrx_word' id='word_1_77' title='bbox 1059 1404 1127 1463; x_wconf 85' lang='lat' dir='ltr'>nou</span> <span class='ocrx_word' id='word_1_78' title='bbox 1153 1382 1378 1449; x_wconf 83' lang='lat' dir='ltr'>tamafflictam</span> 
     </span>
     <span class='ocr_line' id='line_1_12' title="bbox 228 1477 1378 1569; baseline -0.006 -14"><span class='ocrx_word' id='word_1_79' title='bbox 228 1487 357 1568; x_wconf 77' lang='lat' dir='ltr'>regiam</span> <span class='ocrx_word' id='word_1_80' title='bbox 383 1484 614 1555; x_wconf 89' lang='lat' dir='ltr'>condicionem</span> <span class='ocrx_word' id='word_1_81' title='bbox 639 1477 816 1564; x_wconf 84' lang='lat' dir='ltr'>dolebam,</span> <span class='ocrx_word' id='word_1_82' title='bbox 847 1506 947 1569; x_wconf 90' lang='lat' dir='ltr'>qnam</span> <span class='ocrx_word' id='word_1_83' title='bbox 973 1484 1015 1553; x_wconf 88' lang='lat' dir='ltr'>de</span> <span class='ocrx_word' id='word_1_84' title='bbox 1033 1484 1181 1553; x_wconf 85' lang='lat' dir='ltr'>lbrtunis</span> <span class='ocrx_word' id='word_1_85' title='bbox 1206 1484 1378 1552; x_wconf 89' lang='lat' dir='ltr'>communi·</span> 
     </span>
     <span class='ocr_line' id='line_1_13' title="bbox 229 1588 1378 1659; baseline -0.004 0"><span class='ocrx_word' id='word_1_86' title='bbox 229 1589 292 1659; x_wconf 88' lang='lat' dir='ltr'>bus</span> <span class='ocrx_word' id='word_1_87' title='bbox 316 1589 591 1659; x_wconf 83' lang='lat' dir='ltr'>extimescebam.</span> <span class='ocrx_word' id='word_1_88' title='bbox 643 1588 730 1659; x_wconf 87' lang='lat' dir='ltr'>Nam</span> <span class='ocrx_word' id='word_1_89' title='bbox 752 1608 830 1657; x_wconf 90' lang='lat' dir='ltr'>cum</span> <span class='ocrx_word' id='word_1_90' title='bbox 859 1610 954 1658; x_wconf 91' lang='lat' dir='ltr'>more</span> <span class='ocrx_word' id='word_1_91' title='bbox 977 1590 1144 1658; x_wconf 88' lang='lat' dir='ltr'>maiorum</span> <span class='ocrx_word' id='word_1_92' title='bbox 1169 1588 1212 1657; x_wconf 93' lang='lat' dir='ltr'>de</span> <span class='ocrx_word' id='word_1_93' title='bbox 1239 1612 1335 1658; x_wconf 89' lang='lat' dir='ltr'>servo</span> <span class='ocrx_word' id='word_1_94' title='bbox 1354 1589 1378 1654; x_wconf 93' lang='lat' dir='ltr'>in</span> 
     </span>
     <span class='ocr_line' id='line_1_14' title="bbox 230 1691 1379 1778; baseline -0.003 -17"><span class='ocrx_word' id='word_1_95' title='bbox 230 1692 403 1761; x_wconf 86' lang='lat' dir='ltr'>dominum</span> <span class='ocrx_word' id='word_1_96' title='bbox 429 1713 471 1760; x_wconf 91' lang='lat' dir='ltr'>ne</span> <span class='ocrx_word' id='word_1_97' title='bbox 494 1693 672 1761; x_wconf 89' lang='lat' dir='ltr'>tormentis</span> <span class='ocrx_word' id='word_1_98' title='bbox 700 1692 975 1778; x_wconf 82' lang='lat' dir='ltr'>quidemquaevi</span> <span class='ocrx_word' id='word_1_99' title='bbox 999 1691 1117 1770; x_wconf 88' lang='lat' dir='ltr'>liceat,</span> <span class='ocrx_word' id='word_1_100' title='bbox 1148 1693 1181 1761; x_wconf 91' lang='lat' dir='ltr'>in</span> <span class='ocrx_word' id='word_1_101' title='bbox 1210 1716 1275 1777; x_wconf 87' lang='lat' dir='ltr'>qna</span> <span class='ocrx_word' id='word_1_102' title='bbox 1297 1712 1379 1777; x_wconf 87' lang='lat' dir='ltr'>qnae·</span> 
     </span>
     <span class='ocr_line' id='line_1_15' title="bbox 229 1791 1377 1891; baseline -0.004 -27"><span class='ocrx_word' id='word_1_103' title='bbox 229 1798 340 1867; x_wconf 85' lang='lat' dir='ltr'>stione</span> <span class='ocrx_word' id='word_1_104' title='bbox 371 1794 467 1864; x_wconf 91' lang='lat' dir='ltr'>dolor</span> <span class='ocrx_word' id='word_1_105' title='bbox 493 1791 614 1891; x_wconf 72' lang='lat' dir='ltr'>elicere</span> <span class='ocrx_word' id='word_1_106' title='bbox 643 1815 760 1864; x_wconf 89' lang='lat' dir='ltr'>veram</span> <span class='ocrx_word' id='word_1_107' title='bbox 788 1816 907 1863; x_wconf 88' lang='lat' dir='ltr'>vocem</span> <span class='ocrx_word' id='word_1_108' title='bbox 936 1798 1044 1878; x_wconf 82' lang='lat' dir='ltr'>possit</span> <span class='ocrx_word' id='word_1_109' title='bbox 1073 1796 1173 1864; x_wconf 88' lang='lat' dir='ltr'>etiam</span> <span class='ocrx_word' id='word_1_110' title='bbox 1206 1801 1247 1865; x_wconf 87' lang='lat' dir='ltr'>ab</span> <span class='ocrx_word' id='word_1_111' title='bbox 1275 1799 1377 1865; x_wconf 90' lang='lat' dir='ltr'>invito:</span> 
     </span>
     <span class='ocr_line' id='line_1_16' title="bbox 230 1897 1377 1987; baseline -0.003 -18"><span class='ocrx_word' id='word_1_112' title='bbox 230 1912 371 1969; x_wconf 85' lang='lat' dir='ltr'>exortus</span> <span class='ocrx_word' id='word_1_113' title='bbox 393 1912 444 1967; x_wconf 88' lang='lat' dir='ltr'>est</span> <span class='ocrx_word' id='word_1_114' title='bbox 463 1918 599 1979; x_wconf 89' lang='lat' dir='ltr'>servus,</span> <span class='ocrx_word' id='word_1_115' title='bbox 621 1898 677 1983; x_wconf 89' lang='lat' dir='ltr'>qni</span> <span class='ocrx_word' id='word_1_116' title='bbox 694 1919 795 1982; x_wconf 89' lang='lat' dir='ltr'>quern</span> <span class='ocrx_word' id='word_1_117' title='bbox 813 1898 847 1968; x_wconf 91' lang='lat' dir='ltr'>in</span> <span class='ocrx_word' id='word_1_118' title='bbox 864 1897 982 1967; x_wconf 87' lang='lat' dir='ltr'>eculeo</span> <span class='ocrx_word' id='word_1_119' title='bbox 1001 1899 1169 1983; x_wconf 88' lang='lat' dir='ltr'>appellare</span> <span class='ocrx_word' id='word_1_120' title='bbox 1185 1923 1254 1985; x_wconf 81' lang='lat' dir='ltr'>non</span> <span class='ocrx_word' id='word_1_121' title='bbox 1269 1910 1377 1987; x_wconf 73' lang='lat' dir='ltr'>posset</span> 
     </span>
     <span class='ocr_line' id='line_1_17' title="bbox 230 2002 636 2074; baseline -0.015 0"><span class='ocrx_word' id='word_1_122' title='bbox 230 2016 308 2074; x_wconf 88' lang='lat' dir='ltr'>eum</span> <span class='ocrx_word' id='word_1_123' title='bbox 332 2015 470 2073; x_wconf 82' lang='lat' dir='ltr'>accuset</span> <span class='ocrx_word' id='word_1_124' title='bbox 488 2002 636 2071; x_wconf 91' lang='lat' dir='ltr'>solutus.</span> 
     </span>
    </p>

    <p class='ocr_par' dir='ltr' id='par_1_5' title="bbox 189 2104 1399 2920">
     <span class='ocr_line' id='line_1_18' title="bbox 189 2104 1377 2187; baseline 0.002 -18"><span class='ocrx_word' id='word_1_125' title='bbox 189 2105 210 2169; x_wconf 78' lang='grc'><strong>4</strong></span> <span class='ocrx_word' id='word_1_126' title='bbox 306 2109 354 2175; x_wconf 89' lang='lat'>11.</span> <span class='ocrx_word' id='word_1_127' title='bbox 394 2107 574 2177; x_wconf 74' lang='lat' dir='ltr'>Perturbat</span> <span class='ocrx_word' id='word_1_128' title='bbox 604 2127 677 2186; x_wconf 90' lang='lat' dir='ltr'>me,</span> <span class='ocrx_word' id='word_1_129' title='bbox 713 2104 752 2174; x_wconf 81' lang='grc' dir='ltr'>Ο.</span> <span class='ocrx_word' id='word_1_130' title='bbox 787 2107 929 2187; x_wconf 85' lang='lat' dir='ltr'>Caesar,</span> <span class='ocrx_word' id='word_1_131' title='bbox 963 2107 1064 2176; x_wconf 89' lang='lat' dir='ltr'>etiam</span> <span class='ocrx_word' id='word_1_132' title='bbox 1093 2105 1174 2175; x_wconf 92' lang='lat' dir='ltr'>illud</span> <span class='ocrx_word' id='word_1_133' title='bbox 1211 2104 1377 2179; x_wconf 75' lang='lat' dir='ltr'>interdum</span> 
     </span>
     <span class='ocr_line' id='line_1_19' title="bbox 230 2210 1399 2298; baseline -0.008 -16"><span class='ocrx_word' id='word_1_134' title='bbox 230 2211 322 2298; x_wconf 90' lang='lat' dir='ltr'>quod</span> <span class='ocrx_word' id='word_1_135' title='bbox 347 2224 477 2290; x_wconf 89' lang='lat' dir='ltr'>tamen,</span> <span class='ocrx_word' id='word_1_136' title='bbox 499 2233 578 2280; x_wconf 89' lang='lat' dir='ltr'>cum</span> <span class='ocrx_word' id='word_1_137' title='bbox 605 2223 637 2279; x_wconf 85' lang='lat' dir='ltr'>te</span> <span class='ocrx_word' id='word_1_138' title='bbox 659 2212 792 2296; x_wconf 89' lang='lat' dir='ltr'>penitus</span> <span class='ocrx_word' id='word_1_139' title='bbox 817 2210 1019 2292; x_wconf 78' lang='lat' dir='ltr'>recognovi,</span> <span class='ocrx_word' id='word_1_140' title='bbox 1050 2212 1169 2279; x_wconf 86' lang='lat' dir='ltr'>timere</span> <span class='ocrx_word' id='word_1_141' title='bbox 1192 2210 1325 2280; x_wconf 87' lang='lat' dir='ltr'>desino:</span> <span class='ocrx_word' id='word_1_142' title='bbox 1352 2229 1399 2293; x_wconf 47' lang='lat' dir='ltr'>rej</span> 
     </span>
     <span class='ocr_line' id='line_1_20' title="bbox 230 2315 1399 2401; baseline -0.008 -15"><span class='ocrx_word' id='word_1_143' title='bbox 230 2319 320 2387; x_wconf 89' lang='lat' dir='ltr'>enim</span> <span class='ocrx_word' id='word_1_144' title='bbox 344 2317 495 2401; x_wconf 88' lang='lat' dir='ltr'>iniquum</span> <span class='ocrx_word' id='word_1_145' title='bbox 516 2327 588 2395; x_wconf 87' lang='lat' dir='ltr'>est,</span> <span class='ocrx_word' id='word_1_146' title='bbox 609 2316 668 2384; x_wconf 93' lang='lat' dir='ltr'>sed</span> <span class='ocrx_word' id='word_1_147' title='bbox 692 2328 751 2384; x_wconf 87' lang='lat' dir='ltr'>tua</span> <span class='ocrx_word' id='word_1_148' title='bbox 771 2316 934 2399; x_wconf 84' lang='lat' dir='ltr'>sapientia</span> <span class='ocrx_word' id='word_1_149' title='bbox 954 2315 993 2382; x_wconf 88' lang='lat' dir='ltr'>fit</span> <span class='ocrx_word' id='word_1_150' title='bbox 1013 2316 1270 2400; x_wconf 86' lang='lat' dir='ltr'>aequissimum.</span> <span class='ocrx_word' id='word_1_151' title='bbox 1309 2315 1376 2383; x_wconf 89' lang='lat' dir='ltr'>Nan</span> <span class='ocrx_word' id='word_1_152' title='bbox 1398 2330 1399 2345; x_wconf 59' lang='lat'>¹</span> 
     </span>
     <span class='ocr_line' id='line_1_21' title="bbox 230 2418 1377 2504; baseline -0.007 -16"><span class='ocrx_word' id='word_1_153' title='bbox 230 2420 342 2489; x_wconf 86' lang='lat' dir='ltr'>dicere</span> <span class='ocrx_word' id='word_1_154' title='bbox 362 2418 450 2504; x_wconf 85' lang='lat' dir='ltr'>apnd</span> <span class='ocrx_word' id='word_1_155' title='bbox 472 2441 549 2488; x_wconf 90' lang='lat' dir='ltr'>enm</span> <span class='ocrx_word' id='word_1_156' title='bbox 572 2419 614 2488; x_wconf 86' lang='lat' dir='ltr'>de</span> <span class='ocrx_word' id='word_1_157' title='bbox 634 2420 805 2498; x_wconf 83' lang='lat' dir='ltr'>facinore,</span> <span class='ocrx_word' id='word_1_158' title='bbox 835 2430 954 2488; x_wconf 84' lang='lat' dir='ltr'>eontra</span> <span class='ocrx_word' id='word_1_159' title='bbox 978 2423 1074 2487; x_wconf 89' lang='lat' dir='ltr'>cuius</span> <span class='ocrx_word' id='word_1_160' title='bbox 1094 2419 1197 2487; x_wconf 87' lang='lat' dir='ltr'>vitam</span> <span class='ocrx_word' id='word_1_161' title='bbox 1222 2418 1377 2489; x_wconf 86' lang='lat' dir='ltr'>consilinm</span> 
     </span>
     <span class='ocr_line' id='line_1_22' title="bbox 231 2521 1377 2608; baseline -0.009 -15"><span class='ocrx_word' id='word_1_162' title='bbox 231 2524 390 2593; x_wconf 79' lang='lat' dir='ltr'>facinoris</span> <span class='ocrx_word' id='word_1_163' title='bbox 411 2524 514 2594; x_wconf 88' lang='lat' dir='ltr'>inisse</span> <span class='ocrx_word' id='word_1_164' title='bbox 534 2544 698 2606; x_wconf 78' lang='lat' dir='ltr'>arguare,</span> <span class='ocrx_word' id='word_1_165' title='bbox 727 2525 756 2592; x_wconf 89' lang='lat' dir='ltr'>si</span> <span class='ocrx_word' id='word_1_166' title='bbox 779 2545 841 2608; x_wconf 87' lang='lat' dir='ltr'>per</span> <span class='ocrx_word' id='word_1_167' title='bbox 863 2544 900 2591; x_wconf 92' lang='lat' dir='ltr'>se</span> <span class='ocrx_word' id='word_1_168' title='bbox 921 2523 1031 2607; x_wconf 90' lang='lat' dir='ltr'>ipsnin</span> <span class='ocrx_word' id='word_1_169' title='bbox 1052 2521 1268 2601; x_wconf 82' lang='lat' dir='ltr'>consideres,</span> <span class='ocrx_word' id='word_1_170' title='bbox 1287 2539 1377 2608; x_wconf 32' lang='lat' dir='ltr'>‚grave</span> 
     </span>
     <span class='ocr_line' id='line_1_23' title="bbox 232 2624 1377 2711; baseline -0.006 -15"><span class='ocrx_word' id='word_1_171' title='bbox 232 2638 302 2708; x_wconf 69' lang='lat' dir='ltr'>est,</span> <span class='ocrx_word' id='word_1_172' title='bbox 331 2648 431 2695; x_wconf 91' lang='lat' dir='ltr'>nemo</span> <span class='ocrx_word' id='word_1_173' title='bbox 458 2627 547 2695; x_wconf 91' lang='lat' dir='ltr'>enim</span> <span class='ocrx_word' id='word_1_174' title='bbox 571 2628 643 2694; x_wconf 83' lang='lat' dir='ltr'>fere</span> <span class='ocrx_word' id='word_1_175' title='bbox 669 2638 738 2708; x_wconf 87' lang='lat' dir='ltr'>est,</span> <span class='ocrx_word' id='word_1_176' title='bbox 770 2627 826 2711; x_wconf 92' lang='lat' dir='ltr'>qni</span> <span class='ocrx_word' id='word_1_177' title='bbox 850 2626 901 2693; x_wconf 85' lang='lat' dir='ltr'>sui</span> <span class='ocrx_word' id='word_1_178' title='bbox 927 2625 1068 2710; x_wconf 85' lang='lat' dir='ltr'>periculi</span> <span class='ocrx_word' id='word_1_179' title='bbox 1095 2626 1214 2708; x_wconf 74' lang='lat' dir='ltr'>index,</span> <span class='ocrx_word' id='word_1_180' title='bbox 1245 2624 1377 2697; x_wconf 81' lang='lat' dir='ltr'>nonsibi</span> 
     </span>
     <span class='ocr_line' id='line_1_24' title="bbox 231 2731 1398 2835; baseline -0.008 -32"><span class='ocrx_word' id='word_1_181' title='bbox 231 2752 269 2803; x_wconf 88' lang='lat' dir='ltr'>sc</span> <span class='ocrx_word' id='word_1_182' title='bbox 295 2732 489 2817; x_wconf 82' lang='lat' dir='ltr'>aequiorem</span> <span class='ocrx_word' id='word_1_183' title='bbox 517 2752 616 2813; x_wconf 83' lang='lat' dir='ltr'>quarn</span> <span class='ocrx_word' id='word_1_184' title='bbox 645 2752 704 2798; x_wconf 90' lang='lat' dir='ltr'>reo</span> <span class='ocrx_word' id='word_1_185' title='bbox 729 2731 900 2813; x_wconf 87' lang='lat' dir='ltr'>praebeat.</span> <span class='ocrx_word' id='word_1_186' title='bbox 948 2731 1013 2798; x_wconf 87' lang='lat' dir='ltr'>Sed</span> <span class='ocrx_word' id='word_1_187' title='bbox 1040 2743 1113 2810; x_wconf 88' lang='lat' dir='ltr'>tua,</span> <span class='ocrx_word' id='word_1_188' title='bbox 1142 2733 1285 2813; x_wconf 82' lang='lat' dir='ltr'>Caesar,</span> <span class='ocrx_word' id='word_1_189' title='bbox 1304 2744 1398 2835; x_wconf 18' lang='lat' dir='ltr'>prae-p</span> 
     </span>
     <span class='ocr_line' id='line_1_25' title="bbox 231 2830 1376 2920; baseline -0.01 -15"><span class='ocrx_word' id='word_1_190' title='bbox 231 2849 325 2906; x_wconf 86' lang='lat' dir='ltr'>stans</span> <span class='ocrx_word' id='word_1_191' title='bbox 351 2835 597 2920; x_wconf 77' lang='lat' dir='ltr'>singularisque</span> <span class='ocrx_word' id='word_1_192' title='bbox 625 2846 745 2902; x_wconf 84' lang='lat' dir='ltr'>nattua</span> <span class='ocrx_word' id='word_1_193' title='bbox 775 2832 867 2902; x_wconf 94' lang='lat' dir='ltr'>bunc</span> <span class='ocrx_word' id='word_1_194' title='bbox 894 2830 976 2905; x_wconf 80' lang='lat' dir='ltr'>milti</span> <span class='ocrx_word' id='word_1_195' title='bbox 1005 2846 1133 2902; x_wconf 88' lang='lat' dir='ltr'>metum</span> <span class='ocrx_word' id='word_1_196' title='bbox 1161 2836 1302 2915; x_wconf 70' lang='lat' dir='ltr'>minuit3</span> <span class='ocrx_word' id='word_1_197' title='bbox 1328 2854 1376 2900; x_wconf 86' lang='lat' dir='ltr'>non</span> 
     </span>
    </p>

    <p class='ocr_par' dir='ltr' id='par_1_6' title="bbox 144 2937 1397 3441">
     <span class='ocr_line' id='line_1_26' title="bbox 144 2937 1376 3026; baseline 0 -16"><span class='ocrx_word' id='word_1_198' title='bbox 144 2978 148 2987; x_wconf 36' lang='lat' dir='ltr'>x</span> <span class='ocrx_word' id='word_1_199' title='bbox 232 2942 321 3010; x_wconf 88' lang='lat' dir='ltr'>enirn</span> <span class='ocrx_word' id='word_1_200' title='bbox 344 2952 412 3009; x_wconf 88' lang='lat' dir='ltr'>tam</span> <span class='ocrx_word' id='word_1_201' title='bbox 438 2940 559 3026; x_wconf 87' lang='lat' dir='ltr'>timeo,</span> <span class='ocrx_word' id='word_1_202' title='bbox 581 2937 722 3024; x_wconf 87' lang='lat' dir='ltr'>quidtu</span> <span class='ocrx_word' id='word_1_203' title='bbox 744 2937 786 3005; x_wconf 90' lang='lat' dir='ltr'>de</span> <span class='ocrx_word' id='word_1_204' title='bbox 809 2960 888 3020; x_wconf 79' lang='lat' dir='ltr'>rege</span> <span class='ocrx_word' id='word_1_205' title='bbox 911 2939 1088 3020; x_wconf 88' lang='lat' dir='ltr'>Deiotaro,</span> <span class='ocrx_word' id='word_1_206' title='bbox 1110 2961 1210 3024; x_wconf 90' lang='lat' dir='ltr'>qnam</span> <span class='ocrx_word' id='word_1_207' title='bbox 1236 2937 1376 3017; x_wconf 72' lang='lat' dir='ltr'>intelligo.</span> 
     </span>
     <span class='ocr_line' id='line_1_27' title="bbox 193 3041 1376 3131; baseline -0.011 -17"><span class='ocrx_word' id='word_1_208' title='bbox 193 3043 313 3131; x_wconf 70' lang='lat' dir='ltr'>bquid</span> <span class='ocrx_word' id='word_1_209' title='bbox 335 3044 377 3112; x_wconf 88' lang='lat' dir='ltr'>de</span> <span class='ocrx_word' id='word_1_210' title='bbox 399 3056 431 3113; x_wconf 91' lang='lat' dir='ltr'>te</span> <span class='ocrx_word' id='word_1_211' title='bbox 453 3056 586 3112; x_wconf 87' lang='lat' dir='ltr'>ceteros</span> <span class='ocrx_word' id='word_1_212' title='bbox 609 3041 692 3112; x_wconf 86' lang='lat' dir='ltr'>velis</span> <span class='ocrx_word' id='word_1_213' title='bbox 714 3043 875 3112; x_wconf 86' lang='lat' dir='ltr'>indicare.</span> <span class='ocrx_word' id='word_1_214' title='bbox 918 3045 1066 3112; x_wconf 85' lang='lat' dir='ltr'>Mcveor</span> <span class='ocrx_word' id='word_1_215' title='bbox 1085 3045 1186 3110; x_wconf 88' lang='lat' dir='ltr'>etiam</span> <span class='ocrx_word' id='word_1_216' title='bbox 1209 3043 1274 3111; x_wconf 85' lang='lat' dir='ltr'>loci</span> <span class='ocrx_word' id='word_1_217' title='bbox 1296 3041 1376 3126; x_wconf 86' lang='lat' dir='ltr'>ipsius</span> 
     </span>
     <span class='ocr_line' id='line_1_28' title="bbox 232 3144 1375 3233; baseline -0.003 -15"><span class='ocrx_word' id='word_1_218' title='bbox 232 3147 424 3225; x_wconf 86' lang='lat' dir='ltr'>insolentia,</span> <span class='ocrx_word' id='word_1_219' title='bbox 459 3149 549 3233; x_wconf 88' lang='lat' dir='ltr'>qnod</span> <span class='ocrx_word' id='word_1_220' title='bbox 581 3161 707 3217; x_wconf 85' lang='lat' dir='ltr'>tantam</span> <span class='ocrx_word' id='word_1_221' title='bbox 736 3170 893 3227; x_wconf 87' lang='lat' dir='ltr'>causam,</span> <span class='ocrx_word' id='word_1_222' title='bbox 928 3163 1050 3233; x_wconf 87' lang='lat' dir='ltr'>quanta</span> <span class='ocrx_word' id='word_1_223' title='bbox 1076 3147 1168 3216; x_wconf 88' lang='lat' dir='ltr'>nulla</span> <span class='ocrx_word' id='word_1_224' title='bbox 1193 3171 1334 3233; x_wconf 87' lang='lat' dir='ltr'>unquam</span> <span class='ocrx_word' id='word_1_225' title='bbox 1352 3144 1375 3208; x_wconf 77' lang='lat' dir='ltr'>it</span> 
     </span>
     <span class='ocr_line' id='line_1_29' title="bbox 233 3251 1397 3336; baseline 0 -16"><span class='ocrx_word' id='word_1_226' title='bbox 233 3251 475 3335; x_wconf 85' lang='lat' dir='ltr'>disceptatione</span> <span class='ocrx_word' id='word_1_227' title='bbox 512 3269 645 3323; x_wconf 89' lang='lat' dir='ltr'>versata</span> <span class='ocrx_word' id='word_1_228' title='bbox 678 3265 752 3330; x_wconf 86' lang='lat' dir='ltr'>est,</span> <span class='ocrx_word' id='word_1_229' title='bbox 785 3254 860 3321; x_wconf 86' lang='lat' dir='ltr'>dico</span> <span class='ocrx_word' id='word_1_230' title='bbox 892 3256 979 3321; x_wconf 79' lang='lat' dir='ltr'>intra</span> <span class='ocrx_word' id='word_1_231' title='bbox 1009 3254 1216 3323; x_wconf 84' lang='lat' dir='ltr'>domesticos</span> <span class='ocrx_word' id='word_1_232' title='bbox 1243 3253 1397 3336; x_wconf 62' lang='lat' dir='ltr'>parietes,</span> 
     </span>
     <span class='ocr_line' id='line_1_30' title="bbox 234 3356 1373 3441; baseline -0.004 -17"><span class='ocrx_word' id='word_1_233' title='bbox 234 3357 310 3424; x_wconf 90' lang='lat' dir='ltr'>dico</span> <span class='ocrx_word' id='word_1_234' title='bbox 330 3367 428 3424; x_wconf 86' lang='lat' dir='ltr'>extra</span> <span class='ocrx_word' id='word_1_235' title='bbox 448 3370 653 3441; x_wconf 83' lang='lat' dir='ltr'>conventum</span> <span class='ocrx_word' id='word_1_236' title='bbox 673 3370 706 3425; x_wconf 88' lang='lat' dir='ltr'>et</span> <span class='ocrx_word' id='word_1_237' title='bbox 725 3378 799 3424; x_wconf 84' lang='lat' dir='ltr'>eam</span> <span class='ocrx_word' id='word_1_238' title='bbox 826 3357 1067 3440; x_wconf 81' lang='lat' dir='ltr'>frequentiam,</span> <span class='ocrx_word' id='word_1_239' title='bbox 1089 3356 1122 3423; x_wconf 92' lang='lat' dir='ltr'>in</span> <span class='ocrx_word' id='word_1_240' title='bbox 1142 3378 1208 3440; x_wconf 91' lang='lat' dir='ltr'>qua</span> <span class='ocrx_word' id='word_1_241' title='bbox 1225 3367 1373 3424; x_wconf 83' lang='lat' dir='ltr'>oratorum</span> 
     </span>
    </p>

    <p class='ocr_par' dir='ltr' id='par_1_7' title="bbox 135 3457 1396 3971">
     <span class='ocr_line' id='line_1_31' title="bbox 135 3457 1373 3543; baseline -0.006 -15"><span class='ocrx_word' id='word_1_242' title='bbox 135 3498 138 3504; x_wconf 77' lang='lat'>,</span> <span class='ocrx_word' id='word_1_243' title='bbox 234 3458 345 3528; x_wconf 88' lang='lat' dir='ltr'>studia</span> <span class='ocrx_word' id='word_1_244' title='bbox 367 3461 426 3528; x_wconf 91' lang='lat' dir='ltr'>niti</span> <span class='ocrx_word' id='word_1_245' title='bbox 450 3458 576 3529; x_wconf 86' lang='lat' dir='ltr'>solent:</span> <span class='ocrx_word' id='word_1_246' title='bbox 608 3463 640 3528; x_wconf 92' lang='lat' dir='ltr'>in</span> <span class='ocrx_word' id='word_1_247' title='bbox 672 3462 738 3529; x_wconf 91' lang='lat' dir='ltr'>tuis</span> <span class='ocrx_word' id='word_1_248' title='bbox 764 3459 889 3536; x_wconf 91' lang='lat' dir='ltr'>oeulis,</span> <span class='ocrx_word' id='word_1_249' title='bbox 921 3461 955 3527; x_wconf 90' lang='lat' dir='ltr'>in</span> <span class='ocrx_word' id='word_1_250' title='bbox 984 3473 1042 3528; x_wconf 89' lang='lat' dir='ltr'>tuo</span> <span class='ocrx_word' id='word_1_251' title='bbox 1072 3480 1132 3528; x_wconf 88' lang='lat' dir='ltr'>ore</span> <span class='ocrx_word' id='word_1_252' title='bbox 1155 3457 1313 3543; x_wconf 89' lang='lat' dir='ltr'>voltuque</span> <span class='ocrx_word' id='word_1_253' title='bbox 1334 3473 1373 3520; x_wconf 82' lang='lat' dir='ltr'>ac·</span> 
     </span>
     <span class='ocr_line' id='line_1_32' title="bbox 234 3564 1374 3648; baseline -0.01 -18"><span class='ocrx_word' id='word_1_254' title='bbox 234 3566 391 3648; x_wconf 71' lang='lat' dir='ltr'>quiesc03</span> <span class='ocrx_word' id='word_1_255' title='bbox 422 3575 454 3631; x_wconf 93' lang='lat' dir='ltr'>te</span> <span class='ocrx_word' id='word_1_256' title='bbox 477 3587 579 3632; x_wconf 84' lang='lat' dir='ltr'>unum</span> <span class='ocrx_word' id='word_1_257' title='bbox 605 3566 758 3646; x_wconf 76' lang='lat' dir='ltr'>intueor3</span> <span class='ocrx_word' id='word_1_258' title='bbox 793 3564 834 3633; x_wconf 88' lang='lat' dir='ltr'>ad</span> <span class='ocrx_word' id='word_1_259' title='bbox 859 3577 892 3630; x_wconf 93' lang='lat' dir='ltr'>te</span> <span class='ocrx_word' id='word_1_260' title='bbox 913 3586 1018 3632; x_wconf 90' lang='lat' dir='ltr'>unum</span> <span class='ocrx_word' id='word_1_261' title='bbox 1044 3564 1154 3631; x_wconf 88' lang='lat' dir='ltr'>omnis</span> <span class='ocrx_word' id='word_1_262' title='bbox 1177 3585 1254 3631; x_wconf 89' lang='lat' dir='ltr'>mea</span> <span class='ocrx_word' id='word_1_263' title='bbox 1272 3566 1374 3647; x_wconf 87' lang='lat' dir='ltr'>spectat</span> 
     </span>
     <span class='ocr_line' id='line_1_33' title="bbox 236 3665 1372 3762; baseline -0.007 -26"><span class='ocrx_word' id='word_1_264' title='bbox 236 3669 357 3736; x_wconf 84' lang='lat' dir='ltr'>oratio.</span> <span class='ocrx_word' id='word_1_265' title='bbox 399 3668 495 3762; x_wconf 74' lang='lat' dir='ltr'>Quae</span> <span class='ocrx_word' id='word_1_266' title='bbox 519 3668 599 3736; x_wconf 77' lang='lat' dir='ltr'>milti</span> <span class='ocrx_word' id='word_1_267' title='bbox 624 3667 665 3737; x_wconf 86' lang='lat' dir='ltr'>ad</span> <span class='ocrx_word' id='word_1_268' title='bbox 690 3691 785 3752; x_wconf 88' lang='lat' dir='ltr'>spem</span> <span class='ocrx_word' id='word_1_269' title='bbox 806 3667 1005 3738; x_wconf 87' lang='lat' dir='ltr'>obtinendae</span> <span class='ocrx_word' id='word_1_270' title='bbox 1027 3668 1177 3737; x_wconf 85' lang='lat' dir='ltr'>veritatis</span> <span class='ocrx_word' id='word_1_271' title='bbox 1201 3665 1372 3749; x_wconf 78' lang='lat' dir='ltr'>gravissim</span> 
     </span>
     <span class='ocr_line' id='line_1_34' title="bbox 235 3771 1396 3866; baseline -0.009 -24"><span class='ocrx_word' id='word_1_272' title='bbox 235 3783 332 3850; x_wconf 87' lang='lat' dir='ltr'>sunt,</span> <span class='ocrx_word' id='word_1_273' title='bbox 353 3771 394 3839; x_wconf 87' lang='lat' dir='ltr'>ad</span> <span class='ocrx_word' id='word_1_274' title='bbox 419 3786 549 3842; x_wconf 89' lang='lat' dir='ltr'>motum</span> <span class='ocrx_word' id='word_1_275' title='bbox 576 3774 676 3842; x_wconf 88' lang='lat' dir='ltr'>annni</span> <span class='ocrx_word' id='word_1_276' title='bbox 698 3788 731 3866; x_wconf 85' lang='lat' dir='ltr'>et</span> <span class='ocrx_word' id='word_1_277' title='bbox 754 3773 794 3843; x_wconf 90' lang='lat' dir='ltr'>ad</span> <span class='ocrx_word' id='word_1_278' title='bbox 821 3796 956 3842; x_wconf 87' lang='lat' dir='ltr'>onmem</span> <span class='ocrx_word' id='word_1_279' title='bbox 979 3776 1141 3858; x_wconf 83' lang='lat' dir='ltr'>impetum</span> <span class='ocrx_word' id='word_1_280' title='bbox 1162 3772 1294 3842; x_wconf 91' lang='lat' dir='ltr'>dicendi</span> <span class='ocrx_word' id='word_1_281' title='bbox 1313 3788 1372 3837; x_wconf 85' lang='lat' dir='ltr'>con·</span> <span class='ocrx_word' id='word_1_282' title='bbox 1395 3782 1396 3813; x_wconf 55' lang='lat' dir='ltr'>t</span> 
     </span>
     <span class='ocr_line' id='line_1_35' title="bbox 196 3864 1395 3971; baseline -0.001 -27"><span class='ocrx_word' id='word_1_283' title='bbox 196 3877 486 3963; x_wconf 75' lang='lat' dir='ltr'>otentionemqne</span> <span class='ocrx_word' id='word_1_284' title='bbox 512 3876 654 3948; x_wconf 86' lang='lat' dir='ltr'>leviora.</span> <span class='ocrx_word' id='word_1_285' title='bbox 702 3879 803 3971; x_wconf 61' lang='lat' dir='ltr'>⁴Hanc</span> <span class='ocrx_word' id='word_1_286' title='bbox 829 3880 935 3963; x_wconf 90' lang='lat' dir='ltr'>enim,</span> <span class='ocrx_word' id='word_1_287' title='bbox 964 3870 1007 3950; x_wconf 81' lang='lat' dir='ltr'>C.</span> <span class='ocrx_word' id='word_1_288' title='bbox 1032 3873 1189 3958; x_wconf 61' lang='lat' dir='ltr'>Caesar,</span> <span class='ocrx_word' id='word_1_289' title='bbox 1210 3865 1371 3945; x_wconf 74' lang='lat' dir='ltr'>causanti</span> <span class='ocrx_word' id='word_1_290' title='bbox 1394 3864 1395 3897; x_wconf 67' lang='lat'>³</span> 
     </span>
    </p>
   </div>
   <div class='ocr_carea' id='block_1_3' title="bbox 234 4006 425 4023">
    <p class='ocr_par' dir='ltr' id='par_1_8' title="bbox 234 4006 425 4023">
     <span class='ocr_line' id='line_1_36' title="bbox 234 4006 425 4023; baseline -0.005 0"><span class='ocrx_word' id='word_1_291' title='bbox 234 4006 425 4023; x_wconf 49' lang='lat' dir='ltr'>d*</span> 
     </span>
    </p>
   </div>
   <div class='ocr_carea' id='block_1_4' title="bbox 210 4071 1395 4222">
    <p class='ocr_par' dir='ltr' id='par_1_9' title="bbox 210 4071 1395 4222">
     <span class='ocr_line' id='line_1_37' title="bbox 210 4071 1395 4155; baseline -0.009 -16"><span class='ocrx_word' id='word_1_292' title='bbox 210 4081 213 4088; x_wconf 53' lang='lat'>¹</span> <span class='ocrx_word' id='word_1_293' title='bbox 302 4089 359 4155; x_wconf 65' lang='grc' dir='ltr'>Η.</span> <span class='ocrx_word' id='word_1_294' title='bbox 377 4092 460 4137; x_wconf 80' lang='lat' dir='ltr'>elicere</span> <span class='ocrx_word' id='word_1_295' title='bbox 481 4101 559 4135; x_wconf 77' lang='lat' dir='ltr'>ueram</span> <span class='ocrx_word' id='word_1_296' title='bbox 579 4085 667 4147; x_wconf 76' lang='lat' dir='ltr'>vocem]</span> <span class='ocrx_word' id='word_1_297' title='bbox 684 4086 731 4134; x_wconf 88' lang='lat' dir='ltr'>elb.</span> <span class='ocrx_word' id='word_1_298' title='bbox 751 4111 782 4126; x_wconf 92' lang='lat'>-</span> <span class='ocrx_word' id='word_1_299' title='bbox 799 4100 878 4132; x_wconf 76' lang='lat' dir='ltr'>nerem</span> <span class='ocrx_word' id='word_1_300' title='bbox 900 4101 975 4133; x_wconf 80' lang='lat' dir='ltr'>werra</span> <span class='ocrx_word' id='word_1_301' title='bbox 1000 4088 1081 4135; x_wconf 71' lang='lat' dir='ltr'>eiicere.</span> <span class='ocrx_word' id='word_1_302' title='bbox 1100 4084 1131 4131; x_wconf 77' lang='lat' dir='ltr'>tt.</span> <span class='ocrx_word' id='word_1_303' title='bbox 1147 4108 1182 4121; x_wconf 88' lang='lat'>-</span> <span class='ocrx_word' id='word_1_304' title='bbox 1204 4079 1304 4145; x_wconf 67' lang='grc' dir='ltr'>κενεά]</span> <span class='ocrx_word' id='word_1_305' title='bbox 1323 4071 1367 4128; x_wconf 65' lang='lat' dir='ltr'>[M</span> <span class='ocrx_word' id='word_1_306' title='bbox 1394 4110 1395 4143; x_wconf 79' lang='lat' dir='ltr'>t</span> 
     </span>
     <span class='ocr_line' id='line_1_38' title="bbox 237 4173 483 4222; baseline -0.012 0"><span class='ocrx_word' id='word_1_307' title='bbox 237 4180 355 4222; x_wconf 68' lang='lat' dir='ltr'>accusaret</span> <span class='ocrx_word' id='word_1_308' title='bbox 373 4174 401 4221; x_wconf 78' lang='lat' dir='ltr'>B.</span> <span class='ocrx_word' id='word_1_309' title='bbox 419 4173 483 4221; x_wconf 86' lang='lat' dir='ltr'>conl.</span> 
     </span>
    </p>
   </div>
   <div class='ocr_carea' id='block_1_5' title="bbox 305 4278 1265 4453">
    <p class='ocr_par' dir='ltr' id='par_1_10' title="bbox 305 4278 1265 4453">
     <span class='ocr_line' id='line_1_39' title="bbox 305 4278 746 4346; baseline -0.005 -17"><span class='ocrx_word' id='word_1_310' title='bbox 305 4281 360 4346; x_wconf 67' lang='lat' dir='ltr'>ld.</span> <span class='ocrx_word' id='word_1_311' title='bbox 382 4278 476 4346; x_wconf 73' lang='lat' dir='ltr'>moer]</span> <span class='ocrx_word' id='word_1_312' title='bbox 497 4282 543 4328; x_wconf 84' lang='lat' dir='ltr'>eib.</span> <span class='ocrx_word' id='word_1_313' title='bbox 568 4282 592 4327; x_wconf 85' lang='lat' dir='ltr'>C.</span> <span class='ocrx_word' id='word_1_314' title='bbox 616 4282 698 4327; x_wconf 76' lang='lat' dir='ltr'>casem</span> <span class='ocrx_word' id='word_1_315' title='bbox 718 4280 746 4327; x_wconf 83' lang='lat' dir='ltr'>E.</span> 
     </span>
     <span class='ocr_line' id='line_1_40' title="bbox 306 4387 1265 4453; baseline 0.002 -17"><span class='ocrx_word' id='word_1_316' title='bbox 306 4388 357 4452; x_wconf 60' lang='lat' dir='ltr'>bb.</span> <span class='ocrx_word' id='word_1_317' title='bbox 375 4389 482 4453; x_wconf 62' lang='lat' dir='ltr'>niterer]</span> <span class='ocrx_word' id='word_1_318' title='bbox 500 4389 578 4437; x_wconf 80' lang='lat' dir='ltr'>codd.</span> <span class='ocrx_word' id='word_1_319' title='bbox 599 4388 653 4438; x_wconf 83' lang='lat' dir='ltr'>mei.</span> <span class='ocrx_word' id='word_1_320' title='bbox 668 4389 696 4437; x_wconf 83' lang='lat' dir='ltr'>E.</span> <span class='ocrx_word' id='word_1_321' title='bbox 715 4393 853 4437; x_wconf 75' lang='lat' dir='ltr'>coetestem</span> <span class='ocrx_word' id='word_1_322' title='bbox 870 4391 937 4438; x_wconf 78' lang='lat'><strong>02¹.</strong></span> <span class='ocrx_word' id='word_1_323' title='bbox 956 4390 1122 4449; x_wconf 64' lang='lat' dir='ltr'>compleret</span> <span class='ocrx_word' id='word_1_324' title='bbox 1138 4387 1265 4438; x_wconf 74' lang='lat' dir='ltr'>Patricius</span> 
     </span>
    </p>
   </div>
   <div class='ocr_carea' id='block_1_6' title="bbox 0 0 1430 4759">
    <p class='ocr_par' dir='ltr' id='par_1_11' title="bbox 0 0 1430 4759">
     <span class='ocr_line' id='line_1_41' title="bbox 0 0 1430 4759; baseline 0 0"><span class='ocrx_word' id='word_1_325' title='bbox 0 0 1430 4759; x_wconf 95' lang='lat' dir='ltr'> </span> 
     </span>
    </p>
   </div>
  </div>
 </body>
</html>
