2850 4759
347 932 750 1051 o10rrtnn11
795 960 1227 1044 clennonls

751 1184 828 1234 rtto

235 1365 1411 1478 (Ῑ.ΒΑΒΙΗΙΟ

492 1621 953 1691 PERDUELLIONIS
983 1622 1091 1687 REO
1410 1576 1411 1683 l

480 2302 485 2310 .
600 2237 991 2307 ORATIO

664 2445 670 2450 ’
703 2439 890 2471 *a

674 2631 917 2704 MONITUM.

284 2794 335 2864 De
358 2794 460 2886 κρίσει
486 2794 520 2861 in
547 2790 614 2860 hac
637 2790 794 2859 oratione
819 2789 1012 2858 exercenda
1036 2782 1122 2859 haec
1145 2794 1285 2876 scripsit
1308 2792 1413 2862 Nic

204 2918 346 2991 bubrius
372 2921 507 3001 Fragm
536 2919 609 2986 Cic
638 2917 743 3006 665.
784 2916 1074 2999 „Antiquissimus
1106 2916 1240 2999 codex,
1275 2941 1375 3002 equo

204 3045 310 3111 ceteri
338 3063 458 3133 omnes
478 3041 698 3125 prodierunt,
730 3041 777 3107 lta
802 3039 980 3108 emendate
1003 3041 1152 3123 scriptus
1174 3055 1264 3130 erat,
1280 3055 1331 3133 ,¹st
1347 3042 1376 3107 in
1412 3028 1413 3093 l

87 3203 90 3209 ,
203 3164 271 3234 hac
291 3165 429 3250 quldem
454 3166 609 3233 oratione
636 3166 739 3231 etiam
760 3176 841 3247 post
864 3161 1023 3233 indoctos
1043 3163 1201 3234 librarios
1224 3179 1259 3234 et
1282 3179 1376 3235 teme·

203 3291 315 3360 rarios
350 3291 500 3386 editores
533 3289 713 3372 perpaucis
750 3288 837 3357 locis
871 3286 998 3373 aliquid
1031 3290 1074 3357 ad
1112 3292 1374 3360 emendationem

370 2002 1141 2126 pererras

1411 2646 1413 2745 ι

203 3417 410 3507 requiratur.
420 3415 436 3444 “
478 3414 697 3509 Quapropter
717 3415 848 3482 factum
869 3428 939 3495 est,
960 3428 1000 3483 nt
1017 3438 1128 3512 pauca
1147 3418 1230 3485 mihi
1251 3436 1376 3502 quoque

205 3539 389 3610 emendare
409 3541 593 3622 contigerit
611 3562 656 3617 ere
674 3540 760 3607 eod.
777 3541 1007 3609 Ambrosiano
1029 3543 1068 3611 C.
1088 3544 1139 3610 96.
1160 3546 1267 3627 partis
1286 3562 1376 3626 supe·

204 3668 322 3752 rioris,
347 3642 632 3754 membranaceo,
653 3668 745 3750 picto
762 3680 795 3733 et
809 3666 1037 3749 pulcherrime
1051 3672 1181 3752 scripto
1196 3669 1271 3737 Sec.
1285 3667 1359 3735 XV.
1365 3713 1374 3750 ,

205 3812 306 3876 quem
321 3793 508 3863 Mediolani
529 3791 788 3864 accuratissime
809 3791 955 3859 contulit
968 3793 1124 3862 Baiterus
1145 3815 1254 3866 meus.
1297 3795 1376 3859 Con·

203 3918 309 3986 sentit
337 3920 365 3988 is
397 3921 432 3992 in
462 3920 553 3987 vitiis
583 3916 755 4007 plerisque
783 3941 862 3991 eum
892 3918 1156 3995 Oxonieusiltus.
1211 3920 1375 4000 integram

160 4072 167 4080 ·
204 4041 387 4113 lectionem
414 4042 493 4113 alibi
515 4041 616 4111 dabo.
