2850 4759
265 256 432 328 ORATIO
455 254 512 323 IV.
530 255 581 324 IN
601 254 874 337 CATILINAM,
903 274 932 333 o.
956 256 983 321 l.
1142 254 1201 319 ast

54 416 256 490 inmortales!
287 416 444 502 deponite
471 428 571 501 atque
599 414 693 485 obliti
723 414 842 484 salutis
863 433 959 483 mene
981 414 1022 482 de
1044 397 1139 483 vohis
1161 437 1202 484 ac

54 525 87 589 de
105 525 215 592 vestris
234 521 346 591 liberis
367 523 526 602 cogitate.
565 519 652 587 Mihi
671 520 700 588 si
722 517 806 587 haee
826 518 981 587 condicio
1003 517 1201 588 consulatus

53 627 200 705 inlaesi,
226 639 265 693 nt
285 646 402 694 omnes
422 625 638 701 acerbitates,
666 645 785 692 omnes
807 621 943 692 dolores
964 621 1202 709 cruciatusque
1228 643 1231 654 “
1274 689 1275 696 ,

52 771 249 788 ——t-d——O

51 883 116 925 uon·
133 865 242 927 oritione
260 875 373 928 Caesaris
389 879 490 941 pedibas
505 881 593 927 iturum
612 896 638 929 se
655 878 719 930 dixit
736 883 770 946 (c.
787 880 841 942 50.)
875 879 968 945 (Errat
983 882 1057 944 igitur
1073 876 1202 943 Appianas

50 960 73 1009 u.
92 963 117 1011 (l.
134 966 160 1018 2,
178 965 214 1023 5.,
240 965 283 1027 qui
305 966 428 1013 Neronem
446 972 503 1013 auto
521 966 650 1014 Caesarem
671 968 814 1015 sententiam
834 967 925 1015 uiniae
941 965 1035 1026 refert.)
1068 967 1104 1013 M,
1121 974 1202 1016 sutem

51 1048 103 1095 Ceto
121 1055 216 1110 rogatus
236 1051 392 1106 sententiam,
420 1052 567 1098 luculentam
588 1052 656 1098 illam
677 1053 815 1100 orationem
835 1051 933 1107 hahuit,
960 1067 1033 1115 quam
1050 1052 1124 1099 refert
1144 1052 1202 1099 scri·

51 1134 183 1191 paternii.
217 1136 318 1181 Senatus
338 1138 461 1182 decretum
480 1139 521 1193 tit,
547 1137 616 1186 sicuti
634 1136 676 1184 ille
696 1143 822 1186 censuerat
847 1138 882 1199 (c.
901 1139 954 1198 53.)
989 1138 1043 1184 lam
1065 1138 1085 1185 si
1103 1127 1209 1198 praetor

50 1218 174 1265 relationem
191 1220 266 1266 aliam
283 1226 340 1267 aute
358 1220 478 1268 Catonem
498 1227 589 1268 ettam
609 1223 707 1282 longam
731 1219 853 1270 habuisset
870 1224 1007 1270 orationem
1025 1217 1128 1279 Cicero,
1152 1235 1203 1284 quo

51 1304 110 1349 nodo
132 1310 171 1362 ant
191 1315 234 1351 cnr
252 1305 277 1351 ld
294 1306 371 1352 taceri
387 1306 496 1366 potuerit
513 1320 529 1351 a
551 1306 674 1363 Salustio,
692 1320 740 1353 non
754 1305 916 1366 intelligimus.
951 1305 1028 1359 Quidi
1053 1307 1119 1367 quod
1140 1307 1203 1351 idem

49 1390 158 1435 confirmat
183 1390 272 1438 Cicero
297 1391 351 1451 ipse
378 1392 409 1436 ed
441 1387 565 1447 atelle,
582 1392 625 1437 et.
646 1390 683 1451 (a.
703 1403 727 1437 u.
748 1401 770 1437 c.
787 1388 859 1450 709.)
902 1391 961 1449 Legi
986 1389 1054 1435 Bruti
1082 1391 1204 1448 epistotam

51 1486 125 1532 cunque
146 1476 187 1522 tili
208 1478 289 1521 remisi
304 1490 358 1524 suna
375 1488 424 1524 non
439 1477 566 1534 preterca
583 1478 719 1533 rescriptam
735 1478 766 1522 ad
785 1490 826 1530 ea,
844 1488 900 1535 quae
917 1477 1062 1535 requisieras.
1097 1476 1140 1520 Sed
1155 1477 1204 1533 ipre

50 1560 125 1605 uiderit.
160 1563 300 1622 Quamquam
324 1563 382 1608 iliud
407 1564 505 1620 turpiter
533 1563 643 1620 ignorat.-
674 1561 782 1607 Catonem
803 1562 906 1619 primum
932 1562 1065 1606 sententium
1088 1564 1156 1617 putat
1176 1561 1204 1605 de

51 1644 227 1695 animaduersione
248 1648 349 1701 dixisse,
367 1662 435 1706 quam
455 1662 531 1692 omnes
548 1650 599 1690 anm
620 1646 730 1690 dixerant
743 1648 838 1702 praeter
865 1643 996 1697 Caesarem,
1024 1646 1114 1686 etcum
1132 1643 1204 1699 apcius

53 1721 139 1770 &naris
152 1732 198 1772 tam
212 1743 290 1774 renem
302 1727 394 1787 fuerit,
412 1731 452 1788 qui
469 1734 515 1773 tum
530 1731 650 1786 praetorio
666 1732 719 1774 loco
734 1729 836 1782 dixerit,
855 1725 1009 1772 consularium
1021 1732 1091 1785 putat
1105 1725 1204 1771 leniores

46 1806 117 1865 ftitoe,
136 1811 223 1868 Catuli,
242 1813 348 1870 Seruilii,
365 1809 528 1868 Lucullorum,
556 1815 677 1868 Curionis,
702 1807 828 1871 Torquati,
851 1814 950 1869 Lepidi,
977 1808 1061 1866 uetttt,
1091 1812 1204 1866 Vulcatii,

50 1893 126 1951 Figuli,
150 1897 243 1953 (bitae,
270 1900 300 1944 L.
321 1898 438 1953 Cameris,
472 1899 497 1945 G.
516 1901 623 1954 Pisonis,
647 1902 717 1945 etiam
734 1898 777 1946 Μ’.
797 1899 946 1953 Glabrionis,
970 1900 1057 1952 Silani,
1080 1899 1204 1950 Murenae,

49 1977 200 2038 dniguatorum
223 1985 348 2028 consulum.
395 1983 440 2029 Gur
460 1998 517 2043 ergo
538 1985 563 2029 in
585 1988 720 2032 senteutiam
748 1986 854 2032 Catonmi
891 1986 950 2039 Quia
971 1984 1047 2029 cerdis
1070 1983 1204 2028 teutonum

51 2062 101 2110 ritu
119 2071 139 2113 et
157 2068 263 2124 pluribus
283 2082 331 2113 rem
354 2069 447 2113 eandem
470 2072 678 2127 comprehenderat.
720 2071 759 2115 Me
777 2074 852 2115 autem
872 2070 909 2114 hic
932 2070 1025 2121 laudm,
1055 2069 1116 2127 quod
1132 2072 1204 2112 recrea

50 2143 116 2205 ierim,
130 2165 175 2196 non
190 2153 254 2211 quod
266 2151 431 2210 patefecerim,
450 2155 511 2211 quod
527 2156 730 2210 aeterternam,
748 2157 808 2214 quod
825 2155 919 2212 denique
938 2157 1018 2206 ante,
1036 2165 1124 2212 quam
1139 2166 1205 2197 con⁴
1277 2163 1279 2168 ’

50 2234 183 2291 calerent,
201 2239 251 2295 ipre
274 2238 430 2283 iudicaret-im.
469 2238 530 2290 Quae
553 2238 646 2290 omnia,
665 2238 719 2295 quia
742 2231 797 2282 Cato
818 2223 922 2281 laudidus
940 2237 1055 2280 extulerat
1074 2240 1098 2281 in
1118 2240 1206 2282 caetum

48 2321 244 2381 tmmiienduque
258 2326 386 2375 censuerat,
411 2322 500 2367 idcirco
518 2324 542 2366 in
560 2323 607 2366 eius
626 2323 759 2366 senteutiam
779 2326 813 2365 est
825 2319 894 2379 fucta
911 2321 1027 2374 &cessim
1062 2322 1111 2365 Hic
1130 2327 1206 2367 autem

48 2415 68 2446 te
82 2407 142 2451 mam
161 2408 261 2452 tribuere
279 2409 374 2452 muttum
397 2408 454 2452 mitti
471 2410 551 2464 putat,
576 2408 638 2466 quod
656 2407 778 2463 scripserit
799 2405 938 2465 „optimum
957 2407 1111 2452 consulam.“
1149 2408 1206 2461 Quas

50 2489 97 2533 eum
116 2493 209 2538 ieiunius
229 2492 293 2536 dicit
315 2492 440 2537 inimicus?
473 2490 513 2537 Aa
530 2491 563 2538 M.
582 2490 682 2538 Brutum
702 2491 776 2551 igitur
792 2490 818 2537 id
840 2496 934 2536 tantum
954 2498 1113 2550 peruenerat,
1139 2493 1205 2553 quod

49 2571 133 2631 legimus
151 2577 225 2623 etiam
243 2556 310 2635 apud
328 2574 473 2632 Salustium,
494 2576 612 2623 rettulisse
624 2575 779 2622 Ciceronem:
794 2565 953 2637 conqueritur
970 2581 1051 2623 autem
1068 2577 1121 2632 hic,
1139 2580 1206 2637 quod

50 2658 89 2701 tam
106 2658 182 2707 ieiuna
204 2674 235 2707 ac
256 2659 346 2719 frigida
365 2660 438 2706 laude
458 2674 512 2707 usus
532 2659 575 2716 sit,
600 2674 644 2706 nec
666 2659 742 2707 verbo
762 2658 848 2705 saltem
867 2661 996 2722 adiecerit,
1020 2659 1044 2707 iu
1064 2662 1119 2721 lpsa
1142 2662 1206 2709 reia·
1294 2672 1300 2680 ’

49 2740 104 2790 tione
120 2747 242 2794 consulem
266 2746 411 2807 patriocinio
437 2751 515 2794 totum
541 2744 748 2800 coniurationem,
777 2745 932 2792 cohortatum
952 2761 1004 2793 esse
1024 2751 1149 2796 senatores
1173 2748 1207 2793 sd

49 2826 199 2889 teneritatem,
216 2832 292 2879 immo
312 2831 391 2891 ipsum
411 2843 491 2891 prope
507 2829 640 2883 indicetne,
667 2836 799 2890 antequam
818 2837 926 2876 senatum
943 2832 1093 2887 consuleret,
1111 2830 1136 2877 id
1157 2838 1206 2888 est,

48 2908 139 2970 singulos
158 2923 283 2963 senatores
304 2915 446 2972 senitentiam
466 2920 573 2975 rogaret.
610 2914 704 2961 Similia
726 2914 800 2974 igitur
819 2914 862 2971 iis,
887 2914 995 2975 quaein
1018 2915 1064 2961 hac
1091 2891 1224 2962 ‹srsstionex

48 2993 155 3057 leguntur,
180 3002 265 3063 ntique
287 3001 364 3048 Nouis
381 2999 508 3047 Decemhr.
529 3005 681 3058 exposuerat
698 2999 801 3055 Cicero,
823 3001 879 3056 sed,
902 3001 968 3060 quod
985 2999 1116 3045 identidem
1135 3013 1206 3060 repe·

48 3081 130 3128 tendum
148 3091 196 3143 est,
214 3100 269 3133 cum
286 3085 402 3142 referret,
424 3099 473 3147 qua
495 3083 520 3147 in
540 3084 659 3130 relatione
676 3088 743 3129 certe
763 3084 854 3135 nnllam
869 3082 947 3129 Silani
964 3084 991 3129 et
1012 3082 1125 3130 Caesaris
1139 3095 1207 3131 men·

48 3162 125 3213 fluam
142 3168 224 3218 iacere
242 3174 349 3231 poteret,
384 3168 427 3217 Bis
442 3183 474 3217 eo
488 3168 563 3216 diesi
580 3157 655 3217 verba
671 3168 780 3225 fecisset,
803 3167 828 3214 id
850 3167 965 3227 proiecto
981 3166 1006 3212 in
1028 3167 1074 3213 hae
1099 3168 1207 3228 epistola

48 3250 163 3320 admodum
182 3254 339 3301 stomachose
362 3253 460 3302 minimo
482 3251 590 3300 Atticum
613 3254 728 3309 celasset,
751 3253 794 3299 sed
813 3252 890 3302 verbo
909 3251 1040 3299 monuisset
1062 3235 1220 3301 vacillantes*

47 3330 100 3380 itter
114 3343 242 3400 atramque
263 3338 406 3385 seutentiam
429 3345 552 3402 senatores
572 3353 589 3384 a
609 3351 660 3385 sese
681 3339 705 3384 in
724 3342 815 3384 rectam
840 3337 905 3384 viem
928 3338 1040 3383 reductos
1060 3352 1112 3385 esse
1132 3343 1207 3400 atque

48 3419 74 3462 ad
90 3422 232 3469 serenorum
253 3423 396 3472 sententiam
417 3423 545 3483 proniores
567 3417 647 3489 iactos
670 3422 720 3468 iam
747 3431 805 3469 ante
823 3405 930 3469 'Catonis
954 3422 1101 3469 orationem.
1135 3422 1207 3470 Haec

47 3499 77 3547 ita
94 3505 210 3554 subtiliter
229 3507 403 3555 demonstravit
428 3506 535 3563 dhretis,
566 3515 606 3566 ut,
632 3507 758 3570 quomodo
782 3507 833 3554 eins
856 3506 942 3566 opinio
969 3506 1091 3553 confutari
1107 3508 1207 3567 possit,

47 3598 188 3651 nequaqnam
205 3591 360 3653 perspiciam.
394 3570 481 3655 Neque
502 3593 565 3639 enim
583 3592 714 3654 quidquam
733 3591 848 3651 praesidii
869 3591 921 3651 peti
944 3596 1028 3651 potest
1045 3603 1079 3638 ex
1097 3590 1206 3654 Appiani

47 3672 114 3720 rerhis
130 3674 161 3723 B.'
177 3677 206 3726 C·
224 3678 255 3734 2,
272 3678 296 3723 6.
314 3672 428 3726 Κάτων·
440 3700 451 3712 -
463 3676 507 3725 aui
524 3667 539 3727 ὅ
558 3677 695 3743 Κικέρων·
706 3694 718 3713 ⁶
729 3679 829 3727 instaur
845 3667 878 3733 ὦς
897 3669 1053 3744 αὐτοφώρων
1072 3669 1133 3727 circu
1153 3681 1209 3746 spi.

48 3771 99 3814 usuc
111 3753 275 3826 καταγνῶναι.
312 3759 391 3808 Sensit
410 3767 491 3807 eutem
511 3761 565 3821 ipse
584 3762 668 3812 rhetor
687 3762 745 3823 fingi
765 3778 781 3809 a
799 3778 825 3809 se
844 3776 997 3824 nequaquam
1018 3778 1091 3825 posse
1112 3766 1207 3813 oratio⁴

47 3854 93 3889 nem
112 3859 129 3891 a
144 3845 263 3893 Cicerone
282 3846 402 3905 habitam,
428 3852 557 3907 postquam
575 3846 642 3894 Cato
660 3847 804 3895 sententiam
823 3846 938 3905 dixisset,
955 3851 1042 3907 utpote
1062 3861 1126 3911 quae
1144 3866 1206 3896 sum·

48 3926 211 3977 misleudihus
233 3946 249 3977 a
266 3938 321 3978 toto
342 3938 426 3978 senatu
446 3937 553 3991 excepta
572 3938 633 3978 esset
652 3931 723 3992 (Sal.
737 3942 764 3977 c.
783 3929 850 3990 id),
871 3934 934 3979 eden
958 3938 985 3979 ut
1003 3948 1102 3993 prorsus
1122 3949 1206 3993 super⁴

48 4021 159 4071 ramnes,
176 4015 250 4062 immo
265 4015 348 4075 inepta
369 4016 453 4062 inisset
473 4015 589 4063 eiusmodi
604 4008 760 4070 erihortatio,
779 4016 876 4078 qualem
893 4017 931 4064 hic
950 4017 1063 4078 legimus,
1081 4025 1207 4080 utramque

47 4098 178 4145 sententiam
197 4106 222 4145 et
241 4100 372 4162 capitalem
391 4106 416 4147 et
437 4100 557 4148 lenIorem
572 4114 664 4147 summa
683 4114 739 4146 cum
756 4101 871 4148 cantione
890 4100 953 4147 inter
971 4114 997 4147 se
1014 4104 1207 4149 contendentem.

48 4177 116 4227 Facili
133 4183 229 4243 quidem
248 4199 338 4245 opera,
357 4185 430 4233 immo
447 4185 533 4232 festine
548 4183 623 4232 totius
638 4183 674 4230 rei
691 4184 855 4231 difficultatem
872 4191 981 4233 removet
993 4186 1060 4231 netu
1073 4186 1206 4232 Gmcnictste

47 4263 83 4308 der
98 4270 225 4328 rdmisctsen
240 4270 410 4328 Birgerkriege
428 4270 460 4324 2,
477 4285 503 4331 p.
521 4267 580 4318 sat.
614 4268 657 4313 Bei
672 4269 764 4314 sotcier
780 4270 927 4316 emendem
940 4270 1067 4327 Stimmung
1084 4271 1115 4313 im
1128 4259 1207 4314 Seresti

48 4345 268 4410 iticttejedermann
286 4351 401 4412 dngstticls
416 4352 464 4413 aus
475 4355 519 4399 den
539 4348 637 4407 Consul,
662 4359 692 4397 ro·
705 4354 759 4399 dass
780 4352 860 4400 Cicero
881 4370 905 4401 er
921 4355 982 4400 aden
1002 4354 1124 4399 Senatoren
1141 4365 1206 4399 aare

848 4458 894 4522 ,16
