2850 4759
184 314 232 362 ΧΠ

182 498 279 580 beat,
304 496 463 594 praefero
483 518 578 564 nunc
598 495 686 563 Oix.
713 513 750 563 et
771 492 891 562 Lamb.
911 515 1004 587 susp.
1022 490 1044 533 ³⁵*
1062 488 1231 561 induare:
1256 514 1366 575 „cum

182 615 349 709 cogitaret
356 619 535 685 Caesarem
549 635 660 683 unum
676 637 749 683 esse
760 612 798 679 in
814 613 898 681 orne
919 629 1104 689 terrarum,
1125 608 1189 703 qui
1204 608 1366 688 iudicare

181 733 275 804 dese
296 733 501 830 (Deiotaro)
518 731 622 802 etiam
639 734 778 802 absente
798 754 976 825 regnoque
997 753 1033 798 se
1050 727 1200 823 spoliare
1221 749 1362 825 posset3

180 853 237 922 atii
247 878 330 923 vero
340 852 483 931 iudices,
494 877 585 946 qnos
594 854 716 921 absens
727 849 978 933 reformidaret,
991 847 1081 917 nulli
1093 855 1257 917 erant.-ss-
1267 849 1293 936 S
1304 849 1360 919 22.

178 971 409 1041 vinxeritErs.
421 1018 469 1032 -
484 969 776 1040 *excursionibus
796 967 965 1039 et.·'-uel
980 966 1065 1062 quia
1080 992 1151 1035 uon
1171 953 1285 1037 nosset
1309 969 1366 1038 vel

178 1092 212 1159 si
235 1101 358 1160 nosset.
409 1094 533 1159 Nostra
561 1088 667 1158 lectio
691 1088 784 1159 hanc
814 1090 958 1186 praebet
985 1084 1205 1156 sententiam:
1232 1085 1362 1186 „Deio-

178 1226 272 1277 tarus
304 1207 438 1306 optime
468 1203 649 1280 'Romanos
678 1207 796 1292 novit,
831 1232 893 1277 eos
927 1204 1110 1288 videlicet,
1140 1225 1180 1275 ut
1212 1230 1361 1278 consen«

177 1345 319 1396 taneum
352 1348 422 1411 est,
474 1328 537 1421 qui
572 1327 713 1422 ingenio
756 1345 792 1396 et
830 1326 955 1422 opibus
992 1325 1048 1396 vel
1088 1324 1192 1395 etiam
1231 1323 1360 1421 insigni

177 1444 292 1539 aliqua
301 1445 469 1542 pravitate
485 1447 590 1540 volgo
604 1446 681 1516 noti
697 1464 796 1533 sunt;
813 1444 1004 1515 Caecilium
1014 1444 1120 1539 igitur
1132 1463 1358 1518 contemnere

177 1561 313 1648 debuit,
344 1563 403 1633 arel
417 1566 504 1661 quia
529 1578 660 1652 nosset,
693 1585 734 1635 nt
751 1565 934 1636 hominem
956 1590 1160 1662 perversum
1180 1583 1216 1633 et
1241 1590 1358 1634 rerum

177 1705 348 1751 novarum
368 1682 556 1780 cupidum,
581 1685 640 1755 uel
654 1686 739 1780 quia
759 1712 829 1754 naa
850 1696 980 1767 nosset,
1007 1681 1104 1777 quod
1124 1681 1241 1779 ipsum
1258 1684 1356 1779 signo
1386 1752 1391 1759 .

178 1818 267 1884 erat,
303 1826 386 1871 eum
408 1802 590 1873 hominem
619 1807 809 1873 obscurum
838 1829 879 1873 ac
913 1802 1013 1873 nullo
1035 1827 1184 1872 numero
1211 1788 1358 1901 propte-

177 1943 304 2015 reaque
338 1921 603 2019 despiciendum
636 1948 720 1992 esse.
732 1937 753 1968 “
777 1966 826 1980 —
855 1923 997 1999 Veteres
1023 1923 1133 1993 credo.
1161 1964 1213 1980 -
1237 1925 1367 1996 anina

166 2041 272 2139 suit?
300 2039 379 2139 Qua
400 2042 516 2112 modo.
530 2086 579 2099 -
595 2044 700 2124 aluit;
724 2069 837 2140 quem.
855 2085 906 2101 -
925 2043 1026 2113 nulla
1045 2030 1088 2113 re.
1106 2043 1357 2140 -periculum

80 2165 83 2170 ’
177 2170 289 2254 atque.
312 2203 361 2217 -
386 2157 486 2249 525.
505 2163 638 2233 inimici
652 2191 737 2234 uua.
757 2166 852 2266 “S
872 2164 928 2233 27.
951 2162 1089 2258 quidem
1109 2161 1176 2232 ille.
1193 2205 1240 2219 -
1258 2163 1283 2251 S
1298 2163 1356 2232 28.

175 2277 238 2350 Ita
256 2277 473 2386 Deiotarum.
493 2328 540 2344 -
564 2307 669 2352 senex
693 2284 732 2352 iu
755 2309 804 2352 eo.
822 2309 871 2343 -‘-
897 2284 922 2370 S
948 2280 1005 2352 29.
1029 2283 1093 2377 qui
1109 2286 1213 2380 pacis
1236 2293 1360 2356 auctor

174 2422 307 2494 semper
313 2402 385 2499 sui.
403 2447 452 2464 -
467 2426 593 2470 suasor
599 2404 760 2501 fuissem.
780 2443 828 2459 --
846 2402 871 2489 S
889 2402 947 2470 50.
965 2401 1168 2496 acerbitates.
1188 2445 1236 2459 -
1253 2401 1280 2488 S
1295 2401 1355 2478 51.

175 2517 392 2613 apprehendi
414 2520 485 2589 Erf.
506 2563 555 2580 -·
581 2521 606 2608 S
632 2521 689 2589 52.
719 2547 831 2590 nouae
859 2519 919 2589 ad.
940 2566 990 2580 -
1012 2518 1278 2590 inhumanitate.
1306 2564 1356 2618 --¹

94 2739 99 2744 Ι
175 2621 213 2723 S
227 2635 284 2705 55.
311 2638 438 2732 optimi
457 2637 619 2724 homiues.
639 2683 685 2698 --
704 2640 759 2710 ad
771 2666 898 2731 regem,
924 2640 1044 2735 iuquit.
1067 2634 1220 2710 -'N0n
1233 2664 1288 2710 me
1302 2639 1353 2707 iu·
1409 2673 1410 2744 p

176 2752 304 2845 tellegis
333 2761 411 2842 (err.
436 2762 590 2856 typogr.)
610 2801 661 2816 -
681 2763 870 2844 sensimus,
897 2754 937 2829 te.
958 2800 1009 2814 ·-
1028 2759 1053 2848 S
1072 2759 1129 2847 34.
1150 2759 1188 2827 ia
1208 2758 1353 2828 uictoria
1409 2771 1410 2786 ¹

175 2873 296 2943 ducem
323 2876 485 2968 uidimus.
508 2926 556 2941 -
583 2879 705 2969 ¹nullus
730 2880 826 2948 locus
853 2892 915 2949 ests
936 2923 984 2938 -
1010 2881 1035 2968 S
1061 2873 1118 2947 55.
1147 2890 1185 2946 tu
1217 2878 1283 2953 illi.
1306 2924 1351 2937 -

174 2992 196 3036 ’²³³
217 2994 437 3066 existimares
456 2997 526 3066 Ert.
572 2998 685 3089 Quod
704 3000 734 3068 si
750 3000 841 3070 hanc
862 2997 1069 3070 sententiam
1089 2997 1131 3068 ad
1150 2997 1351 3068 Deiotarum

173 3114 299 3184 referre
331 3116 497 3186 voluisset
530 3118 668 3203 Cicero,
713 3145 794 3189 sane
826 3101 1017 3216 scripsisset
1052 3129 1237 3214 reputaret,
1279 3141 1350 3187 non

172 3234 402 3318 existimaret,
432 3236 555 3322 dere,
585 3238 683 3309 euius
707 3240 921 3311 existimatio
945 3238 988 3307 ad
1020 3238 1179 3330 regulum
1207 3234 1349 3305 minime

171 3349 376 3446 pertinebat.
394 3392 436 3407 -
455 3357 479 3454 S
497 3356 553 3425 56.
576 3384 654 3425 cum
670 3371 902 3456 posteaquam
924 3386 948 3427 a
962 3357 1128 3453 Sceptiana.
1149 3397 1200 3412 —
1209 3358 1349 3455 sactum

171 3494 250 3538 esse.
271 3517 318 3531 -
345 3473 563 3544 sustinuerat.
585 3517 627 3531 -
653 3478 678 3566 S
698 3480 756 3550 57.
780 3493 811 3549 et
837 3478 1028 3575 repperisse.
1046 3518 1096 3533 -
1121 3477 1169 3545 ab
1190 3475 1349 3545 omnihus

170 3589 262 3658 eruta
281 3602 426 3660 ornatus
446 3604 512 3678 est,
538 3598 606 3691 qui.
628 3640 678 3654 -
695 3600 719 3695 §
745 3602 802 3669 58.
828 3599 851 3641 '³³²'
871 3599 961 3666 euim
986 3598 1066 3667 bene
1083 3596 1153 3665 Erf.
1174 3636 1226 3651 -
1248 3598 1273 3683 S
1292 3592 1347 3663 59.

170 3707 293 3807 officia
318 3711 355 3778 t'n
378 3738 441 3781 me.
466 3758 511 3775 --
540 3717 726 3813 quisquam
754 3722 877 3790 timere.
899 3764 946 3778 -
979 3716 1002 3812 §
1025 3719 1085 3804 40.
1111 3695 1276 3810 quonam.
1302 3761 1349 3772 —

166 3830 320 3926 prosecta
337 3831 379 3901 id
392 3833 653 3908 misericordiae.
673 3881 722 3894 -
739 3849 965 3917 monumenta
986 3848 1065 3905 tuae
1085 3833 1290 3928 elementiae.
1304 3871 1345 3885 -
1406 3913 1407 3936 χ

168 3947 276 4036 S‘41.
300 3953 489 4025 tradituros
513 3955 665 4056 confido.
690 4004 740 4018 -
762 3960 787 4047 S
806 3959 865 4049 42.
898 3958 920 4003 '²²³
944 3954 1159 4026 recubuisset.
1212 3957 1253 4021 In
1273 3973 1349 4018 mea

168 4065 233 4138 Ed.
257 4091 308 4141 est
336 4099 400 4144 err.
431 4093 568 4173 typogr.
598 4075 813 4147 secubuisses.

634 4198 648 4239 s
865 4193 889 4244 t<

746 4252 768 4294 ts
