2850 4759
163 276 387 348 accusas.
405 276 455 348 ΙΝ
475 277 516 347 c.
537 274 836 347 vusuumlu.
857 276 915 356 lv,
936 297 968 346 ο.
988 279 1103 347 seru.
1183 280 1238 345 rs
1259 263 1263 268 ’

46 435 269 517 Centuripina
282 434 474 513 civitate,a
491 433 684 513 (insulensi,
704 435 747 502 ab
761 433 957 510 Halaesina,
978 433 1223 515 Tyndaritana,
1268 445 1272 452 “

45 537 239 613 Hennensi,
262 536 485 617 Agyrinensi,
509 535 703 617 ceterisque·
716 535 849 603 Siciliae
868 537 1060 603 civitatibus
1076 537 1225 602 eireuru·

46 638 153 704 veniri
174 648 278 719 atque
295 636 444 717 opprimi
471 634 582 705 dieis?
605 647 663 702 tua
690 636 845 704 tealtera
862 638 987 720 patria,
1007 636 1225 719 quemadmo-

50 734 133 803 dum
161 736 276 803 disere
306 735 460 816 solebas,
496 737 661 805 Messana
684 738 925 805 circumvenit:
961 748 1036 822 tua,
1069 742 1226 819 inquam,

51 840 229 915 Messana,
249 848 387 904 tuorum
406 836 558 905 adiutrix
578 835 769 917 scelerum,
790 835 968 912 libidinum
988 838 1102 914 testis,
1129 855 1228 919 prae·

56 936 174 1004 darum
196 956 236 1001 ao
257 934 432 1003 furtorum
451 937 635 1018 receptrix·
673 937 784 1006 Adest
807 939 897 1005 enim
922 937 974 1004 vir
996 935 1227 1020 amplissimus

56 1034 123 1100 eius
145 1033 305 1111 ciuitatis,
325 1033 458 1115 legatus
474 1035 576 1104 buius
592 1036 707 1103 iudicii
724 1058 829 1106 eausa
849 1037 952 1106 domo
974 1037 1116 1122 missus,
1137 1037 1229 1118 prin·

54 1154 131 1215 ceps
151 1132 357 1202 laudationis
383 1146 477 1202 tuae:
497 1137 556 1219 qui
577 1147 610 1203 te
634 1137 769 1218 publice
791 1136 923 1205 laudat:
956 1139 1004 1204 ita
1025 1137 1229 1206 eninr-mau-

54 1235 170 1301 datum
198 1246 299 1318 atque
321 1236 529 1318 imperatum
558 1249 610 1306 est
632 1272 669 1287 -
694 1238 847 1306 Tametsi
872 1247 1012 1318 rogatus
1037 1236 1079 1304 de
1101 1237 1230 1317 eybaea

57 1336 173 1401 tenetis
194 1338 380 1412 memoria,
401 1337 480 1418 qnid
503 1338 732 1421 responderit:
762 1338 974 1406 aedificatam
989 1336 1131 1419 publicis
1148 1356 1229 1419 ope·

55 1437 116 1514 ais,
138 1435 275 1518 publice
297 1440 446 1516 coactis,
469 1439 572 1521 eique·
585 1438 813 1509 aedificandae
828 1437 962 1522 publice
982 1438 1228 1505 Mamertinum

56 1549 248 1610 senatorem
269 1538 511 1620 praefuisse-
523 1538 618 1606 Idem
641 1538 685 1607 ad
704 1560 768 1608 ros
784 1541 960 1622 privatim,
979 1536 1127 1617 iudices,
1149 1558 1230 1603 eou-

58 1638 154 1718 lugit:
176 1638 286 1704 utitur
309 1636 753 1722 haelege,quaiud10ium
779 1651 850 1717 est,
878 1641 1051 1707 communi
1076 1659 1155 1705 aree
1172 1659 1230 1706 so·

58 1738 198 1806 riorum.
237 1739 390 1807 Tametsi
411 1738 468 1806 lex
486 1752 539 1809 est
560 1741 602 1808 de
621 1742 773 1823 pecuniis
794 1741 1010 1824 repetundis,
1032 1739 1088 1805 ille
1109 1760 1147 1808 se
1170 1758 1230 1806 ne·

57 1852 111 1920 gat
130 1841 313 1922 pecuniam
332 1851 504 1922 repetere,
536 1863 636 1925 quam
665 1855 818 1924 ereptam
845 1865 915 1908 nou
942 1853 1118 1922 tantopere
1142 1839 1232 1907 desi-

58 1939 167 2007 derat:
190 1961 288 2009 sacra
313 1963 351 2008 se
372 1942 540 2010 maiorum
559 1964 701 2010 suorum
721 1955 875 2024 repetere
893 1943 952 2009 abs
974 1954 1006 2008 te
1024 1942 1124 2007 dicit:
1148 1940 1232 2007 deos

59 2055 194 2123 penates
217 2059 252 2109 te
274 2044 402 2126 patrios
422 2045 584 2125 reposcit.
625 2043 734 2124 Ecqui
754 2044 866 2126 pudor
886 2043 969 2110 esti)
1003 2061 1129 2124 ecquae
1153 2040 1231 2106 reli·
1254 2043 1292 2103 ts

60 2144 134 2223 gio,
156 2145 308 2213 Verres?
330 2145 428 2226 ecqui
448 2142 588 2211 metus'i
608 2143 775 2211 Habitasti
795 2144 884 2226 apud
898 2145 1018 2210 Heium
1036 2145 1233 2212 Messanae:

63 2264 115 2309 res
138 2242 231 2311 illum
251 2243 382 2314 divinas
405 2244 495 2327 apud
521 2265 579 2311 eos
601 2243 683 2310 deos
706 2246 739 2309 in
766 2265 829 2309 suo
851 2246 1000 2311 sacrario
1018 2265 1125 2325 prope
1148 2245 1233 2310 eoti·

64 2341 161 2409 diano
184 2345 299 2424 lacere
323 2345 455 2414 vidisti:
487 2368 556 2411 nou
586 2354 745 2412 movetur
770 2347 928 2427 pecunia:
971 2344 1115 2426 denique
1148 2363 1234 2425 quae

64 2449 247 2513 ornamenti
265 2469 368 2514 causa
385 2448 538 2523 suerum,
553 2470 621 2514 nou
640 2448 798 2530 requirit:
819 2446 876 2511 tibi
893 2444 980 2512 habe
992 2444 1233 2526 Canephorosa

64 2544 200 2620 deorum
223 2548 407 2616 simulacra
431 2551 587 2615 restitue.

141 2648 237 2737 Qarae
265 2649 343 2730 quia
367 2648 469 2729 dixit,
495 2653 573 2733 quia
596 2663 750 2735 tempore
774 2650 853 2718 dato
878 2649 1034 2718 modeste
1054 2649 1144 2731 apud
1171 2670 1235 2716 vos

64 2750 172 2817 socius
197 2751 395 2833 amicusque
423 2751 540 2832 populi
567 2754 708 2820 Romani
729 2764 869 2835 questus
892 2764 958 2818 est:
981 2751 1058 2833 quia
1079 2749 1236 2830 religioni

66 2870 144 2916 suae
163 2875 232 2919 non
253 2852 360 2918 modo
379 2853 413 2918 in
432 2851 495 2919 diis
516 2856 634 2935 patriis
657 2852 869 2935 repetendis,
891 2852 950 2917 sed
977 2853 1077 2917 etiam
1106 2853 1138 2916 in
1162 2853 1235 2932 ipso

67 2954 257 3019 testimonio
280 2975 320 3019 ac
344 2952 563 3020 iureiurando
584 2954 764 3033 proximus
788 2953 868 3016 luit:
897 2950 1070 3016 homiuem
1092 2951 1236 3016 missum

68 3052 106 3116 ab
120 3053 182 3120 isto
201 3055 325 3120 scitote
345 3075 421 3121 esse
439 3055 636 3120 Messanam
657 3053 699 3117 de
716 3050 835 3130 legatis
852 3072 979 3128 unum,
999 3049 1092 3115 illum
1111 3051 1238 3131 ipsum‚·

69 3153 121 3231 qui
153 3156 230 3220 navi
261 3155 343 3220 isius
373 3152 600 3221 aedificandae
625 3150 758 3233 publice
787 3151 948 3231 praefuit,
982 3151 1037 3232 qui
1069 3171 1088 3215 a
1116 3153 1236 3216 senatu

68 3264 209 3332 peteret,
239 3266 278 3320 ut
302 3254 406 3320 Heius
431 3258 619 3320 alliceretur
648 3252 843 3330 ignominia.

143 3353 203 3421 lx.
246 3356 360 3421 Homo
397 3356 645 3437 amentissime,
682 3351 760 3434 quid
787 3353 942 3434 potastis
977 3355 1237 3435 impetraturum
1261 3354 1299 3414 lu

70 3453 125 3519 tei
144 3455 307 3537 quantiis
334 3478 350 3517 a
373 3455 502 3521 civibus
522 3456 592 3520 suis
613 3454 727 3528 fieret,
748 3455 863 3535 quanti
882 3456 1066 3520 auctoritas
1086 3455 1157 3520 eius
1178 3453 1239 3520 ha·
1284 3530 1291 3543 ‚
1324 3458 1326 3461 ’

70 3573 289 3591 -u——n-

133 3644 200 3705 tls.
218 3644 349 3706 cotidiano]
373 3647 435 3707 Reg.
461 3646 528 3693 Leid.
546 3646 678 3709 Antiquior
695 3648 775 3694 forma
792 3661 855 3694 nuuc
872 3648 930 3694 satis
948 3653 1013 3703 tutas
1044 3648 1089 3694 cfr.
1112 3648 1199 3706 Meyer
1216 3654 1240 3695 et

69 3737 109 3770 ute
124 3728 153 3770 ad
164 3727 234 3773 Orat,
247 3726 258 3787 §
271 3728 326 3773 120.
345 3728 454 3788 Madvig.
472 3729 518 3788 Ep.
538 3744 563 3788 p,
581 3731 623 3775 60.
641 3729 683 3790 qul
700 3735 829 3788 comparat
847 3733 963 3784 crastino,
981 3733 1100 3786 hesterno,
1118 3732 1240 3782 matutino,

69 3812 191 3864 repentino.
226 3810 362 3869 Volgarem
380 3813 465 3856 conata
486 3810 608 3856 substituit
625 3811 674 3856 iam
692 3811 869 3856 vatio-titt
885 3811 952 3872 lube]
972 3812 1034 3870 Reg.
1051 3810 1119 3856 Leid.
1140 3810 1195 3856 Vat.
1214 3812 1240 3856 Z.

72 3889 151 3950 Volgo
179 3892 337 3939 omittebatur
360 3907 385 3939 v.
408 3893 459 3938 tibi.
503 3892 571 3939 Nota
596 3899 632 3939 est
656 3893 763 3938 foranula
790 3892 905 3938 divortii:
933 3907 971 3937 rer
988 3897 1039 3936 tuas
1056 3894 1099 3937 tibi
1116 3894 1181 3939 boba.
1207 3918 1242 3931 -

69 3969 192 4020 Poritione
208 3988 248 4021 rr.
267 3988 330 4021 nunc
347 3979 448 4032 recepta
465 3988 480 4020 e
497 3975 559 4034 Reg.
577 3974 644 4020 Laid.
664 3974 721 4018 Vat.
739 3974 815 4032 Sgall.
832 3975 962 4032 qfficaretar
980 3975 1109 4031 ignominia
1126 3967 1241 4039 (ἀτιμίᾳ)

69 4064 118 4109 pro
132 4055 177 4111 iga.
194 4057 235 4114 aff.
254 4056 349 4102 tollitur
366 4056 505 4124 hexametri
522 4056 648 4111 clausula,
662 4069 738 4116 quam
755 4069 804 4102 uon
822 4055 901 4101 miuus
917 4054 1131 4104 studioaedoritat
1143 4057 1239 4111 Cicero,

69 4142 141 4188 quam
156 4141 237 4193 captat
255 4134 380 4182 Salustius.
415 4163 417 4172 r

136 4232 146 4294 l
170 4237 206 4285 19.
231 4240 287 4299 quid
308 4243 419 4297 parmata
454 4243 627 4299 impetraturum
653 4241 707 4303 rer]
737 4257 791 4290 eum
814 4244 943 4303 Madvigio
966 4247 1073 4301 praetuli
1096 4246 1159 4290 banc
1182 4245 1237 4290 loct.
