2850 4759
205 228 429 299 ACCUSAT.
452 228 502 296 IN
523 228 565 294 C.
587 228 780 310 VERREM
801 231 884 298 LlB.
906 232 965 311 IV,
986 257 1015 304 e.
1031 237 1082 301 ⁵7.
1200 239 1241 305 67

62 401 135 456 tam»
149 386 310 470 elegans,
334 400 401 454 tam
425 386 655 466 elaboratum,
679 392 857 473 quisquam
872 413 941 459 uon
957 395 1059 463 modo
1074 396 1240 477 privatus,

59 491 115 556 sed
138 490 291 572 populus
311 492 424 572 potius
440 490 594 572 haberet,
617 513 717 571 quam
734 491 837 559 lioruo
854 492 1124 572 elegantissimus
1139 509 1241 578 atque

62 593 315 664 eruditissimus
348 592 499 660 Verres?
550 592 720 660 Nimirum
752 606 873 660 eontra
905 595 971 662 diei
1001 595 1082 663 nihil
1114 609 1239 678 potest.

61 695 228 762 Nostrum
254 695 342 758 enim
365 694 614 776 unumquisque,
646 696 702 774 qui
727 705 795 759 tam
824 697 930 775 beati,
963 719 1063 781 quam
1085 699 1150 764 iste
1171 712 1241 783 est,

64 818 130 861 uon
151 816 289 876 sumus,
313 806 380 860 tam
405 794 538 860 delicati
560 814 724 862 essenon
746 795 946 876 possumus,
975 798 1160 880 siquando
1182 798 1243 866 ali·

67 897 142 978 quid
164 895 357 964 istiusmodi
380 896 496 962 videre
517 894 633 971 volet,
664 909 720 961 cat
747 896 789 962 ad
820 897 939 964 aedem
967 899 1168 977 Felicitatis,
1199 900 1244 968 ad

66 1011 322 1068 mortumeutum
346 996 475 1075 Catuli,
502 999 536 1062 in
558 997 730 1078 porticum
754 998 903 1078 Metelli,
938 998 996 1065 det
1017 1021 1174 1082 operam,
1204 1013 1243 1078 ut

64 1099 263 1165 admittatur
282 1102 316 1164 in
339 1098 481 1166 alicuius
509 1100 655 1166 istorum
678 1097 933 1177 Tusculanum
967 1112 1099 1181 spectet
1127 1101 1242 1180 sorum

62 1211 239 1277 ornatum,
259 1200 288 1265 si
309 1199 387 1280 quid
409 1200 473 1265 iste
494 1221 638 1267 suorum
660 1199 823 1267 aedilibus
846 1202 1093 1279 commodarita
1118 1191 1243 1274 Verres

62 1301 141 1372 haee
164 1302 287 1370 lrabeat
310 1301 415 1381 dotari,-
452 1301 577 1368 Verres
605 1304 815 1368 ornamentis
843 1306 1002 1368 fanorum
1025 1315 1126 1385 atque
1148 1305 1245 1384 oppi-

63 1404 185 1487 dorum
202 1404 324 1472 lrabeat
338 1402 470 1485 plenam
489 1402 647 1480 domum,
664 1400 761 1470 villas
777 1403 932 1472 refertas.
971 1402 1128 1470 Etiamne
1143 1404 1244 1474 huius

63 1508 209 1588 operarii
231 1503 342 1573 studia
365 1527 406 1572 ao
426 1503 582 1582 delicias,
604 1504 749 1581 iudices,
770 1504 977 1585 per-seretis?
999 1505 1054 1587 qui
1069 1507 1116 1570 ita
1130 1517 1244 1588 natus,

63 1608 106 1672 ita
124 1606 384 1684 educatusost,
416 1608 462 1672 ita
483 1607 596 1672 faetus
617 1618 651 1672 et
673 1608 787 1673 animo
816 1618 849 1672 et
875 1627 1037 1687 corpore,
1069 1619 1108 1673 ut
1129 1607 1239 1675 multo

61 1710 250 1790 appositior
271 1707 311 1772 ad
333 1707 493 1787 ferenda,
516 1730 616 1789 quam
640 1706 680 1774 ad
703 1707 890 1774 auferenda
910 1710 1006 1788 sigua
1027 1729 1103 1776 esse
1125 1709 1241 1776 ridea-

63 1821 125 1876 tur.
170 1813 285 1891 Atque
317 1808 400 1874 haee
433 1809 569 1891 Sappho
600 1808 733 1875 sublata
763 1822 924 1892 quantum
958 1811 1158 1878 desiderium
1189 1815 1305 1879 suilli

62 1910 257 1993 reliquerit,
277 1909 345 1974 daei
368 1910 426 1975 vix
447 1922 572 1990 potest.
616 1914 701 1976 Nam
726 1933 804 1978 curn
820 1914 892 1993 ipsa
906 1914 973 1979 i'uit
987 1916 1125 1994 egregie
1140 1915 1243 1989 sacta,

65 2025 134 2078 tum
159 2014 371 2094 epigramma
386 2011 558 2077 Graecum
574 2012 749 2092 pernobile
765 2016 907 2079 incisum
925 2017 1024 2081 estin
1040 2016 1130 2093 basi,
1152 2014 1245 2095 quod

65 2116 127 2180 iste
150 2114 305 2180 eruditus
328 2112 433 2180 hemo
455 2113 710 2190 ot‚Graeculias,
733 2117 789 2195 qui
811 2114 895 2179 haee
915 2115 1244 2202 subtiliteriudieat,

69 2219 123 2295 qui
141 2216 232 2282 solus
248 2213 420 2293 intelligit,
443 2216 471 2281 si
493 2234 595 2280 unam
613 2214 762 2282 litteram
780 2219 947 2280 Graecam
962 2216 1099 2308 scisset,
1114 2220 1249 2289 †eerte

67 2340 136 2382 uon
164 2315 367 2383 sustulisset.
409 2309 514 2395 Nurac,
540 2318 648 2391 euim,
687 2316 778 2397 quod
811 2317 976 2397 seriptum
1004 2327 1060 2382 est
1090 2316 1180 2382 iuaui
1213 2317 1246 2380 in

65 2405 152 2493 basi,
180 2414 350 2491 declarat,
377 2416 456 2497 quid
478 2417 598 2493 luerit,
627 2429 661 2484 et
680 2416 715 2486 id
737 2414 888 2482 ablatum
908 2416 1048 2490 indioat.
1086 2485 1088 2488 ,

145 2516 267 2607 Qutda
311 2518 450 2595 signum
485 2517 626 2582 Paeanis
655 2538 702 2583 ex
733 2518 816 2585 aede
846 2515 1247 2608 Aesculapii-praeclare

67 2606 220 2696 saelum,
240 2640 375 2684 sacrum
399 2639 439 2682 ae
461 2615 678 2696 religiosum,
706 2641 773 2685 non
795 2618 993 2685 sustulisti?
1016 2617 1106 2701 quod
1128 2640 1248 2684 onmes

64 2734 208 2801 propter
242 2718 528 2801 pulchritudinem
563 2719 694 2796 visere,
729 2732 869 2800 propter
903 2718 1103 2799 religionem
1133 2718 1248 2784 colere

66 2821 231 2887 solebant.
275 2820 396 2908 Qutdt
434 2841 478 2884 ex
506 2818 588 2883 aede
616 2819 727 2883 Liberi
754 2819 977 2888 simulacrum
1005 2821 1152 2884 Aristaei
1173 2841 1240 2883 uon
1251 2830 1313 2891 128

68 2934 126 2988 tuo
148 2922 294 3003 imperio
316 2908 428 3002 palam
453 2919 602 2986 ablatum
625 2918 704 2984 esti>
737 2918 858 3009 Quid?
892 2939 937 2983 ex
956 2917 1039 2984 aede
1060 2917 1150 2992 lovis
1171 2915 1248 2981 reli·

71 3204 110 3260 14.
128 3230 162 3242 -
180 3187 335 3268 ornamentis]
362 3205 423 3264 Reg.
446 3204 531 3265 Leia,
563 3217 647 3250 omnes
670 3204 748 3249 Cedd.
771 3178 885 3260 meliores
905 3204 1070 3246 oruamentum.
1105 3199 1179 3245 Fatue
1201 3200 1249 3246 hoe

68 3301 167 3348 quoque
185 3288 331 3348 antiquioris
349 3287 467 3336 sermonis
484 3299 532 3345 pro
551 3288 760 3330 ornamentorum?
1198 3288 1200 3290 ’

137 3393 217 3452 5127.
237 3393 396 3451 epigramma]
422 3389 512 3447 ,Nihil
538 3391 656 3449 impedire
679 3391 787 3444 videtur,
814 3390 872 3450 quin
895 3392 925 3435 sit
947 3392 1013 3450 quod
1031 3389 1143 3435 Platonis
1161 3401 1249 3434 nomeu

69 3474 135 3532 gerit
147 3475 220 3522 Aual.
233 3476 351 3522 Bruncltii
370 3476 398 3519 T.
414 3476 436 3520 Ι.
453 3489 481 3533 p.
497 3475 553 3519 lll.
587 3466 674 3521 Ἐννέα
691 3469 739 3526 τὰς
750 3467 863 3526 Μούσας
876 3474 955 3534 φασίν
965 3479 1043 3527 τινες·
1062 3464 1095 3526 ὧς
1112 3462 1249 3532 ὄλιγώρωςῖ

66 3551 140 3617 ‘livida
157 3560 199 3606 καὶ
219 3552 322 3622 Σαπφὼ
341 3550 506 3621 Λεσβόθενὴ
525 3549 647 3617 eleatdmp‘⁸
665 3555 691 3599 Ζ.
710 3579 742 3592 -
761 3559 821 3598 certe
838 3554 895 3611 raon]
913 3554 951 3598 Sic
969 3561 1084 3611 corrupte
1102 3554 1163 3611 Reg.
1181 3552 1249 3597 Laid.

69 3640 195 3698 Zumptim
213 3638 267 3685 cum
290 3641 407 3686 Herelioa
433 3644 494 3683 certe
518 3652 577 3692 una,
603 3637 722 3682 sententia
744 3638 838 3697 utique<
851 3642 920 3693 epta.
950 3657 985 3671 -
1007 3632 1120 3696 Paeonia]
1147 3634 1250 3690 „Paea-

71 3735 128 3766 nem
143 3723 222 3767 Latini
241 3724 333 3767 malent
350 3735 429 3780 quum
448 3721 598 3765 Paeonem.“
616 3719 642 3763 Z.

142 3826 153 3886 l
175 3829 229 3873 tae.
248 3822 311 3883 Ζεὺς
335 3821 534 3898 Oir'ptog‚‘det0r
551 3817 682 3882 adaletae,
702 3825 734 3869 ab
752 3817 844 3889 οὖρος,
868 3828 946 3866 ventus
962 3825 1079 3869 secundm.
1115 3822 1251 3880 .‚Coniicio

76 3909 163 3954 lovem
186 3912 355 3966 Imperatorem
378 3925 447 3956 more
469 3909 601 3969 antiquitus
623 3906 716 3952 tradito
740 3921 755 3950 a
773 3905 890 3950 Romanis
908 3911 1023 3950 vocatum
1043 3920 1094 3950 esse
1112 3920 1178 3961 eum,
1209 3905 1251 3966 qui

73 3989 166 4034 itineris
182 3991 232 4037 sive
250 3992 416 4051 expeditionis
434 3993 531 4038 faustae
547 3992 599 4035 dux
617 3991 709 4034 emet.“
727 3989 753 4032 Z.
766 4012 801 4025 ·-
814 3986 925 4045 porrum]
944 3987 1024 4032 Guelf.
1046 3988 1067 4031 1.
1090 3987 1206 4031 Cretaud.
1224 3988 1251 4032 Ζ.

69 4073 169 4126 parium
185 4074 253 4119 Leid,
268 4076 380 4131 porinum
398 4076 460 4133 Reg.
479 4074 554 4132 sgstt.
598 4071 657 4126 Sed,
687 4075 714 4114 ut
732 4070 866 4115 concedam
882 4068 997 4125 Zumptio
1012 4070 1106 4123 perium
1123 4069 1147 4111 h.
1166 4068 1183 4111 l.
1201 4080 1251 4112 nou

71 4154 209 4211 quadrare,
224 4169 326 4212 pervum
343 4164 432 4208 tamen·
443 4154 501 4199 retis
515 4153 637 4202 ‘infinitum
655 4159 692 4199 est
708 4153 821 4211 adeoque
838 4152 868 4195 de
886 4163 945 4196 vera
963 4151 1069 4195 lectione
1086 4147 1252 4204 ampliandum

75 4233 172 4281 videtur
188 4251 241 4284 eum
258 4237 388 4295 Madvigio
405 4238 470 4283 Dias.
494 4236 565 4281 Verr.
582 4235 617 4280 ΙΙ.
641 4250 667 4293 p.
686 4235 727 4279 21.
742 4258 774 4269 -
791 4245 845 4276 uum
857 4227 988 4291 dubitasti]
1013 4231 1111 4276 Ancona.
1132 4226 1206 4275 1531.
1223 4225 1250 4269 Ζ.
