2850 4759
222 269 389 339 ounrro
414 268 499 339 ruo
528 268 566 336 r.
592 265 748 347 sucta,
780 289 811 337 e.
834 271 873 336 ιε
893 281 926 338 u
945 271 995 339 rs.
1132 240 1209 338 rrs'

43 439 129 505 horno
152 432 399 505 amantissimus
421 430 566 514 patriae,
595 430 735 497 maximi
756 430 875 512 animi,
903 433 1028 500 sunrmi
1049 435 1190 516 consilii,
1272 520 1274 522 .

42 536 204 619 singularis
225 536 453 621 constantiae,
475 556 553 602 cum
576 545 666 602 esset
687 555 805 616 aeger,
828 549 941 604 tamen
962 538 1116 606 omnibus
1137 561 1191 606 re-

40 643 91 709 bus
109 638 171 707 illis
192 640 363 716 interfuit,
385 660 556 722 nunquam
578 649 664 720 esta
679 661 732 705 me
747 639 936 720 digressus,
957 642 1088 720 studio,
1110 663 1191 710 cou-

40 744 121 824 silio,
151 744 352 811 auctoritate
373 763 460 809 unus
482 741 611 807 adiuvit
630 740 834 827 plurimum,
863 765 940 811 eum
962 746 1190 815 infirmitatem

39 848 179 930 corporis
203 847 303 914 animi
325 847 450 912 virtute
469 841 675 927 superaret.
696 845 857 935 Videsne,
879 860 917 916 ut
936 851 1073 933 eripiam
1096 861 1128 918 te
1148 873 1191 920 ex
1212 855 1249 918 35

41 953 257 1035 improborum
294 951 405 1018 subita
438 950 547 1030 gratia
581 960 615 1015 et
648 950 862 1019 reconciliem
890 952 986 1020 bonis
1013 955 1207 1023 omnibus?

42 1058 87 1141 qui
107 1070 137 1123 te
157 1069 191 1123 et
212 1055 355 1136 diligunt
375 1065 408 1120 et
428 1053 574 1119 retinent
594 1053 848 1139 retinebuntque
868 1077 1014 1139 semper,
1041 1079 1105 1125 nec
1124 1059 1152 1126 si
1173 1064 1209 1127 a

42 1183 85 1228 me
103 1162 189 1228 forte
211 1158 412 1245 desciveris,
434 1155 562 1224 idcirco
584 1164 618 1222 te
640 1178 658 1222 a
680 1171 770 1225 sect
791 1181 809 1225 a
830 1182 867 1227 re
887 1158 1019 1243 publiea
1038 1162 1074 1228 'et
1095 1183 1114 1229 a
1136 1174 1193 1230 tua

42 1264 186 1345 dignitate
202 1263 347 1330 deficere
361 1261 539 1343 patientur.
581 1260 645 1328 Sed
668 1262 733 1329 iarn
751 1262 851 1330 redeo
875 1264 917 1332 ad
938 1286 1074 1333 causam
1093 1278 1192 1349 atque

42 1362 374 1447 hoevos,'iudices,
412 1376 535 1431 testor:
571 1363 651 1431 milri
678 1365 719 1432 de
749 1379 874 1434 memet
901 1370 973 1452 ipso
997 1380 1063 1436 tarn
1087 1368 1194 1436 multa
1265 1438 1268 1447 ,

44 1472 160 1539 dicendi
187 1472 372 1538 necessitas
404 1467 568 1553 quaedam
602 1472 761 1553 imposita
792 1483 844 1539 est
874 1472 914 1538 ab
943 1470 1010 1543 illo.
1052 1472 1137 1540 Nam
1165 1473 1194 1540 si

45 1578 222 1660 Torquatus
245 1572 370 1641 Sullam
393 1571 504 1640 solum
527 1584 739 1649 accusasset,
774 1596 836 1655 ego
865 1597 996 1658 quoque
1023 1573 1089 1642 hoc
1112 1589 1196 1642 tem·

45 1678 213 1762 porenilril
236 1677 327 1746 aliud
348 1697 483 1756 agerem
506 1675 566 1741 uisi
589 1696 686 1754 eum,
721 1677 775 1760 qui
798 1691 976 1746 accusatus
998 1690 1104 1757 esset,
1137 1679 1195 1745 dc·
1295 1754 1297 1761 q

46 1784 221 1863 leuderem3
256 1780 421 1855 sedcum
447 1778 502 1845 ille
525 1791 595 1847 tota
617 1778 670 1845 illa
693 1782 845 1847 oratione
866 1784 897 1846 in
921 1803 974 1848 mc
995 1795 1084 1850 esset
1105 1782 1197 1849 inve·
1229 1822 1232 1825 -

46 1899 107 1955 etus
127 1901 159 1954 et
180 1910 260 1954 cum
284 1886 396 1965 initio,
427 1896 465 1949 ut
492 1883 578 1960 dixi,
610 1883 841 1952 defensionem
864 1874 973 1953 meam
996 1878 1233 1953 auctoritate·

47 1989 176 2071 spoliare
197 1989 382 2067 voluisset,
417 1989 515 2054 etiam
538 1988 565 2054 si
588 1985 684 2054 dolor
707 2010 802 2055 nicus
824 1989 1028 2070 respondere
1049 2013 1116 2057 nou
1137 2011 1196 2056 co-

48 2106 144 2173 geret,
175 2108 289 2162 tamen
311 2095 382 2176 ipsa
404 2113 507 2159 eausa
527 2088 614 2156 hanc
635 2111 654 2156 a
676 2112 728 2156 me
751 2093 938 2158 orationem
960 2092 1156 2173 flagitasset.

112 2197 206 2266 Xlll.
257 2197 309 2264 Ab
338 2195 578 2275 Allobrogibus
606 2194 814 2261 nominatum
843 2194 969 2262 Sullam
1002 2217 1075 2262 esse
1101 2195 1195 2262 dieis.
1218 2202 1269 2272 36,

50 2297 119 2389 Quis
143 2300 274 2382 negati>
314 2299 378 2367 Sed
406 2299 481 2381 lege
507 2298 688 2380 indicium,
719 2310 754 2363 et
780 2297 877 2375 vide,
913 2297 1197 2390 quemadmodum
1297 2306 1299 2315 “

47 2405 225 2472 nominatus
255 2403 309 2472 sit.
364 2402 402 2468 L.
426 2402 579 2473 Cassium
601 2399 760 2469 dixerunt
781 2423 1084 2479 commemorasse,
1119 2423 1197 2470 cum

49 2508 153 2575 ceteris
175 2508 382 2575 Autronium
404 2526 520 2573 secum
543 2504 666 2573 facere.
711 2503 864 2595 Quaero,
898 2529 977 2572 num
1000 2505 1125 2573 Sullam
1149 2505 1211 2597 dig

48 2610 125 2677 terit
152 2605 319 2679 Cassius?
354 2610 550 2691 Nusquam3
584 2629 659 2675 sese
686 2610 779 2674 aiunt
806 2611 975 2692 quaesisse
1003 2608 1043 2677 de
1070 2611 1198 2687 Cassio,

49 2715 115 2794 quid
135 2713 227 2782 Sulla
247 2715 397 2782 sentiret.
439 2712 555 2777 Videte
576 2709 781 2795 diligentiam
803 2711 998 2794 Gallorum3
1020 2715 1074 2798 qui
1094 2717 1198 2781 vitam

49 2813 210 2885 homiuum
234 2830 456 2899 naturamque
477 2837 545 2881 non
566 2826 706 2882 nossent
733 2836 772 2882 ac
793 2826 923 2883 tantum
945 2817 1117 2884 audissent
1139 2839 1199 2886 eos

49 2922 109 2999 pari
129 2921 321 2989 calamitate
348 2939 442 2998 esse,
476 2919 731 3001 quaesiverunt,
766 2931 920 2986 essentne
940 2920 1056 2986 eadem
1077 2918 1211 2987 volun-v

51 3025 131 3091 tate?
173 3023 267 3118 Quid
293 3022 403 3111 tum?
435 3021 570 3088 Cassius
599 3022 626 3088 si
654 3019 884 3103 respondisset
910 3018 998 3089 idem
1020 3024 1144 3089 sentire
1166 3035 1199 3089 et

51 3133 152 3196 secum
173 3130 289 3196 facere
310 3124 453 3201 Sullam,
487 3135 598 3191 tamen
620 3122 699 3190 mihi
721 3147 789 3190 uon
809 3124 981 3192 videretur
1000 3127 1034 3192 in
1055 3124 1151 3217 hunc,
1163 3125 1199 3195 id
1289 3182 1295 3195 .

52 3231 257 3301 criminosum
280 3253 354 3299 esse
375 3230 507 3297 debere.
548 3226 638 3318 Quid
660 3226 732 3292 ita?
768 3227 857 3318 Quia
877 3227 933 3310 qui
955 3228 1114 3296 barbaros
1135 3227 1199 3298 ho-

51 3334 145 3403 mines
172 3336 215 3404 a'd
246 3334 368 3402 bellum
397 3331 600 3420 impelleret,
637 3354 702 3398 non
734 3329 875 3397 debebat
896 3332 1043 3399 minuere
1064 3332 1197 3401 illorum

51 3439 264 3520 suspicionem
287 3453 321 3507 et
340 3460 486 3522 purgare
507 3430 585 3515 eos,
623 3433 663 3500 de
685 3435 803 3517 quibus
825 3433 870 3501 illi
891 3434 1014 3520 aliquid
1035 3438 1199 3521 suspicari

109 3671 176 3733 585.
193 3673 313 3718 necessitas
330 3667 388 3730 cet]
412 3667 564 3713 securitatem
588 3667 701 3724 quondam
719 3667 850 3723 impositam
866 3667 895 3712 ab
912 3669 954 3713 s'llo
971 3667 1015 3723 lt,
1043 3674 1069 3714 ut
1086 3668 1147 3717 Cod.
1165 3670 1198 3717 Η.

53 3751 202 3814 Stephani.-
215 3759 283 3802 dolor
299 3753 372 3816 meus]
397 3755 454 3812 Leg.
472 3752 565 3799 videtur
582 3751 651 3796 dolor
667 3764 702 3794 me
719 3764 788 3796 meas.
799 3749 986 3814 -JlogitaseetJ
997 3752 1199 3819 flagitavisset).

110 3887 177 3950 §36.
195 3891 284 3948 negat!
306 3888 349 3932 Sed
367 3888 416 3944 lege
433 3886 543 3930 indicium
559 3887 582 3928 et
597 3880 658 3942 vide]
676 3887 747 3940 negat
763 3883 837 3927 Sullae
855 3884 981 3929 indicium!
998 3889 1023 3929 ot
1040 3887 1089 3930 ride
1106 3885 1198 3933 llanrrt.

54 3973 239 4020 teutonorum
257 3975 287 4019 de
302 3972 332 4018 P.
350 3996 382 4009 -
396 3971 454 4028 pori
471 3970 516 4015 eol.
533 3966 590 4029 eet]
609 3967 701 4013 Firmat
718 3967 781 4012 haue
797 3967 853 4012 lect.
871 3967 900 4013 P.
915 3969 971 4024 prm'
988 3971 1130 4023 commitata,
1160 3973 1201 4028 qur·

50 4053 147 4112 furunt,
164 4073 210 4104 erse
228 4060 251 4102 iu
269 4058 344 4101 eodem
362 4056 476 4100 voluntate
493 4053 565 4099 Bern.
582 4052 674 4098 Gener.
691 4076 726 4088 -
747 4054 860 4109 suspicari
876 4049 1015 4116 amnentur]
1039 4053 1128 4099 Erfurt.
1145 4053 1199 4100 zta-

56 4140 158 4202 zerlingii.
175 4143 344 4200 suspicarentur
361 4140 453 4185 Manut.
471 4144 519 4184 tac.
536 4137 607 4183 Terr.
626 4136 716 4196 Volgo.

57 4268 237 4286 *-

115 4328 188 4417 536,
200 4359 230 4403 1..
249 4358 338 4404 &nius
355 4337 475 4414 Longinus
492 4358 603 4408 senator,
628 4349 689 4396 iuter
707 4347 828 4410 principes
844 4347 1017 4396 coniurationis
1033 4349 1120 4394 fuerat.
