2850 4759
353 264 440 335 PRO
465 266 509 334 Α.
533 265 752 345 CAECINA,
788 290 818 341 c.
840 274 878 338 tt
899 283 934 339 ct
954 274 1002 337 35.
1211 277 1270 339 117

79 421 202 499 velim,
223 421 345 504 quibus
369 421 447 503 lege
469 435 529 491 aut
555 425 735 505 rogatione
759 427 878 494 civitas
902 439 961 493 aut
987 427 1124 495 libertas
1150 441 1268 512 erepta

76 523 138 590 sit.
182 523 270 588 Nam
292 523 383 605 quod
405 524 447 591 ad
465 524 605 592 exilium
623 528 759 604 attinet,
779 530 959 610 perspicue
978 529 1116 609 intelligi
1138 544 1267 611 potest,

41 623 43 633 '
76 622 183 705 quale
199 625 257 690 sit.
298 624 450 693 Exilium
473 627 562 692 enirn
583 649 651 693 non
671 628 876 709 suppIIcium
899 641 968 708 est,
990 630 1052 697 sed
1071 630 1265 710 perfugium

75 736 270 806 portusque
297 725 472 808 supplicii3
502 747 580 794 nam
610 729 666 809 qui
690 727 813 795 volunt
836 750 981 810 poenam
1011 729 1157 810 aliquam
1182 731 1265 796 sub·

79 824 275 903 terfugere,
300 839 371 892 »aut
402 826 651 905 calamitatem,
689 850 730 895 eo
765 828 876 896 solurn
910 843 1064 904 vertunt,
1096 829 1164 895 hoc
1199 841 1264 908 est,

63 924 199 990 sedem
225 945 265 990 ac
289 923 405 993 locum
430 936 574 994 mutant.
616 927 735 1009 ltaque
759 927 853 994 nulla
873 930 907 994 in
928 928 1003 1009 lege
1026 942 1145 996 nostra
1168 949 1264 1010 repe-

74 1025 205 1099 rietur,
239 1036 278 1089 ut
302 1026 392 1106 apud
421 1040 552 1094 ceteras
581 1029 766 1105 civitates,
787 1027 992 1096 maleficium
1020 1029 1137 1095 ullum.
1158 1029 1262 1096 exilio

64 1124 372 1192 ¹usse-multatum.
413 1126 479 1194 Sed
500 1148 578 1193 cnm
597 1127 753 1195 homines
774 1128 903 1207 vincla,
924 1150 1026 1195 neces
1046 1131 1265 1208 ignominias·

74 1245 144 1306 que
170 1225 294 1303 vitant,
327 1246 414 1309 quac
437 1239 518 1294 sunt
533 1226 665 1308 legibus
686 1231 913 1306 constitutae,
938 1230 1141 1309 confugiunt
1165 1230 1262 1310 quasi

75 1324 121 1390 ad
143 1345 238 1389 aram
264 1325 298 1390 in
320 1326 481 1418 exiliuma
502 1328 578 1408 qni,
599 1330 627 1394 si
648 1330 682 1393 in
704 1329 840 1393 civitate
860 1327 954 1407 tegis
967 1331 1036 1393 vim
1057 1330 1171 1394 subire
1191 1328 1262 1394 vel·

72 1424 165 1501 lent,
188 1447 256 1489 non
282 1427 378 1505 prius
404 1429 578 1492 civitatem
604 1449 705 1509 quam
727 1429 831 1493 vitam
856 1429 1071 1506 amitterent3
1093 1430 1170 1509 qula
1198 1450 1260 1497 uu·

71 1524 169 1601 lunt,
201 1546 268 1589 non
297 1524 458 1593 adimitur
482 1525 523 1592 iis
548 1528 685 1612 civitas,
720 1527 781 1593 sed
805 1527 845 1593 ab
873 1528 912 1594 iis
934 1526 1135 1608 relinquitur
1159 1538 1261 1609 atque

72 1624 271 1705 deponitur.
312 1624 400 1689 Nam
423 1645 500 1689 cum
517 1645 561 1691 ex
576 1638 695 1692 nostro
714 1626 788 1690 iure
805 1625 950 1692 duarum
967 1629 1142 1693 civitatum
1160 1648 1260 1693 nemo

70 1745 152 1792 esse
179 1713 302 1803 possit,
325 1736 395 1789 tum
419 1726 586 1790 amittitur
608 1726 832 1792 haeccivitas
854 1726 1019 1809 denique,
1039 1749 1116 1791 cum
1138 1728 1182 1802 is,
1203 1727 1259 1806 qui

68 1823 247 1905 profugit,
280 1835 439 1905 receptus
464 1835 516 1891 est
541 1826 575 1889 in
600 1822 759 1903 exilium,
794 1822 861 1892 hoc
888 1838 958 1906 est,
989 1829 1024 1893 in
1049 1826 1149 1894 aliam
1179 1825 1260 1891 civi-

70 1935 193 1991 tatem.

146 2025 304 2090 XXXV.
346 2025 424 2091 Non
450 2046 505 2091 me
531 2031 711 2108 praeterit,
741 2038 1019 2109 recuperatores,
1051 2029 1185 2093 tametsi
1215 2026 1318 2095 dettl

23 2118 25 2121 ’
69 2125 138 2191 lroc
159 2123 234 2189 iure
252 2124 358 2189 multa
375 2120 575 2208 praetereo,
599 2137 709 2191 tamen
728 2148 782 2191 mc
801 2126 935 2205 longius
954 2124 1151 2206 prolapsum
1168 2147 1256 2204 esse,

71 2246 175 2306 quam
202 2226 290 2289 ratio
315 2227 421 2290 vestri
454 2226 568 2289 indicii
597 2224 787 2305 postularit.
844 2225 971 2288 Verum
1003 2224 1035 2287 id
1066 2225 1151 2301 feci,
1187 2247 1257 2290 non

70 2325 162 2406 quod
194 2346 255 2390 vos
283 2327 315 2387 in
338 2323 403 2390 hac
427 2345 531 2389 causa
560 2325 647 2388 hano
675 2325 909 2391 defensionem
943 2322 1139 2388 desiderare
1168 2325 1257 2387 arbi·

7 2452 8 2455 ¹
70 2437 198 2501 trarer,
229 2424 288 2491 sed
315 2436 353 2489 ut
378 2446 497 2491 omnes
522 2422 753 2502 intelligerent
776 2443 840 2488 nec
870 2420 1065 2503 ademptam
1095 2424 1253 2503 cuiquam
1281 2487 1283 2491 .

68 2526 245 2591 civitatem
273 2545 348 2592 csse
376 2545 439 2589 nce
466 2524 568 2589 adimi
594 2545 712 2603 posse·
750 2523 824 2588 Hoc
846 2543 925 2587 cunr
947 2521 1013 2589 eos'
1032 2524 1120 2587 scire
1147 2522 1252 2607 volui,

67 2626 191 2706 quibus
211 2624 303 2689 Sulla
325 2623 435 2688 voluit
458 2624 770 2699 ininriarn‘facere,
794 2635 866 2687 tum
891 2643 1010 2695 omnes
1035 2635 1171 2689 ceteros
1192 2648 1254 2689 nu-

68 2746 130 2790 vos
153 2736 356 2806 veteresque
378 2726 502 2801 civess
520 2743 628 2803 neque
655 2726 744 2788 enim
771 2724 858 2786 ratio
884 2722 998 2787 afferri
1023 2734 1155 2801 potest,
1179 2745 1254 2798 cnr,

68 2824 95 2888 si
125 2825 284 2903 cuiquam
315 2847 405 2889 novo
431 2825 495 2888 civi
523 2823 802 2903 potneritadimi
828 2822 965 2904 civitas,
1000 2844 1067 2886 non
1094 2823 1252 2896 ornuibus

67 2924 240 3003 patriciis,
263 2925 420 2989 omnibns
437 2924 679 3004 antiquissimis
695 2922 824 2986 civibus
840 2921 959 3000 possit.
1001 2921 1091 2984 Nam
1107 2920 1147 2983 ad
1165 2920 1314 2984 bancam

68 3021 205 3103 quidem
227 3044 365 3091 causam
387 3024 469 3089 nihil
493 3022 559 3087 hoc
580 3023 784 3103 pertinuisse
806 3022 954 3100 primum
977 3040 1019 3082 ex
1044 3039 1084 3082 eo
1110 3019 1250 3096 intelligi

70 3135 198 3203 potest,
222 3108 315 3205 quod
334 3145 394 3189 vos
416 3144 454 3187 ea
476 3123 517 3186 de
539 3144 575 3186 re
594 3123 745 3186 iudicare
766 3143 834 3185 non
854 3118 1000 3193 debetis3
1023 3116 1144 3182 deinde
1159 3118 1251 3196 quod

69 3223 158 3289 Sulla
178 3225 254 3304 ipse
272 3226 317 3287 ita
335 3222 412 3287 tulit
432 3223 474 3286 tle
496 3223 649 3294 civitate,
670 3233 708 3283 ut
729 3242 795 3283 non
816 3218 995 3285 sustulerit
1015 3218 1139 3284 horum
1160 3237 1264 3291 nexa·

55 3334 166 3405 >atque
189 3322 415 3400 hereditatem
445 3321 538 3386 iubet
563 3321 653 3386 enim
675 3318 795 3385 eodem
814 3320 888 3384 iure
910 3338 1003 3400 esse,
1034 3339 1102 3399 quo
1124 3318 1252 3393 fuerint

70 3482 289 3497 *nnn—⁶*

67 3587 220 3639 protulerunt.
236 3583 415 3645 -rogntione]
434 3583 466 3629 A.
478 3581 632 3641 Augustinus.
649 3584 741 3627 ratione
758 3583 810 3628 Erf.
830 3583 899 3628 061.
918 3583 1026 3628 Botriana
1043 3583 1074 3627 0.
1086 3606 1119 3619 -
1133 3576 1250 3628 Fortasse
1276 3617 1279 3623 .
1345 3584 1348 3595 ‘

67 3667 89 3707 ei
103 3667 141 3721 (ii)
162 3669 237 3710 solum
257 3671 355 3712 uertunt.
371 3679 475 3710 -cum
494 3676 570 3709 omaus
590 3664 642 3709 Erf.
687 3664 717 3709 In
735 3677 759 3710 v.
779 3665 871 3708 uincula
896 3664 978 3709 deficit
994 3663 1047 3709 Erf.
1068 3664 1097 3707 In
1120 3678 1187 3724 seqq.
1213 3663 1250 3709 bis

67 3747 123 3791 dedi
136 3748 165 3791 iis
182 3762 229 3805 pro
247 3750 292 3792 tte.
590 3768 595 3779 ·

133 3827 145 3887 l
170 3829 225 3875 102.
255 3830 375 3879 duodecim
398 3825 555 3886 solomanum]
585 3827 624 3872 stc
644 3828 723 3874 codd.
748 3826 811 3871 ΕΜ.
839 3826 916 3872 Recte
939 3825 1034 3870 Wulter
1055 3825 1190 3881 Geeclriclrta
1209 3828 1249 3870 des

68 3913 127 3953 rom.
144 3911 227 3956 Recltts
247 3925 273 3968 p.
295 3911 353 3955 203.
375 3909 551 3967 interpretatur
571 3910 601 3955 de
616 3909 746 3956 duodecim
765 3907 869 3953 coloniis
881 3907 975 3953 Latinis
992 3921 1008 3952 s
1025 3907 1067 3956 M.
1080 3906 1153 3952 Livio
1165 3907 1248 3952 Drsso

67 4004 92 4033 a.
118 4003 139 4034 tr.
163 3993 245 4037 elido
267 3991 383 4037 deductis.
409 3990 460 4036 cfr.
484 3989 594 4049 Appiam
616 3990 693 4038 B..c.
715 3990 743 4044 I,
769 3990 810 4033 23.
832 3989 957 4034 Plutarch.
978 3989 1006 4034 C.
1031 3988 1135 4055 Grncch.
1157 3989 1185 4042 ll,
1209 3988 1247 4045 10.

69 4070 227 4128 duodeur'gr'nti
246 4073 345 4130 (IJXX.
370 4087 417 4130 pro
439 4072 516 4129 111.)
536 4071 644 4131 Sarigny
664 4068 806 4126 Zea'tsclrrift.
829 4069 858 4123 5,
876 4072 907 4123 2,
929 4085 954 4129 p.
978 4070 1037 4114 237.
1073 4068 1129 4112 Scll.
1151 4065 1246 4110 XVIII.

68 4152 182 4198 coloniae
201 4154 317 4210 Latinae,
345 4167 410 4214 quse
426 4152 493 4201 bello
512 4153 607 4200 Punico
626 4154 733 4199 secundo
753 4149 778 4195 iu
797 4151 966 4197 Romuuorum
988 4151 1035 4194 fide
1055 4150 1244 4207 permanserunt.
1346 4158 1350 4164 ¹

68 4232 123 4277 cfr.
139 4233 229 4281 Livium
250 4238 298 4293 27,
324 4237 355 4292 9,
376 4237 415 4282 10.
435 4242 460 4283 et
474 4236 522 4291 29,
548 4236 593 4293 15,
614 4235 656 4282 ³7.
673 4255 708 4272 -
727 4233 798 4282 Fon.
817 4232 977 4291 qffmdrndum
999 4233 1041 4276 est.
