2850 4759
177 295 349 366 enarro
371 292 458 364 reo
483 292 604 363 Leon
626 240 845 375 nantem,
868 315 898 363 e.
917 297 954 358 ιι
974 308 1008 363 er
1029 296 1080 361 n.
1162 296 1221 363 es

48 468 139 539 atque
178 472 300 523 ornnes
331 464 470 520 exterae
501 463 620 534 gentes
653 472 693 519 ao
719 453 902 529 nationes,
936 451 1081 534 denique
1112 455 1220 521 maritt

47 558 171 636 omnia,
204 576 282 622 eum
312 556 489 632 universa,
525 567 598 623 turn
628 556 662 621 in
689 553 833 634 singulis
861 574 980 622 ornnes
1000 557 1095 622 sinus
1117 567 1219 639 atque

44 671 168 739 portus.
213 657 300 747 Quis
329 658 418 724 enirn
446 668 519 725 toto
547 657 633 724 mari
653 656 751 724 locus
772 677 834 739 per
854 655 918 724 hos
940 677 1046 722 annos
1068 668 1127 723 ant
1149 669 1219 725 tarn

45 761 171 827 firmum
194 757 312 824 babuit
330 757 559 841 praesidium,
581 770 621 825 ut
641 769 736 825 tutus
758 757 877 826 esset?
903 770 963 824 aut
984 769 1052 824 tam
1075 758 1140 824 suit
1161 760 1220 826 ab*

45 858 142 937 ditus,
163 870 203 924 ut
224 857 374 926 lateret?
396 858 483 950 Quis
503 860 691 940 navigavit,
714 860 858 942 quinon
880 870 994 928 aeaut
1017 860 1137 933 mortis
1159 870 1219 926 aut

44 961 208 1031 servitutis
235 958 391 1042 periculo
413 961 664 1046 committeret,
695 982 775 1027 eum
795 974 854 1027 aut
874 960 985 1026 bieme
1010 974 1069 1026 aut
1088 963 1216 1027 referto

45 1061 245 1141 praedonum
268 1061 352 1126 mari
372 1060 577 1140 navigaret?
602 1061 677 1128 lloe
699 1073 831 1128 tanturn
849 1060 991 1138 bellurn,
1012 1074 1082 1128 tarn
1104 1074 1217 1145 turpe,

48 1171 244 1238 muretus,
268 1173 337 1226 tarn
361 1159 428 1229 late
448 1160 595 1229 divisum
620 1175 722 1244 atque
743 1164 951 1245 dispersum,
971 1167 1046 1244 quis
1066 1185 1215 1246 uuquam
1314 1198 1317 1201 ·

44 1263 257 1329 arbitraretur
286 1274 346 1328 aut
373 1263 415 1328 ab
442 1264 600 1331 omnibus
625 1263 888 1344 imperatoribus
916 1286 985 1331 uno
1013 1286 1121 1341 anno,
1157 1275 1219 1330 aue

46 1363 188 1429 omnibus
208 1363 308 1430 anuis
324 1363 365 1429 ab
386 1384 456 1430 uno
478 1366 688 1445 imperatore
702 1365 823 1430 confici
839 1365 970 1447 posse?
1005 1365 1119 1455 Quam
1135 1387 1217 1448 pro«
1235 1367 1275 1430 32
1340 1376 1356 1449 ᾗ

44 1464 175 1531 rineiam
210 1465 368 1531 terruistis
393 1484 413 1530 a
441 1464 669 1546 praedonibus
691 1462 833 1532 liberam
860 1487 922 1548 per
942 1465 1053 1532 ‹lrosce
1079 1463 1215 1532 annos?

44 1565 120 1646 qnod
141 1563 291 1644 vectigal
320 1565 417 1633 vobis
444 1578 556 1632 tutum
581 1565 674 1632 fuiti
707 1587 808 1649 quern
832 1568 964 1634 socium
987 1564 1215 1633 deibrrdistis?
1278 1566 1281 1573 '

44 1662 92 1726 cui
114 1664 283 1744 praesidio
314 1663 481 1735 elassibus
502 1669 626 1734 vestris
654 1667 796 1735 fuistis?
828 1688 928 1750 quam
952 1667 1076 1734 inultas
1098 1668 1213 1733 existi-

44 1764 132 1830 matis
150 1764 281 1832 insulas
306 1786 382 1834 esse
405 1766 587 1834 desertas?
608 1788 710 1850 quam
730 1766 855 1835 multae
873 1780 932 1834 aut
953 1781 1047 1834 metu
1074 1767 1215 1834 relictas

43 1875 122 1929 euta
139 1858 373 1947 'praedonibus
397 1880 514 1949 captas
539 1869 641 1935 urbes
670 1889 747 1935 esse
771 1868 974 1935 soeiorum?

108 1967 185 2035 llll.
233 1966 298 2034 set
327 1968 407 2049 quid
439 1990 514 2050 ego‘
532 1968 719 2052 longinqua
750 1967 1018 2035 commemoro?
1049 1968 1123 2033 Fuit
1144 1968 1213 2033 boe
1247 2005 1250 2011 ·

16 2067 215 2149 (quondam,
238 2068 305 2139 fuir
327 2071 504 2151 proprium
526 2070 643 2153 populi
668 2071 829 2144 Romani,
851 2068 952 2147 longe
976 2068 1117 2134 adorno
1140 2068 1212 2135 bel·

43 2164 103 2234 lare
126 2182 158 2237 et
180 2170 449 2251 propugnaculis
479 2173 611 2255 imperii
639 2171 814 2240 sociorum
847 2170 1023 2243 fortunas,
1054 2191 1123 2234 non
1147 2188 1215 2233 sua

45 2271 341 2338 mundeburdem.
397 2273 505 2340 Sociis
538 2295 602 2352 ego
631 2272 760 2339 nostris
790 2291 885 2336 mare
914 2290 976 2350 per
1003 2267 1066 2334 lios
1102 2275 1216 2334 annosi

44 2365 180 2439 clausurn
217 2373 327 2440 luisse
364 2372 497 2458 dicam,
531 2392 611 2440 oum
641 2374 815 2438 exereitus
845 2371 954 2438 nostri
988 2389 1159 2449 nunqnam
1191 2389 1212 2431 a

43 2468 208 2543 Brundisio
231 2475 296 2539 nisi
318 2473 428 2539 bieme
449 2494 584 2540 summe
604 2471 885 2541 transmiserint?
927 2470 995 2559 Qui
1016 2468 1057 2533 ad
1083 2489 1145 2533 voa
1168 2470 1214 2533 abv
1253 2536 1257 2541 ,

45 2576 154 2640 exteris
188 2575 384 2642 nationibus
421 2574 602 2649 venirent,
643 2586 764 2656 eaptos
800 2592 946 2655 querar,
992 2592 1073 2634 enin
1107 2565 1210 2646 legati

44 2674 144 2755 pepuli
174 2677 322 2743 Romani
351 2673 521 2755 redempti
546 2674 641 2740 sinit
682 2674 938 2740 Mercatoribus
975 2683 1084 2737 tutum
1116 2688 1209 2733 mare

45 2795 101 2839 non
128 2777 234 2844 luisse
271 2777 417 2859 ‹lic-ems
444 2797 522 2840 curn
551 2773 733 2839 duodecim
765 2795 905 2841 ser-ures
934 2775 967 2837 in
997 2770 1209 2852 praedonum

44 2889 230 2952 potestatem
262 2876 508 2959 pervenerint>
553 2875 697 2942 Cuidmn
723 2889 781 2942 aut
809 2873 1041 2954 Colophonem
1069 2883 1127 2936 aut
1150 2870 1208 2934 Sa·
1231 2879 1269 2937 33

50 3015 254 3034 *⁸⁸—n--u——n

45 3106 99 3161 ”iau
114 3108 141 3154 P.
152 3134 181 3148 -
193 3124 245 3155 cum
263 3108 312 3170 rm]
329 3110 360 3155 E.
378 3116 426 3156 tum
443 3125 481 3154 un.
498 3111 555 3157 Ern
572 3134 600 3144 -
614 3109 715 3165 sirrgulia
731 3107 781 3150 oria
797 3105 826 3150 P.
844 3105 875 3150 E.
892 3103 953 3162 (oris
964 3103 1026 3149 Cod.
1039 3102 1104 3147 Pith.
1123 3106 1214 3155 numo,

45 3186 105 3235 ritate
120 3193 209 3240 delevil
227 3192 415 3256 Graevius.)·-·
426 3195 578 3250 navigaretur·
594 3191 689 3236 Manet.
702 3212 735 3225 -
747 3190 890 3242 imperatore
906 3187 1015 3231 Ιίυοιαηο
1031 3184 1061 3229 P.
1270 3176 1272 3179 ’

101 3271 111 3333 l
132 3275 172 3321 ³2.
191 3274 291 3336 nostris]
308 3276 338 3322 E.
358 3277 439 3320 reatris
456 3275 516 3319 Ere.
535 3297 564 3308 -
581 3287 627 3329 per
643 3273 686 3315 bos
703 3282 776 3317 aureos
793 3266 910 3327 clausum]
918 3268 948 3312 Ε.
966 3270 1067 3313 thurum
1081 3281 1126 3324 per
1142 3269 1210 3310 boare
1230 3329 1232 3333 .

45 3366 105 3400 aanor
120 3356 176 3405 Em.
190 3382 227 3394 —
239 3359 317 3417 fnisse
333 3356 421 3417 dicam]
438 3357 470 3405 E.
490 3358 566 3400 dicam
577 3353 655 3412 fuisse
671 3353 730 3396 Ern.
744 3374 775 3388 -
789 3348 877 3412 varri]
895 3352 926 3400 Ε.
944 3354 1019 3396 nostri
1036 3350 1093 3394 Em.
1105 3371 1140 3384 -··
1151 3362 1211 3399 rum,

45 3448 102 3490 quarn
116 3453 130 3482 a
147 3438 249 3502 Brund]
267 3441 298 3486 E.
316 3456 331 3485 a
348 3441 438 3485 Brund.
457 3452 573 3498 uunquam
589 3438 648 3482 Em.
660 3437 779 3479 -bieme
789 3430 888 3495 summo]
906 3433 937 3477 E.
954 3446 1043 3478 summa
1059 3435 1133 3477 bieme
1149 3430 1208 3476 Ere.

101 3519 112 3580 b
127 3522 167 3568 33.
181 3527 320 3580 potestatem
338 3522 370 3569 Α.
388 3521 482 3568 Gellius
494 3522 521 3579 l,
539 3522 564 3567 7.
582 3521 624 3567 sed
636 3519 716 3563 firmet
725 3522 838 3574 potestate
846 3516 880 3562 E.
890 3541 922 3554 -
934 3513 973 3574 ec]
985 3516 1015 3560 E.
1026 3520 1094 3572 atque
1105 3514 1163 3559 Ere.
1177 3538 1210 3555 .-

46 3631 255 3653 *ἢ

101 3718 157 3779 882.
168 3720 256 3784 legati]
275 3724 313 3768 De
326 3722 363 3769 bis
373 3721 471 3768 aliunde
483 3734 531 3765 non
548 3724 658 3773 constat,
676 3718 723 3764 nisi
740 3720 806 3778 qnod
819 3715 971 3770 Scholiasta,
995 3714 1049 3772 ipse
1062 3726 1161 3774 quoque
1174 3713 1214 3758 rei

47 3805 231 3855 llmtlnodum
244 3813 314 3864 gesta
325 3811 388 3849 esset
400 3804 506 3863 ignarus,
520 3815 554 3847 ex
567 3801 642 3845 solito
655 3812 724 3845 more
734 3801 796 3845 baec
806 3798 974 3858 excogitavit:
987 3800 1122 3856 „Legatum
1134 3810 1209 3855 quen·

48 3880 93 3926 dam
113 3899 285 3945 oppressurus
305 3886 392 3945 piratis
414 3885 496 3945 pretio
520 3897 587 3929 uxor
611 3882 756 3927 liberarit.·‘
775 3905 803 3916 -
826 3882 945 3924 duodecim
963 3878 1065 3939 recures]
1084 3870 1212 3922 Plutarch?

48 3960 121 4025 Pomp,
138 3969 178 4014 24.
196 3963 315 4034 ἥρπασαν
334 3967 364 4015 δέ
378 3985 439 4016 ποτε
460 3966 503 4014 καὶ
523 3960 681 4031 στρατηγοὺς
700 3959 747 4013 δύο
764 3961 893 4017 Σεξιῖλιον
915 3961 959 4007 καὶ
974 3959 1101 4039 Βελλῖνονν
1112 3961 1138 4006 dr
1155 3962 1210 4011 ταῖς

48 4044 230 4116 περιπορφύροις
245 4050 288 4098 καὶ
307 4043 364 4104 toli
380 4043 508 4110 ’ὑπηρέτας
525 4042 580 4112 ἅμα
599 4049 641 4096 καὶ
663 4040 843 4113 ῥαβδοφόρους
859 4036 954 4101 οἴχοντο
971 4037 1017 4088 σὺν
1038 4034 1125 4093 niuniu
1145 4041 1209 4085 luri·
1255 4106 1259 4112 .
1322 4060 1328 4077 ν

49 4136 91 4181 rnre
108 4130 208 4190 ἴχοντες.
244 4131 403 4177 Praetoribus
427 4138 508 4176 eutem
531 4130 582 4177 seui
605 4130 704 4175 lictores
729 4124 801 4172 ertia
826 4125 908 4169 urbem
932 4122 1076 4180 praeibant,
1101 4121 1126 4165 in
1150 4119 1214 4163 urbe·

50 4210 126 4254 tautum
143 4213 199 4258 birri.
221 4214 285 4258 Bran.

105 4290 169 4350 §83-
189 4295 286 4350 Cnidus,
311 4295 401 4342 Cariae
418 4296 488 4351 urba3
518 4295 637 4364 Colophon
655 4291 752 4339 Ioniae.
787 4287 911 4335 Plutarch.
929 4286 1018 4341 Pomp.
1038 4283 1078 4327 24,
1096 4282 1208 4342 irlrorro
