2850 4759
53 208 243 341 153
315 218 365 290 ·‹·÷
628 263 890 340 qrcnaonns

186 428 280 518 detta,
303 431 363 500 sed
385 432 406 498 ii
427 429 530 499 modo
552 430 707 505 fuerunt,
730 429 786 513 qui
808 430 910 497 etiam
933 439 1055 496 antea·
1078 451 1164 515 non,
1187 428 1360 497 ri's'u‘tlie·

186 545 257 613 ret,
279 555 400 601 verum
423 531 558 606 colendi
579 545 638 598 aut
659 532 818 614 pascendi
841 553 944 598 eausa
966 532 1096 599 esseio
1118 553 1202 612 agro
1226 533 1358 598 consue

186 649 279 711 rant,
301 633 464 702 defendes
486 634 641 701 bomines
664 646 805 700 coactos
827 658 895 700 non
918 634 1043 712 suisse3
1064 645 1098 700 et
1111 634 1217 699 verbo
1235 632 1360 716 quidest

186 738 361 820 superabis
385 737 535 818 meipso
558 734 688 815 iudice,
710 757 745 801 re
768 748 881 801 autem
905 758 947 801 ne
962 737 1130 802 consistes
1145 734 1285 822 quidem
1302 734 1360 801 ullo

186 839 307 906 iudice.
350 838 424 904 Vim
447 839 535 904 enirn
559 835 784 903 multitudiuis
802 838 934 903 restitui
950 835 1149 915 voluerunt,
1173 830 1361 910 nonsolnm

187 953 396 1008 convocatae
418 934 662 1011 multitudiuis;
694 937 775 1022 sed,
798 940 877 1022 quia
898 936 1117 1025 plerumque,
1140 937 1195 1003 ubi
1220 935 1363 1005 multitu·

188 1041 266 1108 dine
287 1063 374 1123 opus
397 1053 466 1126 est,
489 1040 641 1107 homines
664 1040 742 1119 cogi
764 1041 893 1117 solent,
916 1039 992 1108 ideo
1014 1039 1056 1104 de
1078 1043 1208 1105 coactis
1233 1061 1363 1121 compo·

188 1142 292 1213 situm
314 1140 532 1209 interdictum
555 1153 622 1210 est:
654 1137 761 1222 quod,
785 1142 935 1207 etiamsi
958 1142 1062 1225 verbo
1085 1140 1224 1206 differre
1247 1140 1363 1231 uidebi-

191 1256 268 1321 tur,
290 1264 328 1309 re
350 1253 463 1335 tamen
485 1243 550 1314 erit
569 1263 694 1321 unum,
718 1254 752 1313 et
774 1244 931 1311 omnibus
952 1243 986 1308 in
1001 1244 1113 1315 causis
1128 1242 1220 1309 idem
1237 1240 1363 1319 valebit,

190 1345 224 1411 in
255 1345 374 1429 quibus
406 1343 611 1426 perspicitur
648 1365 716 1410 una
748 1355 849 1424 atque
887 1341 1005 1410 eadem
1037 1364 1141 1411 causa
1178 1345 1362 1426 aequitatis.

131 1450 172 1514 so
192 1447 421 1515 Anmarrsvu.
463 1445 556 1535 Quid
578 1442 761 1519 dicemus?
781 1448 959 1522 Armatus,
979 1446 1008 1511 si
1029 1446 1145 1511 Latine
1158 1433 1259 1535 ¹loqui
1280 1444 1364 1518 volu·

108 1620 111 1631 ,
193 1544 289 1634 ntus,
312 1566 397 1630 quos
419 1545 589 1628 appellare
610 1567 691 1613 vere
712 1545 928 1638 possumus?
950 1547 1071 1628 opinor
1092 1567 1172 1626 eos,
1194 1547 1253 1629 qui
1268 1547 1363 1614 scutit

195 1649 338 1731 telisque
366 1649 476 1732 parati
505 1648 683 1740 ornatique
707 1659 807 1737 sunt.
860 1647 951 1753 Quid
974 1648 1105 1727 igitur?
1135 1649 1164 1715 si
1186 1647 1295 1729 glebis
1315 1659 1364 1721 ant

193 1751 287 1819 saxis
309 1763 368 1817 aut
390 1748 536 1818 fustibus
565 1748 711 1832 aliquem
735 1749 776 1815 de
797 1749 904 1816 fundo
934 1750 1153 1833 praecipitem
1176 1751 1287 1830 egeris
1308 1752 1365 1817 ius·
1424 1783 1425 1788 κ

193 1873 320 1935 susque
341 1852 407 1927 sis,
444 1872 545 1935 quem
574 1849 767 1921 hominibus
790 1853 929 1922 armatis
959 1850 1141 1930 deieceris,
1172 1852 1364 1928 restituere,

192 1947 383 2020 restituisse
405 1956 438 2019 te
459 1951 581 2021 dieesl>
621 1951 734 2019 Verba
754 1953 783 2020 si
805 1951 934 2040 valent,
957 1955 985 2020 si
1007 1974 1131 2023 causae
1145 1976 1215 2021 uon
1230 1955 1364 2033 ratione,
1424 1963 1425 1966 ’

193 2054 254 2122 sed
276 2056 415 2127 vecibus
430 2054 681 2150 ponderantur,
702 2070 758 2121 me
773 2067 914 2122 auctore
929 2055 1049 2128 dicito:
1072 2057 1188 2122 vinces
1202 2057 1365 2152 prolecto,

128 2198 130 2203 ,
192 2158 263 2224 n'on
289 2156 397 2226 luisse
424 2168 574 2224 arinates
600 2177 679 2234 eos,
711 2158 769 2240 qui
797 2179 881 2227 saxa
909 2158 1076 2234 iacerent,
1107 2156 1199 2241 q'uae‘
1222 2157 1264 2225 de
1284 2168 1366 2222 terra

192 2258 257 2340 ipsi
280 2255 453 2334 tollerent:
486 2263 555 2337 uon
584 2279 660 2331 esse
686 2280 782 2326 arma
808 2261 975 2341 caespites
1002 2264 1117 2353 neque
1138 2258 1275 2340 glebas3
1304 2280 1365 2324 uon

193 2360 300 2428 fuisse
327 2371 479 2429 armatos
508 2381 583 2437 eos,
614 2361 671 2443 qui
697 2373 955 2450 praetereuntes
977 2382 1112 2432 rantum
1142 2360 1365 2441 defringerent

193 2463 342 2530 arboris:
374 2476 470 2530 arma
491 2482 567 2530 esse
588 2463 659 2528 suis
681 2461 895 2538 nominibus,
928 2461 994 2529 alia
1014 2462 1057 2529 ad
1079 2463 1283 2545 tegendum,
1310 2461 1365 2528 alia

194 2562 236 2629 ad
258 2561 471 2641 nocendum}
502 2580 587 2654 qnae
608 2562 666 2643 qui
692 2582 760 2645 uon
788 2561 984 2642 habuerint,
1016 2586 1076 2632 eos
1097 2565 1249 2633 inermos
1269 2566 1365 2632 fuisse

132 2665 172 2727 til
194 2665 323 2730 vinces.
368 2663 494 2729 Verum
516 2665 547 2729 si
568 2662 703 2744 quidem
726 2665 791 2729 erit
812 2686 987 2735 armorum
1009 2667 1192 2745 iudicium,
1218 2678 1291 2734 tum
1310 2668 1365 2733 ista

194 2764 316 2833 dicitur
343 2764 435 2849 iuris
462 2762 625 2839 iudicium
654 2784 733 2831 cum
763 2767 826 2832 eri-t
856 2779 890 2833 et
917 2769 1113 2850 aequitatis,
1151 2772 1237 2835 cave
1256 2769 1291 2835 in
1310 2769 1366 2835 ista

193 2879 263 2934 tam
284 2864 427 2953 frigida,
451 2866 652 2962 tamieiuna
674 2865 847 2933 calumnia
868 2857 1069 2951 delitescam
1089 2893 1159 2938 non
1175 2873 1265 2938 enim
1281 2889 1367 2953 repe·

192 2969 260 3037 ries
290 2989 483 3053 quenquam
510 2963 661 3039 iudicem
686 2981 748 3036 aut
767 2982 1065 3059 recuperatorem,
1098 2973 1173 3055 qui,
1207 2986 1365 3057 tamquam

192 3071 222 3139 si
244 3059 339 3137 arma
367 3069 483 3162 militis
513 3070 728 3166 inspiciunda
752 3072 839 3150 sint,
874 3074 922 3138 ita
952 3075 1075 3155 probet
1095 3087 1280 3142 armatum:
1313 3071 1367 3141 sed

91 3206 93 3223 ι
140 3217 141 3220 ¹
192 3171 335 3263 perinde
356 3170 497 3250 valebit,
520 3173 616 3254 quasi
639 3175 859 3247 armatissimi
878 3172 1025 3251 luerint,
1045 3177 1073 3244 si
1095 3177 1309 3260 reperientur
1325 3176 1370 3240 ita

193 3274 304 3353 parati
325 3273 452 3350 fuisse,
483 3283 523 3338 ut
543 3273 612 3340 vim
634 3276 724 3341 vitae
745 3287 805 3342 ant
825 3278 963 3360 corpori
985 3280 1160 3360 potuerint
1180 3281 1314 3347 afferre.

132 3373 173 3438 st
274 3374 390 3444 xxti.
429 3376 544 3458 Atque
564 3386 604 3441 ut
625 3367 733 3456 magis
754 3376 941 3460 intelligas,
969 3403 1069 3467 quam
1092 3381 1196 3447 verba
1217 3379 1298 3446 nibil
1316 3396 1371 3444 ra-

194 3474 302 3543 leant:
335 3476 365 3544 si
392 3487 429 3549 tu
456 3475 552 3554 solps
573 3487 633 3543 aut
658 3477 766 3559 quivis
787 3500 876 3545 unus
898 3482 1099 3549 curn'scuto
1122 3494 1157 3549 et
1177 3482 1290 3563 gladio
1310 3481 1371 3545 im·

193 3568 312 3661 petum
334 3567 445 3644 inme
465 3577 618 3654 fecisset,
650 3588 751 3661 atque
780 3600 844 3660 ego
859 3583 911 3650 'ita
940 3582 1090 3653 deiectus
1115 3578 1246 3664 esseni,
1276 3581 1373 3652 aude-

192 3701 294 3751 resne
316 3679 430 3746 dicere
450 3677 668 3769 interdictum
691 3701 767 3748 esse
789 3681 830 3754 de
852 3688 991 3754 armatis
1013 3685 1226 3764 homiuibus,
1247 3687 1372 3753 hicau-

194 3795 263 3850 tem
286 3782 460 3879 hominem
481 3793 649 3859 armatum
671 3805 778 3861 unum
799 3784 938 3854 fuisse'l
958 3810 1042 3865 non,
1064 3790 1204 3871 opinor,
1228 3787 1374 3857 tarnim·

193 3885 326 3967 pudens
348 3905 454 3954 esses.
494 3885 599 3969 Atqui
620 3886 715 3965 vide,
750 3908 794 3954 ne
815 3886 923 3955 multo
944 3910 1036 3956 nune
1056 3893 1103 3960 sis
1123 3891 1371 3974 impudentior:

97 4054 100 4057 ,
194 3983 376 4065 namftum
404 3986 540 4074 quidem
570 4011 690 4058 omnes
717 3984 881 4058 mortales
907 3987 1093 4071 implorare
1113 3978 1253 4078 posses,
1283 3989 1374 4076 quod

194 4134 424 4152 m

264 4223 277 4284 l
297 4224 339 4271 60.
368 4223 479 4285 inmotos]
503 4225 555 4271 Eri.
580 4227 677 4270 tumores
696 4226 728 4270 0.

263 4306 276 4368 l
298 4307 340 4354 62.
364 4311 387 4353 et
399 4306 493 4370 gladio]
518 4307 571 4354 Eri.
592 4322 643 4354 cum
660 4309 743 4367 gladio
764 4308 796 4353 0.
