<?xml version="1.0" encoding="UTF-8"?>
<!DOCTYPE html PUBLIC "-//W3C//DTD XHTML 1.0 Transitional//EN"
    "http://www.w3.org/TR/xhtml1/DTD/xhtml1-transitional.dtd">
<html xmlns="http://www.w3.org/1999/xhtml" xml:lang="en" lang="en">
 <head>
  <title>
</title>
<meta http-equiv="Content-Type" content="text/html;charset=utf-8" />
  <meta name='ocr-system' content='tesseract 3.04.00' />
  <meta name='ocr-capabilities' content='ocr_page ocr_carea ocr_par ocr_line ocrx_word'/>
</head>
<body>
  <div class='ocr_page' id='page_1' title='image "./mtulliiciceroni00orelgoog_0126.png"; bbox 0 0 2850 4759; ppageno 0'>
   <div class='ocr_carea' id='block_1_1' title="bbox 182 235 888 330">
    <p class='ocr_par' dir='ltr' id='par_1_1' title="bbox 182 235 888 330">
     <span class='ocr_line' id='line_1_1' title="bbox 182 235 888 330; baseline -0.007 0"><span class='ocrx_word' id='word_1_1' title='bbox 182 235 242 330; x_wconf 79' lang='lat' dir='ltr'>&#39;roa</span> <span class='ocrx_word' id='word_1_2' title='bbox 651 254 888 328; x_wconf 76' lang='lat' dir='ltr'>caenacula</span> 
     </span>
    </p>
   </div>
   <div class='ocr_carea' id='block_1_2' title="bbox 75 408 1422 3348">
    <p class='ocr_par' dir='ltr' id='par_1_2' title="bbox 121 408 1366 709">
     <span class='ocr_line' id='line_1_2' title="bbox 121 408 1366 501; baseline -0.007 -13"><span class='ocrx_word' id='word_1_3' title='bbox 121 423 163 488; x_wconf 75' lang='lat'>65</span> <span class='ocrx_word' id='word_1_4' title='bbox 180 411 260 490; x_wconf 85' lang='lat' dir='ltr'>¹esse</span> <span class='ocrx_word' id='word_1_5' title='bbox 281 417 464 489; x_wconf 87' lang='lat' dir='ltr'>deiectum.</span> <span class='ocrx_word' id='word_1_6' title='bbox 505 415 619 501; x_wconf 80' lang='lat' dir='ltr'><strong>Atque</strong></span> <span class='ocrx_word' id='word_1_7' title='bbox 638 411 724 484; x_wconf 90' lang='lat' dir='ltr'>illud</span> <span class='ocrx_word' id='word_1_8' title='bbox 743 415 778 482; x_wconf 91' lang='lat' dir='ltr'>in</span> <span class='ocrx_word' id='word_1_9' title='bbox 800 426 873 483; x_wconf 86' lang='lat' dir='ltr'>tota</span> <span class='ocrx_word' id='word_1_10' title='bbox 893 411 1090 484; x_wconf 75' lang='lat' dir='ltr'>defensione</span> <span class='ocrx_word' id='word_1_11' title='bbox 1111 422 1170 481; x_wconf 89' lang='lat' dir='ltr'>tua</span> <span class='ocrx_word' id='word_1_12' title='bbox 1191 408 1274 480; x_wconf 90' lang='lat' dir='ltr'>mihi</span> <span class='ocrx_word' id='word_1_13' title='bbox 1291 430 1366 479; x_wconf 85' lang='lat' dir='ltr'>ma-</span> 
     </span>
     <span class='ocr_line' id='line_1_3' title="bbox 183 513 1365 597; baseline -0.007 -8"><span class='ocrx_word' id='word_1_14' title='bbox 183 522 278 590; x_wconf 82' lang='lat' dir='ltr'>xime</span> <span class='ocrx_word' id='word_1_15' title='bbox 303 520 444 587; x_wconf 79' lang='lat' dir='ltr'>&#39;mitum</span> <span class='ocrx_word' id='word_1_16' title='bbox 484 516 691 596; x_wconf 81' lang='lat' dir='ltr'>videbatur,</span> <span class='ocrx_word' id='word_1_17' title='bbox 732 529 766 586; x_wconf 90' lang='lat' dir='ltr'>te</span> <span class='ocrx_word' id='word_1_18' title='bbox 801 516 940 592; x_wconf 82' lang='lat' dir='ltr'>dicere,</span> <span class='ocrx_word' id='word_1_19' title='bbox 982 515 1096 597; x_wconf 88' lang='lat' dir='ltr'>„Iuris</span> <span class='ocrx_word' id='word_1_20' title='bbox 1129 513 1365 583; x_wconf 81' lang='lat' dir='ltr'>conettltornm</span> 
     </span>
     <span class='ocr_line' id='line_1_4' title="bbox 177 615 1365 709; baseline -0.008 -18"><span class='ocrx_word' id='word_1_21' title='bbox 177 622 380 691; x_wconf 78' lang='lat' dir='ltr'>&#39;auctoritati</span> <span class='ocrx_word' id='word_1_22' title='bbox 414 618 643 701; x_wconf 76' lang='lat' dir='ltr'>obtemperari</span> <span class='ocrx_word' id='word_1_23' title='bbox 672 638 742 689; x_wconf 77' lang='lat' dir='ltr'>nott</span> <span class='ocrx_word' id='word_1_24' title='bbox 782 617 982 699; x_wconf 84' lang='lat' dir='ltr'>oportere.“</span> <span class='ocrx_word' id='word_1_25' title='bbox 1043 615 1147 709; x_wconf 77' lang='lat' dir='ltr'>Quod</span> <span class='ocrx_word' id='word_1_26' title='bbox 1180 637 1246 696; x_wconf 77' lang='lat' dir='ltr'>ego</span> <span class='ocrx_word' id='word_1_27' title='bbox 1278 628 1365 682; x_wconf 88' lang='lat' dir='ltr'>tam·</span> 
     </span>
    </p>

    <p class='ocr_par' dir='ltr' id='par_1_3' title="bbox 132 716 1418 1202">
     <span class='ocr_line' id='line_1_5' title="bbox 132 716 1364 805; baseline -0.007 -13"><span class='ocrx_word' id='word_1_28' title='bbox 132 752 136 759; x_wconf 94' lang='lat'>·</span> <span class='ocrx_word' id='word_1_29' title='bbox 184 726 248 794; x_wconf 87' lang='lat' dir='ltr'>etsi</span> <span class='ocrx_word' id='word_1_30' title='bbox 279 732 349 791; x_wconf 82' lang='lat' dir='ltr'>no‘n</span> <span class='ocrx_word' id='word_1_31' title='bbox 385 743 477 790; x_wconf 90' lang='lat' dir='ltr'>nunc</span> <span class='ocrx_word' id='word_1_32' title='bbox 510 723 660 805; x_wconf 86' lang='lat' dir='ltr'>primum</span> <span class='ocrx_word' id='word_1_33' title='bbox 684 737 804 801; x_wconf 47' lang='lat' dir='ltr'>‘neque</span> <span class='ocrx_word' id='word_1_34' title='bbox 831 719 864 784; x_wconf 90' lang='lat' dir='ltr'>in</span> <span class='ocrx_word' id='word_1_35' title='bbox 892 717 958 786; x_wconf 88' lang='lat' dir='ltr'>bac</span> <span class='ocrx_word' id='word_1_36' title='bbox 983 739 1088 787; x_wconf 86' lang='lat' dir='ltr'>causa</span> <span class='ocrx_word' id='word_1_37' title='bbox 1114 716 1364 795; x_wconf 72' lang='lat' dir='ltr'>solumnodo,</span> 
     </span>
     <span class='ocr_line' id='line_1_6' title="bbox 185 818 1366 903; baseline -0.005 -11"><span class='ocrx_word' id='word_1_38' title='bbox 185 836 300 902; x_wconf 84' lang='lat' dir='ltr'>tameq</span> <span class='ocrx_word' id='word_1_39' title='bbox 328 822 515 893; x_wconf 82' lang='lat' dir='ltr'><strong>admodum</strong></span> <span class='ocrx_word' id='word_1_40' title='bbox 544 822 712 896; x_wconf 88' lang='lat' dir='ltr'>mirabar,</span> <span class='ocrx_word' id='word_1_41' title='bbox 744 820 805 887; x_wconf 80' lang='lat' dir='ltr'>aba</span> <span class='ocrx_word' id='word_1_42' title='bbox 833 831 867 886; x_wconf 89' lang='lat' dir='ltr'>te</span> <span class='ocrx_word' id='word_1_43' title='bbox 893 841 994 903; x_wconf 87' lang='lat' dir='ltr'>quam</span> <span class='ocrx_word' id='word_1_44' title='bbox 1016 820 1059 888; x_wconf 92' lang='lat' dir='ltr'>ob</span> <span class='ocrx_word' id='word_1_45' title='bbox 1081 840 1153 889; x_wconf 88' lang='lat' dir='ltr'>rem</span> <span class='ocrx_word' id='word_1_46' title='bbox 1175 818 1366 899; x_wconf 81' lang='lat' dir='ltr'>diceretur.;</span> 
     </span>
     <span class='ocr_line' id='line_1_7' title="bbox 183 919 1366 1001; baseline -0.005 -7"><span class='ocrx_word' id='word_1_47' title='bbox 183 947 264 994; x_wconf 87' lang='lat' dir='ltr'>nam</span> <span class='ocrx_word' id='word_1_48' title='bbox 286 926 392 995; x_wconf 87' lang='lat' dir='ltr'>ceteri</span> <span class='ocrx_word' id='word_1_49' title='bbox 415 937 486 998; x_wconf 88' lang='lat' dir='ltr'>tum</span> <span class='ocrx_word' id='word_1_50' title='bbox 507 923 551 997; x_wconf 88' lang='lat' dir='ltr'>ad</span> <span class='ocrx_word' id='word_1_51' title='bbox 572 925 673 991; x_wconf 86' lang='lat' dir='ltr'>istam</span> <span class='ocrx_word' id='word_1_52' title='bbox 693 919 923 989; x_wconf 78' lang='lat' dir='ltr'>hortationem</span> <span class='ocrx_word' id='word_1_53' title='bbox 946 921 1151 1001; x_wconf 84' lang='lat' dir='ltr'>decurrunt,</span> <span class='ocrx_word' id='word_1_54' title='bbox 1173 942 1254 989; x_wconf 90' lang='lat' dir='ltr'>cnm</span> <span class='ocrx_word' id='word_1_55' title='bbox 1268 942 1313 988; x_wconf 84' lang='lat' dir='ltr'>se</span> <span class='ocrx_word' id='word_1_56' title='bbox 1332 922 1366 988; x_wconf 90' lang='lat' dir='ltr'>in</span> 
     </span>
     <span class='ocr_line' id='line_1_8' title="bbox 185 1021 1366 1112; baseline -0.008 -16"><span class='ocrx_word' id='word_1_57' title='bbox 185 1047 291 1098; x_wconf 79' lang='lat' dir='ltr'>causa</span> <span class='ocrx_word' id='word_1_58' title='bbox 318 1036 439 1109; x_wconf 86' lang='lat' dir='ltr'>putant</span> <span class='ocrx_word' id='word_1_59' title='bbox 466 1024 591 1095; x_wconf 82' lang='lat' dir='ltr'>habere</span> <span class='ocrx_word' id='word_1_60' title='bbox 622 1042 769 1112; x_wconf 78' lang='lat' dir='ltr'>aaqttum</span> <span class='ocrx_word' id='word_1_61' title='bbox 803 1033 839 1089; x_wconf 83' lang='lat' dir='ltr'>et</span> <span class='ocrx_word' id='word_1_62' title='bbox 868 1022 1016 1101; x_wconf 92' lang='lat' dir='ltr'>bonum,</span> <span class='ocrx_word' id='word_1_63' title='bbox 1047 1021 1138 1106; x_wconf 88' lang='lat' dir='ltr'>quod</span> <span class='ocrx_word' id='word_1_64' title='bbox 1157 1021 1366 1089; x_wconf 82' lang='lat' dir='ltr'>defendant.</span> 
     </span>
     <span class='ocr_line' id='line_1_9' title="bbox 185 1122 1418 1202; baseline -0.008 -4"><span class='ocrx_word' id='word_1_65' title='bbox 185 1128 221 1201; x_wconf 78' lang='lat' dir='ltr'>Si</span> <span class='ocrx_word' id='word_1_66' title='bbox 252 1139 373 1201; x_wconf 86' lang='lat' dir='ltr'>contra</span> <span class='ocrx_word' id='word_1_67' title='bbox 402 1127 516 1201; x_wconf 74' lang='lat' dir='ltr'>verbis</span> <span class='ocrx_word' id='word_1_68' title='bbox 535 1123 722 1197; x_wconf 79' lang='lat' dir='ltr'>etlitte&#39;ris</span> <span class='ocrx_word' id='word_1_69' title='bbox 749 1133 784 1190; x_wconf 87' lang='lat' dir='ltr'>et</span> <span class='ocrx_word' id='word_1_70' title='bbox 812 1125 873 1201; x_wconf 88' lang='lat' dir='ltr'>(ut</span> <span class='ocrx_word' id='word_1_71' title='bbox 899 1122 966 1191; x_wconf 88' lang='lat' dir='ltr'>dici</span> <span class='ocrx_word' id='word_1_72' title='bbox 994 1122 1102 1202; x_wconf 86' lang='lat' dir='ltr'>solet)</span> <span class='ocrx_word' id='word_1_73' title='bbox 1127 1143 1266 1190; x_wconf 81' lang='lat' dir='ltr'>suanmo</span> <span class='ocrx_word' id='word_1_74' title='bbox 1295 1123 1367 1189; x_wconf 85' lang='lat' dir='ltr'>iure</span> <span class='ocrx_word' id='word_1_75' title='bbox 1414 1168 1418 1177; x_wconf 83' lang='lat'><em>-</em></span> 
     </span>
    </p>

    <p class='ocr_par' dir='ltr' id='par_1_4' title="bbox 185 1223 1366 1307">
     <span class='ocr_line' id='line_1_10' title="bbox 185 1223 1366 1307; baseline -0.005 -10"><span class='ocrx_word' id='word_1_76' title='bbox 185 1228 424 1305; x_wconf 83' lang='lat' dir='ltr'>contenditur,</span> <span class='ocrx_word' id='word_1_77' title='bbox 459 1223 571 1298; x_wconf 86' lang='lat' dir='ltr'>solent</span> <span class='ocrx_word' id='word_1_78' title='bbox 590 1223 761 1295; x_wconf 78' lang='lat' dir='ltr'>eiusmodi</span> <span class='ocrx_word' id='word_1_79' title='bbox 780 1224 950 1307; x_wconf 88' lang='lat' dir='ltr'>iniquitati</span> <span class='ocrx_word' id='word_1_80' title='bbox 970 1225 1067 1307; x_wconf 89' lang='lat' dir='ltr'>aequi</span> <span class='ocrx_word' id='word_1_81' title='bbox 1088 1236 1124 1291; x_wconf 85' lang='lat' dir='ltr'>et</span> <span class='ocrx_word' id='word_1_82' title='bbox 1143 1224 1224 1291; x_wconf 86' lang='lat' dir='ltr'>honi</span> <span class='ocrx_word' id='word_1_83' title='bbox 1243 1245 1366 1292; x_wconf 81' lang='lat' dir='ltr'>ruomen</span> 
     </span>
    </p>

    <p class='ocr_par' dir='ltr' id='par_1_5' title="bbox 187 1324 1367 1418">
     <span class='ocr_line' id='line_1_11' title="bbox 187 1324 1367 1418; baseline -0.003 -23"><span class='ocrx_word' id='word_1_84' title='bbox 187 1327 455 1411; x_wconf 74' lang='lat' dir='ltr'>dignitatemque</span> <span class='ocrx_word' id='word_1_85' title='bbox 483 1347 669 1418; x_wconf 87' lang='lat' dir='ltr'>opponere.</span> <span class='ocrx_word' id='word_1_86' title='bbox 720 1326 812 1393; x_wconf 81' lang='lat' dir='ltr'>Tum</span> <span class='ocrx_word' id='word_1_87' title='bbox 838 1324 940 1406; x_wconf 90' lang='lat' dir='ltr'>illud,</span> <span class='ocrx_word' id='word_1_88' title='bbox 972 1324 1064 1410; x_wconf 89' lang='lat' dir='ltr'>quod</span> <span class='ocrx_word' id='word_1_89' title='bbox 1091 1325 1233 1403; x_wconf 91' lang='lat' dir='ltr'>dicitur,</span> <span class='ocrx_word' id='word_1_90' title='bbox 1263 1326 1367 1402; x_wconf 73' lang='lat' dir='ltr'>Sava,</span> 
     </span>
    </p>

    <p class='ocr_par' dir='ltr' id='par_1_6' title="bbox 185 1425 1367 1511">
     <span class='ocr_line' id='line_1_12' title="bbox 185 1425 1367 1511; baseline -0.003 -14"><span class='ocrx_word' id='word_1_91' title='bbox 185 1430 302 1508; x_wconf 70' lang='lat' dir='ltr'>Nava,</span> <span class='ocrx_word' id='word_1_92' title='bbox 329 1429 491 1509; x_wconf 74' lang='lat' dir='ltr'>irrident3</span> <span class='ocrx_word' id='word_1_93' title='bbox 526 1440 598 1496; x_wconf 90' lang='lat' dir='ltr'>tum</span> <span class='ocrx_word' id='word_1_94' title='bbox 619 1428 765 1511; x_wconf 84' lang='lat' dir='ltr'>aucupia</span> <span class='ocrx_word' id='word_1_95' title='bbox 785 1428 971 1496; x_wconf 87' lang='lat' dir='ltr'>verborum</span> <span class='ocrx_word' id='word_1_96' title='bbox 992 1437 1027 1493; x_wconf 89' lang='lat' dir='ltr'>et</span> <span class='ocrx_word' id='word_1_97' title='bbox 1045 1425 1239 1494; x_wconf 88' lang='lat' dir='ltr'>litterarum</span> <span class='ocrx_word' id='word_1_98' title='bbox 1262 1427 1367 1494; x_wconf 88' lang='lat' dir='ltr'>tendi·</span> 
     </span>
    </p>

    <p class='ocr_par' dir='ltr' id='par_1_7' title="bbox 187 1527 1369 1612">
     <span class='ocr_line' id='line_1_13' title="bbox 187 1527 1369 1612; baseline 0 -16"><span class='ocrx_word' id='word_1_99' title='bbox 187 1527 284 1598; x_wconf 88' lang='lat' dir='ltr'>oulas</span> <span class='ocrx_word' id='word_1_100' title='bbox 310 1531 346 1604; x_wconf 86' lang='lat' dir='ltr'>in</span> <span class='ocrx_word' id='word_1_101' title='bbox 372 1530 534 1606; x_wconf 82' lang='lat' dir='ltr'>inuidiam</span> <span class='ocrx_word' id='word_1_102' title='bbox 563 1542 706 1606; x_wconf 66' lang='lat' dir='ltr'>nonaum</span> <span class='ocrx_word' id='word_1_103' title='bbox 745 1542 819 1599; x_wconf 89' lang='lat' dir='ltr'>turn</span> <span class='ocrx_word' id='word_1_104' title='bbox 845 1528 1098 1606; x_wconf 87' lang='lat' dir='ltr'>vociferantur,</span> <span class='ocrx_word' id='word_1_105' title='bbox 1130 1548 1175 1595; x_wconf 84' lang='lat' dir='ltr'>ex</span> <span class='ocrx_word' id='word_1_106' title='bbox 1203 1542 1369 1612; x_wconf 80' lang='lat' dir='ltr'>aequest</span> 
     </span>
    </p>

    <p class='ocr_par' dir='ltr' id='par_1_8' title="bbox 186 1628 1368 1816">
     <span class='ocr_line' id='line_1_14' title="bbox 186 1628 1367 1715; baseline -0.002 -15"><span class='ocrx_word' id='word_1_107' title='bbox 186 1631 296 1713; x_wconf 82' lang='lat' dir='ltr'>borso,</span> <span class='ocrx_word' id='word_1_108' title='bbox 319 1654 389 1699; x_wconf 88' lang='lat' dir='ltr'>non</span> <span class='ocrx_word' id='word_1_109' title='bbox 412 1652 456 1698; x_wconf 84' lang='lat' dir='ltr'>ex</span> <span class='ocrx_word' id='word_1_110' title='bbox 477 1629 599 1699; x_wconf 86' lang='lat' dir='ltr'>callido</span> <span class='ocrx_word' id='word_1_111' title='bbox 612 1644 832 1715; x_wconf 82' lang='lat' dir='ltr'>¹versutoque</span> <span class='ocrx_word' id='word_1_112' title='bbox 852 1631 926 1701; x_wconf 86' lang='lat' dir='ltr'>iure</span> <span class='ocrx_word' id='word_1_113' title='bbox 947 1650 1020 1696; x_wconf 88' lang='lat' dir='ltr'>rem</span> <span class='ocrx_word' id='word_1_114' title='bbox 1035 1628 1177 1697; x_wconf 86' lang='lat' dir='ltr'>indicari</span> <span class='ocrx_word' id='word_1_115' title='bbox 1194 1640 1367 1712; x_wconf 85' lang='lat' dir='ltr'>opertere:</span> 
     </span>
     <span class='ocr_line' id='line_1_15' title="bbox 186 1728 1368 1816; baseline -0.003 -15"><span class='ocrx_word' id='word_1_116' title='bbox 186 1728 353 1815; x_wconf 70' lang='lat' dir='ltr'>scriptino</span> <span class='ocrx_word' id='word_1_117' title='bbox 379 1732 476 1816; x_wconf 86' lang='lat' dir='ltr'>sequi</span> <span class='ocrx_word' id='word_1_118' title='bbox 503 1732 760 1808; x_wconf 80' lang='lat' dir='ltr'>calumniatoris</span> <span class='ocrx_word' id='word_1_119' title='bbox 782 1751 877 1810; x_wconf 68' lang='lat' dir='ltr'>essee</span> <span class='ocrx_word' id='word_1_120' title='bbox 898 1731 977 1799; x_wconf 90' lang='lat' dir='ltr'>boni</span> <span class='ocrx_word' id='word_1_121' title='bbox 999 1731 1140 1808; x_wconf 84' lang='lat' dir='ltr'>iudicis,</span> <span class='ocrx_word' id='word_1_122' title='bbox 1158 1730 1368 1799; x_wconf 86' lang='lat' dir='ltr'>voluntatem</span> 
     </span>
    </p>

    <p class='ocr_par' dir='ltr' id='par_1_9' title="bbox 125 1831 1367 1919">
     <span class='ocr_line' id='line_1_16' title="bbox 125 1831 1367 1919; baseline -0.005 -16"><span class='ocrx_word' id='word_1_123' title='bbox 125 1836 166 1903; x_wconf 92' lang='grc'>66</span> <span class='ocrx_word' id='word_1_124' title='bbox 187 1834 365 1916; x_wconf 85' lang='lat' dir='ltr'>scriptoris</span> <span class='ocrx_word' id='word_1_125' title='bbox 397 1834 705 1919; x_wconf 83' lang='lat' dir='ltr'>auctoritatemque</span> <span class='ocrx_word' id='word_1_126' title='bbox 736 1832 929 1902; x_wconf 84' lang='lat' dir='ltr'>defendere.</span> <span class='ocrx_word' id='word_1_127' title='bbox 976 1831 1015 1899; x_wconf 91' lang='lat' dir='ltr'>In</span> <span class='ocrx_word' id='word_1_128' title='bbox 1045 1833 1111 1900; x_wconf 88' lang='lat' dir='ltr'>ista</span> <span class='ocrx_word' id='word_1_129' title='bbox 1140 1855 1225 1903; x_wconf 89' lang='lat' dir='ltr'>vero</span> <span class='ocrx_word' id='word_1_130' title='bbox 1257 1854 1367 1911; x_wconf 82' lang='lat' dir='ltr'>causa,</span> 
     </span>
    </p>

    <p class='ocr_par' dir='ltr' id='par_1_10' title="bbox 186 1932 1368 2018">
     <span class='ocr_line' id='line_1_17' title="bbox 186 1932 1368 2018; baseline 0 -16"><span class='ocrx_word' id='word_1_131' title='bbox 186 1955 266 2003; x_wconf 89' lang='lat' dir='ltr'>oum</span> <span class='ocrx_word' id='word_1_132' title='bbox 289 1947 326 2002; x_wconf 91' lang='lat' dir='ltr'>tu</span> <span class='ocrx_word' id='word_1_133' title='bbox 347 1936 394 2002; x_wconf 86' lang='lat' dir='ltr'>sis</span> <span class='ocrx_word' id='word_1_134' title='bbox 414 1936 464 2012; x_wconf 88' lang='lat' dir='ltr'>is,</span> <span class='ocrx_word' id='word_1_135' title='bbox 498 1936 554 2018; x_wconf 90' lang='lat' dir='ltr'>qui</span> <span class='ocrx_word' id='word_1_136' title='bbox 583 1947 616 2004; x_wconf 88' lang='lat' dir='ltr'>te</span> <span class='ocrx_word' id='word_1_137' title='bbox 643 1937 749 2009; x_wconf 85' lang='lat' dir='ltr'>verbo</span> <span class='ocrx_word' id='word_1_138' title='bbox 770 1934 952 2017; x_wconf 82' lang='lat' dir='ltr'>litteraque</span> <span class='ocrx_word' id='word_1_139' title='bbox 973 1932 1157 2016; x_wconf 69' lang='lat' dir='ltr'>(terendas,</span> <span class='ocrx_word' id='word_1_140' title='bbox 1176 1955 1272 2002; x_wconf 87' lang='lat' dir='ltr'>-cum</span> <span class='ocrx_word' id='word_1_141' title='bbox 1295 1946 1368 2002; x_wconf 86' lang='lat' dir='ltr'>tuae</span> 
     </span>
    </p>

    <p class='ocr_par' dir='ltr' id='par_1_11' title="bbox 156 2034 1368 2120">
     <span class='ocr_line' id='line_1_18' title="bbox 156 2034 1368 2120; baseline -0.001 -15"><span class='ocrx_word' id='word_1_142' title='bbox 156 2042 162 2057; x_wconf 76' lang='lat'>¹</span> <span class='ocrx_word' id='word_1_143' title='bbox 186 2037 257 2105; x_wconf 88' lang='lat' dir='ltr'>sint</span> <span class='ocrx_word' id='word_1_144' title='bbox 276 2056 336 2111; x_wconf 86' lang='lat' dir='ltr'>eae</span> <span class='ocrx_word' id='word_1_145' title='bbox 356 2047 488 2120; x_wconf 81' lang='lat' dir='ltr'>partes,</span> <span class='ocrx_word' id='word_1_146' title='bbox 512 2035 615 2104; x_wconf 79' lang='lat' dir='ltr'>Unus</span> <span class='ocrx_word' id='word_1_147' title='bbox 635 2057 805 2112; x_wconf 73' lang='lat' dir='ltr'>barnerus</span> <span class='ocrx_word' id='word_1_148' title='bbox 828 2035 898 2111; x_wconf 68' lang='lat' dir='ltr'>resi</span> <span class='ocrx_word' id='word_1_149' title='bbox 929 2055 969 2107; x_wconf 88' lang='lat' dir='ltr'>au</span> <span class='ocrx_word' id='word_1_150' title='bbox 991 2034 1087 2112; x_wconf 88' lang='lat' dir='ltr'>inde,</span> <span class='ocrx_word' id='word_1_151' title='bbox 1111 2055 1179 2118; x_wconf 90' lang='lat' dir='ltr'>quo</span> <span class='ocrx_word' id='word_1_152' title='bbox 1202 2035 1368 2104; x_wconf 83' lang='lat' dir='ltr'>cohibitus</span> 
     </span>
    </p>

    <p class='ocr_par' dir='ltr' id='par_1_12' title="bbox 97 2135 1369 2225">
     <span class='ocr_line' id='line_1_19' title="bbox 97 2135 1369 2225; baseline 0.001 -22"><span class='ocrx_word' id='word_1_153' title='bbox 97 2218 101 2225; x_wconf 35' lang='grc'>,</span> <span class='ocrx_word' id='word_1_154' title='bbox 187 2155 225 2204; x_wconf 86' lang='lat' dir='ltr'>ea</span> <span class='ocrx_word' id='word_1_155' title='bbox 252 2135 441 2203; x_wconf 73' lang='lat' dir='ltr'>accederet</span> <span class='ocrx_word' id='word_1_156' title='bbox 481 2136 609 2207; x_wconf 79' lang='lat' dir='ltr'>eiectus</span> <span class='ocrx_word' id='word_1_157' title='bbox 639 2158 694 2216; x_wconf 88' lang='lat' dir='ltr'>es,</span> <span class='ocrx_word' id='word_1_158' title='bbox 725 2160 794 2205; x_wconf 93' lang='lat' dir='ltr'>non</span> <span class='ocrx_word' id='word_1_159' title='bbox 823 2136 989 2204; x_wconf 81' lang='lat' dir='ltr'>deiectusr</span> <span class='ocrx_word' id='word_1_160' title='bbox 1023 2158 1101 2209; x_wconf 86' lang='lat' dir='ltr'>eum</span> <span class='ocrx_word' id='word_1_161' title='bbox 1132 2148 1191 2205; x_wconf 87' lang='lat' dir='ltr'>tua</span> <span class='ocrx_word' id='word_1_162' title='bbox 1218 2140 1263 2205; x_wconf 87' lang='lat' dir='ltr'>sit</span> <span class='ocrx_word' id='word_1_163' title='bbox 1285 2137 1369 2204; x_wconf 86' lang='lat' dir='ltr'>haec</span> 
     </span>
    </p>

    <p class='ocr_par' dir='ltr' id='par_1_13' title="bbox 75 2236 1420 2422">
     <span class='ocr_line' id='line_1_20' title="bbox 75 2236 1420 2325; baseline 0 -21"><span class='ocrx_word' id='word_1_164' title='bbox 75 2236 81 2249; x_wconf 88' lang='lat'>&#39;</span> <span class='ocrx_word' id='word_1_165' title='bbox 188 2236 318 2316; x_wconf 90' lang='lat' dir='ltr'>oratio,</span> <span class='ocrx_word' id='word_1_166' title='bbox 340 2237 487 2318; x_wconf 86' lang='lat' dir='ltr'>„Fateor</span> <span class='ocrx_word' id='word_1_167' title='bbox 501 2257 556 2305; x_wconf 92' lang='lat' dir='ltr'>me</span> <span class='ocrx_word' id='word_1_168' title='bbox 571 2236 725 2305; x_wconf 89' lang='lat' dir='ltr'>homines</span> <span class='ocrx_word' id='word_1_169' title='bbox 741 2237 916 2318; x_wconf 73' lang='lat' dir='ltr'>coegisse,</span> <span class='ocrx_word' id='word_1_170' title='bbox 937 2237 1049 2305; x_wconf 82' lang='lat' dir='ltr'>fateor</span> <span class='ocrx_word' id='word_1_171' title='bbox 1067 2259 1240 2325; x_wconf 83' lang='lat' dir='ltr'>armasse,</span> <span class='ocrx_word' id='word_1_172' title='bbox 1260 2240 1369 2305; x_wconf 78' lang='lat' dir='ltr'>fateor</span> <span class='ocrx_word' id='word_1_173' title='bbox 1414 2248 1420 2311; x_wconf 88' lang='grc'>1</span> 
     </span>
     <span class='ocr_line' id='line_1_21' title="bbox 140 2337 1368 2422; baseline 0.001 -16"><span class='ocrx_word' id='word_1_174' title='bbox 140 2356 154 2369; x_wconf 70' lang='grc'>·’</span> <span class='ocrx_word' id='word_1_175' title='bbox 178 2337 248 2407; x_wconf 85' lang='lat' dir='ltr'>¹tibi</span> <span class='ocrx_word' id='word_1_176' title='bbox 269 2350 418 2413; x_wconf 76' lang='lat' dir='ltr'>mertem</span> <span class='ocrx_word' id='word_1_177' title='bbox 440 2358 515 2407; x_wconf 85' lang='lat' dir='ltr'>esee</span> <span class='ocrx_word' id='word_1_178' title='bbox 536 2339 747 2415; x_wconf 87' lang='lat' dir='ltr'>minitatum,</span> <span class='ocrx_word' id='word_1_179' title='bbox 768 2340 881 2406; x_wconf 85' lang='lat' dir='ltr'>fateor</span> <span class='ocrx_word' id='word_1_180' title='bbox 902 2338 987 2406; x_wconf 84' lang='lat' dir='ltr'>baec</span> <span class='ocrx_word' id='word_1_181' title='bbox 1004 2340 1368 2422; x_wconf 83' lang='lat' dir='ltr'>interdicto-praetoris</span> 
     </span>
    </p>

    <p class='ocr_par' dir='ltr' id='par_1_14' title="bbox 186 2438 1371 2724">
     <span class='ocr_line' id='line_1_22' title="bbox 186 2438 1368 2523; baseline 0 -17"><span class='ocrx_word' id='word_1_182' title='bbox 186 2438 371 2517; x_wconf 87' lang='lat' dir='ltr'>vindicari,</span> <span class='ocrx_word' id='word_1_183' title='bbox 393 2440 422 2507; x_wconf 83' lang='lat' dir='ltr'>ei</span> <span class='ocrx_word' id='word_1_184' title='bbox 444 2439 603 2510; x_wconf 84' lang='lat' dir='ltr'>voluntas</span> <span class='ocrx_word' id='word_1_185' title='bbox 626 2452 665 2507; x_wconf 66' lang='lat' dir='ltr'>et·</span> <span class='ocrx_word' id='word_1_186' title='bbox 681 2441 834 2523; x_wconf 86' lang='lat' dir='ltr'>aequitas</span> <span class='ocrx_word' id='word_1_187' title='bbox 856 2439 985 2508; x_wconf 86' lang='lat' dir='ltr'>valeat:</span> <span class='ocrx_word' id='word_1_188' title='bbox 1015 2441 1077 2509; x_wconf 85' lang='lat' dir='ltr'>sed</span> <span class='ocrx_word' id='word_1_189' title='bbox 1094 2462 1162 2522; x_wconf 79' lang='lat' dir='ltr'>ego</span> <span class='ocrx_word' id='word_1_190' title='bbox 1184 2442 1317 2509; x_wconf 86' lang='lat' dir='ltr'>invenio</span> <span class='ocrx_word' id='word_1_191' title='bbox 1335 2442 1368 2506; x_wconf 93' lang='lat' dir='ltr'>in</span> 
     </span>
     <span class='ocr_line' id='line_1_23' title="bbox 190 2539 1370 2626; baseline 0.002 -19"><span class='ocrx_word' id='word_1_192' title='bbox 190 2539 378 2612; x_wconf 84' lang='lat' dir='ltr'>interdicto</span> <span class='ocrx_word' id='word_1_193' title='bbox 399 2540 542 2607; x_wconf 88' lang='lat' dir='ltr'>verbum</span> <span class='ocrx_word' id='word_1_194' title='bbox 565 2561 692 2626; x_wconf 79' lang='lat' dir='ltr'>ursum,</span> <span class='ocrx_word' id='word_1_195' title='bbox 723 2541 779 2607; x_wconf 91' lang='lat' dir='ltr'>ubi</span> <span class='ocrx_word' id='word_1_196' title='bbox 801 2539 1015 2609; x_wconf 86' lang='lat' dir='ltr'>delitescam:</span> <span class='ocrx_word' id='word_1_197' title='bbox 1056 2566 1127 2610; x_wconf 91' lang='lat' dir='ltr'>nou</span> <span class='ocrx_word' id='word_1_198' title='bbox 1148 2543 1253 2609; x_wconf 91' lang='lat' dir='ltr'>deieci</span> <span class='ocrx_word' id='word_1_199' title='bbox 1276 2555 1308 2609; x_wconf 91' lang='lat' dir='ltr'>te</span> <span class='ocrx_word' id='word_1_200' title='bbox 1328 2563 1370 2609; x_wconf 84' lang='lat' dir='ltr'>ea</span> 
     </span>
     <span class='ocr_line' id='line_1_24' title="bbox 188 2635 1371 2724; baseline 0.005 -19"><span class='ocrx_word' id='word_1_201' title='bbox 188 2659 230 2706; x_wconf 90' lang='lat' dir='ltr'>eo</span> <span class='ocrx_word' id='word_1_202' title='bbox 252 2635 350 2723; x_wconf 89' lang='lat' dir='ltr'>loco,</span> <span class='ocrx_word' id='word_1_203' title='bbox 372 2658 473 2721; x_wconf 82' lang='lat' dir='ltr'>quem</span> <span class='ocrx_word' id='word_1_204' title='bbox 494 2639 528 2705; x_wconf 92' lang='lat' dir='ltr'>in</span> <span class='ocrx_word' id='word_1_205' title='bbox 549 2637 666 2710; x_wconf 86' lang='lat' dir='ltr'>locum</span> <span class='ocrx_word' id='word_1_206' title='bbox 687 2640 846 2724; x_wconf 84' lang='lat' dir='ltr'>prohibui</span> <span class='ocrx_word' id='word_1_207' title='bbox 868 2663 910 2709; x_wconf 91' lang='lat' dir='ltr'>ne</span> <span class='ocrx_word' id='word_1_208' title='bbox 931 2644 1108 2715; x_wconf 84' lang='lat' dir='ltr'>venires:“</span> <span class='ocrx_word' id='word_1_209' title='bbox 1121 2679 1162 2702; x_wconf 66' lang='lat'>2-</span> <span class='ocrx_word' id='word_1_210' title='bbox 1176 2645 1210 2711; x_wconf 91' lang='lat' dir='ltr'>in</span> <span class='ocrx_word' id='word_1_211' title='bbox 1229 2644 1295 2712; x_wconf 88' lang='lat' dir='ltr'>ista</span> <span class='ocrx_word' id='word_1_212' title='bbox 1314 2644 1371 2711; x_wconf 79' lang='lat' dir='ltr'>de·</span> 
     </span>
    </p>

    <p class='ocr_par' dir='ltr' id='par_1_15' title="bbox 99 2739 1422 2829">
     <span class='ocr_line' id='line_1_25' title="bbox 99 2739 1422 2829; baseline 0.005 -23"><span class='ocrx_word' id='word_1_213' title='bbox 99 2754 104 2759; x_wconf 82' lang='grc'><em>·</em></span> <span class='ocrx_word' id='word_1_214' title='bbox 186 2739 344 2813; x_wconf 77' lang='lat' dir='ltr'>tensione</span> <span class='ocrx_word' id='word_1_215' title='bbox 364 2750 507 2814; x_wconf 78' lang='lat' dir='ltr'>accusas</span> <span class='ocrx_word' id='word_1_216' title='bbox 529 2761 608 2820; x_wconf 82' lang='lat' dir='ltr'>eos,</span> <span class='ocrx_word' id='word_1_217' title='bbox 631 2744 687 2825; x_wconf 90' lang='lat' dir='ltr'>qui</span> <span class='ocrx_word' id='word_1_218' title='bbox 711 2743 958 2823; x_wconf 79' lang='lat' dir='ltr'>consuluntur,</span> <span class='ocrx_word' id='word_1_219' title='bbox 981 2744 1075 2827; x_wconf 54' lang='lat' dir='ltr'>quod¹</span> <span class='ocrx_word' id='word_1_220' title='bbox 1093 2746 1272 2829; x_wconf 88' lang='lat' dir='ltr'>aequitatis</span> <span class='ocrx_word' id='word_1_221' title='bbox 1292 2766 1371 2812; x_wconf 57' lang='lat' dir='ltr'>cen-⁴</span> <span class='ocrx_word' id='word_1_222' title='bbox 1421 2758 1422 2791; x_wconf 79' lang='lat'>³</span> 
     </span>
    </p>

    <p class='ocr_par' dir='ltr' id='par_1_16' title="bbox 127 2843 1422 3133">
     <span class='ocr_line' id='line_1_26' title="bbox 188 2843 1422 2929; baseline 0.003 -19"><span class='ocrx_word' id='word_1_223' title='bbox 188 2852 288 2910; x_wconf 86' lang='lat' dir='ltr'>aeant</span> <span class='ocrx_word' id='word_1_224' title='bbox 308 2843 497 2920; x_wconf 88' lang='lat' dir='ltr'>rationem,</span> <span class='ocrx_word' id='word_1_225' title='bbox 524 2865 593 2909; x_wconf 91' lang='lat' dir='ltr'>non</span> <span class='ocrx_word' id='word_1_226' title='bbox 616 2844 731 2921; x_wconf 87' lang='lat' dir='ltr'>verbi,</span> <span class='ocrx_word' id='word_1_227' title='bbox 760 2843 877 2912; x_wconf 89' lang='lat' dir='ltr'>haberi</span> <span class='ocrx_word' id='word_1_228' title='bbox 899 2847 1087 2928; x_wconf 63' lang='lat' dir='ltr'>oportere?</span> <span class='ocrx_word' id='word_1_229' title='bbox 1349 2896 1356 2904; x_wconf 85' lang='lat'><em>-</em></span> <span class='ocrx_word' id='word_1_230' title='bbox 1421 2856 1422 2929; x_wconf 45' lang='lat' dir='ltr'>g</span> 
     </span>
     <span class='ocr_line' id='line_1_27' title="bbox 127 2940 1422 3032; baseline 0.007 -27"><span class='ocrx_word' id='word_1_231' title='bbox 127 2940 168 3005; x_wconf 86' lang='grc'><strong>67</strong></span> <span class='ocrx_word' id='word_1_232' title='bbox 267 2942 400 3020; x_wconf 83' lang='lat' dir='ltr'><strong>XXIV.</strong></span> <span class='ocrx_word' id='word_1_233' title='bbox 443 2942 568 3021; x_wconf 80' lang='lat' dir='ltr'>Elbec</span> <span class='ocrx_word' id='word_1_234' title='bbox 583 2943 659 3017; x_wconf 90' lang='lat' dir='ltr'>leco</span> <span class='ocrx_word' id='word_1_235' title='bbox 676 2945 875 3017; x_wconf 77' lang='lat' dir='ltr'>Scaevolam</span> <span class='ocrx_word' id='word_1_236' title='bbox 898 2945 1013 3014; x_wconf 85' lang='lat' dir='ltr'>dixisti</span> <span class='ocrx_word' id='word_1_237' title='bbox 1028 2968 1165 3016; x_wconf 88' lang='lat' dir='ltr'>causam</span> <span class='ocrx_word' id='word_1_238' title='bbox 1186 2949 1275 3032; x_wconf 87' lang='lat' dir='ltr'>apud</span> <span class='ocrx_word' id='word_1_239' title='bbox 1297 2971 1371 3018; x_wconf 63' lang='lat' dir='ltr'>cers·&gt;</span> <span class='ocrx_word' id='word_1_240' title='bbox 1421 2992 1422 2999; x_wconf 22' lang='grc' dir='ltr'><strong>κ</strong></span> 
     </span>
     <span class='ocr_line' id='line_1_28' title="bbox 139 3044 1422 3133; baseline 0.002 -22"><span class='ocrx_word' id='word_1_241' title='bbox 139 3086 141 3095; x_wconf 82' lang='lat'><em>·</em></span> <span class='ocrx_word' id='word_1_242' title='bbox 190 3044 358 3113; x_wconf 85' lang='lat' dir='ltr'>tumviros</span> <span class='ocrx_word' id='word_1_243' title='bbox 379 3069 447 3118; x_wconf 88' lang='lat' dir='ltr'>non</span> <span class='ocrx_word' id='word_1_244' title='bbox 466 3048 634 3127; x_wconf 75' lang='lat' dir='ltr'>tenuisse3</span> <span class='ocrx_word' id='word_1_245' title='bbox 662 3069 763 3133; x_wconf 86' lang='lat' dir='ltr'>quem</span> <span class='ocrx_word' id='word_1_246' title='bbox 785 3069 849 3130; x_wconf 83' lang='lat' dir='ltr'>ego</span> <span class='ocrx_word' id='word_1_247' title='bbox 872 3060 971 3115; x_wconf 90' lang='lat' dir='ltr'>antea</span> <span class='ocrx_word' id='word_1_248' title='bbox 994 3070 1062 3115; x_wconf 92' lang='lat' dir='ltr'>non</span> <span class='ocrx_word' id='word_1_249' title='bbox 1083 3050 1367 3125; x_wconf 79' lang='lat' dir='ltr'>commemorari,</span> <span class='ocrx_word' id='word_1_250' title='bbox 1421 3044 1422 3125; x_wconf 66' lang='grc' dir='ltr'><strong><em>ᾖ</em></strong></span> 
     </span>
    </p>

    <p class='ocr_par' dir='ltr' id='par_1_17' title="bbox 189 3145 1371 3348">
     <span class='ocr_line' id='line_1_29' title="bbox 189 3145 1371 3233; baseline 0.003 -21"><span class='ocrx_word' id='word_1_251' title='bbox 189 3145 281 3227; x_wconf 91' lang='lat' dir='ltr'>quo-d</span> <span class='ocrx_word' id='word_1_252' title='bbox 300 3146 391 3221; x_wconf 89' lang='lat' dir='ltr'>idem</span> <span class='ocrx_word' id='word_1_253' title='bbox 406 3147 554 3228; x_wconf 85' lang='lat' dir='ltr'>secaret,</span> <span class='ocrx_word' id='word_1_254' title='bbox 576 3148 668 3232; x_wconf 90' lang='lat' dir='ltr'>quod</span> <span class='ocrx_word' id='word_1_255' title='bbox 690 3163 726 3216; x_wconf 90' lang='lat' dir='ltr'>tu</span> <span class='ocrx_word' id='word_1_256' title='bbox 746 3170 856 3228; x_wconf 80' lang='lat' dir='ltr'>rinno,</span> <span class='ocrx_word' id='word_1_257' title='bbox 878 3151 1028 3228; x_wconf 86' lang='lat' dir='ltr'>(tametsi</span> <span class='ocrx_word' id='word_1_258' title='bbox 1043 3149 1099 3217; x_wconf 92' lang='lat' dir='ltr'>ille</span> <span class='ocrx_word' id='word_1_259' title='bbox 1118 3152 1150 3217; x_wconf 90' lang='lat' dir='ltr'>in</span> <span class='ocrx_word' id='word_1_260' title='bbox 1163 3150 1274 3233; x_wconf 86' lang='lat' dir='ltr'>aliqua</span> <span class='ocrx_word' id='word_1_261' title='bbox 1295 3173 1371 3220; x_wconf 59' lang='lat' dir='ltr'>caue</span> 
     </span>
     <span class='ocr_line' id='line_1_30' title="bbox 189 3246 1369 3348; baseline 0.008 -33"><span class='ocrx_word' id='word_1_262' title='bbox 189 3266 229 3315; x_wconf 86' lang='lat' dir='ltr'>aa</span> <span class='ocrx_word' id='word_1_263' title='bbox 248 3246 411 3326; x_wconf 76' lang='lat' dir='ltr'>faciebat,</span> <span class='ocrx_word' id='word_1_264' title='bbox 435 3260 470 3320; x_wconf 89' lang='lat' dir='ltr'>tu</span> <span class='ocrx_word' id='word_1_265' title='bbox 488 3249 522 3325; x_wconf 87' lang='lat' dir='ltr'>in</span> <span class='ocrx_word' id='word_1_266' title='bbox 542 3249 635 3327; x_wconf 79' lang='lat' dir='ltr'>trulla</span> <span class='ocrx_word' id='word_1_267' title='bbox 654 3250 755 3330; x_wconf 84' lang='lat' dir='ltr'>lacis)</span> <span class='ocrx_word' id='word_1_268' title='bbox 773 3263 884 3328; x_wconf 86' lang='lat' dir='ltr'>tamen</span> <span class='ocrx_word' id='word_1_269' title='bbox 895 3252 1058 3345; x_wconf 84' lang='lat' dir='ltr'>probasse</span> <span class='ocrx_word' id='word_1_270' title='bbox 1072 3254 1200 3324; x_wconf 88' lang='lat' dir='ltr'>nemini</span> <span class='ocrx_word' id='word_1_271' title='bbox 1211 3257 1302 3348; x_wconf 88' lang='lat' dir='ltr'>quod</span> <span class='ocrx_word' id='word_1_272' title='bbox 1316 3253 1369 3329; x_wconf 59' lang='lat' dir='ltr'>der</span> 
     </span>
    </p>
   </div>
   <div class='ocr_carea' id='block_1_3' title="bbox 108 3509 1370 4329">
    <p class='ocr_par' dir='ltr' id='par_1_18' title="bbox 190 3509 1370 3658">
     <span class='ocr_line' id='line_1_31' title="bbox 258 3509 1370 3580; baseline 0.004 -22"><span class='ocrx_word' id='word_1_273' title='bbox 258 3509 270 3573; x_wconf 96' lang='grc'><strong>6</strong></span> <span class='ocrx_word' id='word_1_274' title='bbox 288 3511 330 3580; x_wconf 80' lang='lat' dir='ltr'>bb,</span> <span class='ocrx_word' id='word_1_275' title='bbox 353 3512 405 3560; x_wconf 90' lang='lat' dir='ltr'>Pro</span> <span class='ocrx_word' id='word_1_276' title='bbox 425 3515 581 3560; x_wconf 62' lang='lat' dir='ltr'>hortationem</span> <span class='ocrx_word' id='word_1_277' title='bbox 604 3514 688 3569; x_wconf 75' lang='lat' dir='ltr'>bamb,</span> <span class='ocrx_word' id='word_1_278' title='bbox 704 3515 805 3564; x_wconf 82' lang='lat' dir='ltr'>Weiske</span> <span class='ocrx_word' id='word_1_279' title='bbox 822 3519 959 3574; x_wconf 78' lang='lat' dir='ltr'>mationem,</span> <span class='ocrx_word' id='word_1_280' title='bbox 971 3541 1007 3555; x_wconf 87' lang='lat'>...</span> <span class='ocrx_word' id='word_1_281' title='bbox 1017 3521 1085 3580; x_wconf 81' lang='lat' dir='ltr'>aequi</span> <span class='ocrx_word' id='word_1_282' title='bbox 1095 3524 1118 3565; x_wconf 80' lang='lat' dir='ltr'>et</span> <span class='ocrx_word' id='word_1_283' title='bbox 1129 3517 1201 3580; x_wconf 84' lang='lat' dir='ltr'>beni]</span> <span class='ocrx_word' id='word_1_284' title='bbox 1220 3519 1273 3574; x_wconf 77' lang='lat' dir='ltr'>Eri.</span> <span class='ocrx_word' id='word_1_285' title='bbox 1285 3521 1336 3566; x_wconf 81' lang='lat' dir='ltr'>boui</span> <span class='ocrx_word' id='word_1_286' title='bbox 1347 3524 1370 3563; x_wconf 80' lang='lat' dir='ltr'>et</span> 
     </span>
     <span class='ocr_line' id='line_1_32' title="bbox 190 3594 982 3658; baseline 0 -15"><span class='ocrx_word' id='word_1_287' title='bbox 190 3597 259 3654; x_wconf 76' lang='lat' dir='ltr'>aequi</span> <span class='ocrx_word' id='word_1_288' title='bbox 275 3595 307 3650; x_wconf 81' lang='lat'>0,</span> <span class='ocrx_word' id='word_1_289' title='bbox 324 3619 359 3635; x_wconf 92' lang='lat'>·-</span> <span class='ocrx_word' id='word_1_290' title='bbox 376 3594 486 3658; x_wconf 77' lang='lat' dir='ltr'>bonique]</span> <span class='ocrx_word' id='word_1_291' title='bbox 504 3596 557 3643; x_wconf 77' lang='lat' dir='ltr'>mr.</span> <span class='ocrx_word' id='word_1_292' title='bbox 572 3596 630 3643; x_wconf 75' lang='lat' dir='ltr'>bont</span> <span class='ocrx_word' id='word_1_293' title='bbox 651 3598 683 3644; x_wconf 92' lang='grc' dir='ltr'>Ο.</span> <span class='ocrx_word' id='word_1_294' title='bbox 980 3620 982 3623; x_wconf 92' lang='grc'><strong>-</strong></span> 
     </span>
    </p>

    <p class='ocr_par' dir='ltr' id='par_1_19' title="bbox 259 3676 1369 3740">
     <span class='ocr_line' id='line_1_33' title="bbox 259 3676 1369 3740; baseline 0.009 -17"><span class='ocrx_word' id='word_1_295' title='bbox 259 3676 271 3739; x_wconf 88' lang='grc'><strong>6</strong></span> <span class='ocrx_word' id='word_1_296' title='bbox 302 3679 344 3735; x_wconf 70' lang='grc'><strong>66,</strong></span> <span class='ocrx_word' id='word_1_297' title='bbox 371 3693 410 3732; x_wconf 74' lang='lat' dir='ltr'>eae</span> <span class='ocrx_word' id='word_1_298' title='bbox 440 3677 531 3740; x_wconf 81' lang='lat' dir='ltr'>portes]</span> <span class='ocrx_word' id='word_1_299' title='bbox 558 3678 610 3730; x_wconf 84' lang='lat' dir='ltr'>Eri.</span> <span class='ocrx_word' id='word_1_300' title='bbox 635 3679 695 3735; x_wconf 72' lang='lat' dir='ltr'>Aer.</span> <span class='ocrx_word' id='word_1_301' title='bbox 727 3678 802 3733; x_wconf 75' lang='lat' dir='ltr'>last,</span> <span class='ocrx_word' id='word_1_302' title='bbox 830 3680 873 3734; x_wconf 77' lang='lat' dir='ltr'>dap</span> <span class='ocrx_word' id='word_1_303' title='bbox 894 3694 922 3739; x_wconf 82' lang='lat' dir='ltr'>p.</span> <span class='ocrx_word' id='word_1_304' title='bbox 945 3681 977 3734; x_wconf 80' lang='lat' dir='ltr'>O,</span> <span class='ocrx_word' id='word_1_305' title='bbox 1011 3682 1125 3729; x_wconf 81' lang='lat' dir='ltr'>Ceterum</span> <span class='ocrx_word' id='word_1_306' title='bbox 1153 3683 1248 3738; x_wconf 80' lang='lat' dir='ltr'>restitui</span> <span class='ocrx_word' id='word_1_307' title='bbox 1272 3679 1369 3733; x_wconf 77' lang='lat' dir='ltr'>aranti</span> 
     </span>
    </p>

    <p class='ocr_par' dir='ltr' id='par_1_20' title="bbox 108 3758 1367 3827">
     <span class='ocr_line' id='line_1_34' title="bbox 108 3758 1367 3827; baseline 0.002 -20"><span class='ocrx_word' id='word_1_308' title='bbox 108 3758 114 3763; x_wconf 84' lang='lat'><em>&#39;</em></span> <span class='ocrx_word' id='word_1_309' title='bbox 191 3760 387 3823; x_wconf 73' lang='lat' dir='ltr'>distinctionem</span> <span class='ocrx_word' id='word_1_310' title='bbox 408 3762 443 3809; x_wconf 87' lang='lat' dir='ltr'>sic</span> <span class='ocrx_word' id='word_1_311' title='bbox 459 3768 541 3811; x_wconf 67' lang='lat' dir='ltr'>umen</span> <span class='ocrx_word' id='word_1_312' title='bbox 558 3767 585 3809; x_wconf 86' lang='lat' dir='ltr'>ut</span> <span class='ocrx_word' id='word_1_313' title='bbox 599 3762 761 3824; x_wconf 71' lang='lat' dir='ltr'>significarem</span> <span class='ocrx_word' id='word_1_314' title='bbox 775 3777 799 3810; x_wconf 80' lang='lat' dir='ltr'>v.</span> <span class='ocrx_word' id='word_1_315' title='bbox 814 3764 873 3812; x_wconf 78' lang='lat' dir='ltr'>ende</span> <span class='ocrx_word' id='word_1_316' title='bbox 888 3764 987 3809; x_wconf 79' lang='lat' dir='ltr'>deiectus</span> <span class='ocrx_word' id='word_1_317' title='bbox 1005 3779 1029 3809; x_wconf 79' lang='lat' dir='ltr'>ae</span> <span class='ocrx_word' id='word_1_318' title='bbox 1046 3766 1167 3814; x_wconf 81' lang='lat' dir='ltr'>formulae</span> <span class='ocrx_word' id='word_1_319' title='bbox 1185 3782 1252 3814; x_wconf 77' lang='lat' dir='ltr'>esser</span> <span class='ocrx_word' id='word_1_320' title='bbox 1272 3777 1367 3827; x_wconf 58' lang='lat' dir='ltr'>emesa·</span> 
     </span>
    </p>

    <p class='ocr_par' dir='ltr' id='par_1_21' title="bbox 191 3844 1368 4073">
     <span class='ocr_line' id='line_1_35' title="bbox 191 3844 1368 3911; baseline 0 -21"><span class='ocrx_word' id='word_1_321' title='bbox 191 3850 240 3890; x_wconf 86' lang='lat' dir='ltr'>tem</span> <span class='ocrx_word' id='word_1_322' title='bbox 258 3844 479 3911; x_wconf 71' lang='lat' dir='ltr'>interrogationem</span> <span class='ocrx_word' id='word_1_323' title='bbox 497 3845 606 3894; x_wconf 77' lang='lat' dir='ltr'>Aebutio</span> <span class='ocrx_word' id='word_1_324' title='bbox 624 3862 641 3893; x_wconf 80' lang='lat' dir='ltr'>a</span> <span class='ocrx_word' id='word_1_325' title='bbox 655 3846 763 3892; x_wconf 79' lang='lat' dir='ltr'>Caecina</span> <span class='ocrx_word' id='word_1_326' title='bbox 784 3846 908 3905; x_wconf 61' lang='lat' dir='ltr'>proponi,</span> <span class='ocrx_word' id='word_1_327' title='bbox 936 3847 1002 3894; x_wconf 81' lang='lat' dir='ltr'>Illuc</span> <span class='ocrx_word' id='word_1_328' title='bbox 1017 3854 1083 3895; x_wconf 80' lang='lat' dir='ltr'>recte</span> <span class='ocrx_word' id='word_1_329' title='bbox 1098 3864 1138 3894; x_wconf 84' lang='lat' dir='ltr'>ene</span> <span class='ocrx_word' id='word_1_330' title='bbox 1154 3855 1236 3906; x_wconf 71' lang='lat' dir='ltr'>portes</span> <span class='ocrx_word' id='word_1_331' title='bbox 1252 3864 1299 3896; x_wconf 87' lang='lat' dir='ltr'>nou</span> <span class='ocrx_word' id='word_1_332' title='bbox 1315 3850 1368 3892; x_wconf 79' lang='lat' dir='ltr'>tae:</span> 
     </span>
     <span class='ocr_line' id='line_1_36' title="bbox 191 3925 1368 3991; baseline 0.007 -20"><span class='ocrx_word' id='word_1_333' title='bbox 191 3938 237 3971; x_wconf 78' lang='lat' dir='ltr'>eae</span> <span class='ocrx_word' id='word_1_334' title='bbox 254 3925 320 3980; x_wconf 81' lang='lat' dir='ltr'>scil,</span> <span class='ocrx_word' id='word_1_335' title='bbox 346 3931 434 3973; x_wconf 79' lang='lat' dir='ltr'>contre</span> <span class='ocrx_word' id='word_1_336' title='bbox 452 3940 513 3988; x_wconf 80' lang='lat' dir='ltr'>qnos</span> <span class='ocrx_word' id='word_1_337' title='bbox 533 3931 560 3973; x_wconf 82' lang='lat' dir='ltr'>tu</span> <span class='ocrx_word' id='word_1_338' title='bbox 572 3932 597 3974; x_wconf 88' lang='lat' dir='ltr'>te</span> <span class='ocrx_word' id='word_1_339' title='bbox 608 3927 724 3977; x_wconf 75' lang='lat' dir='ltr'>delendae</span> <span class='ocrx_word' id='word_1_340' title='bbox 735 3943 833 3976; x_wconf 71' lang='lat' dir='ltr'>necmse</span> <span class='ocrx_word' id='word_1_341' title='bbox 845 3935 889 3976; x_wconf 87' lang='lat' dir='ltr'>est.</span> <span class='ocrx_word' id='word_1_342' title='bbox 901 3953 937 3968; x_wconf 89' lang='lat'>-·</span> <span class='ocrx_word' id='word_1_343' title='bbox 948 3929 1072 3991; x_wconf 65' lang='lat' dir='ltr'>conditus]</span> <span class='ocrx_word' id='word_1_344' title='bbox 1086 3931 1139 3978; x_wconf 82' lang='lat' dir='ltr'>Eri.</span> <span class='ocrx_word' id='word_1_345' title='bbox 1154 3932 1324 3989; x_wconf 68' lang='lat' dir='ltr'>prohibitorio.</span> <span class='ocrx_word' id='word_1_346' title='bbox 1334 3950 1368 3967; x_wconf 87' lang='grc'><strong>-</strong></span> 
     </span>
     <span class='ocr_line' id='line_1_37' title="bbox 191 4007 1333 4073; baseline 0.002 -19"><span class='ocrx_word' id='word_1_347' title='bbox 191 4009 248 4062; x_wconf 72' lang='lat' dir='ltr'>baec</span> <span class='ocrx_word' id='word_1_348' title='bbox 268 4007 365 4069; x_wconf 70' lang='lat' dir='ltr'>interd]</span> <span class='ocrx_word' id='word_1_349' title='bbox 394 4009 454 4056; x_wconf 69' lang='lat' dir='ltr'>Eri·</span> <span class='ocrx_word' id='word_1_350' title='bbox 472 4012 517 4056; x_wconf 76' lang='lat' dir='ltr'>ior</span> <span class='ocrx_word' id='word_1_351' title='bbox 533 4012 674 4061; x_wconf 55' lang='lat' dir='ltr'>interciso.</span> <span class='ocrx_word' id='word_1_352' title='bbox 695 4027 795 4072; x_wconf 69' lang='lat' dir='ltr'>·-‚non</span> <span class='ocrx_word' id='word_1_353' title='bbox 813 4014 886 4058; x_wconf 82' lang='lat' dir='ltr'>deieci</span> <span class='ocrx_word' id='word_1_354' title='bbox 904 4011 936 4073; x_wconf 88' lang='lat' dir='ltr'>te]</span> <span class='ocrx_word' id='word_1_355' title='bbox 960 4014 1030 4060; x_wconf 83' lang='lat' dir='ltr'>Fert.</span> <span class='ocrx_word' id='word_1_356' title='bbox 1051 4028 1098 4060; x_wconf 79' lang='lat' dir='ltr'>nou</span> <span class='ocrx_word' id='word_1_357' title='bbox 1117 4016 1207 4070; x_wconf 78' lang='lat' dir='ltr'>deieci,</span> <span class='ocrx_word' id='word_1_358' title='bbox 1235 4018 1290 4061; x_wconf 81' lang='lat' dir='ltr'>eieci</span> <span class='ocrx_word' id='word_1_359' title='bbox 1308 4018 1333 4058; x_wconf 81' lang='lat' dir='ltr'>te.</span> 
     </span>
    </p>

    <p class='ocr_par' dir='ltr' id='par_1_22' title="bbox 191 4091 1367 4329">
     <span class='ocr_line' id='line_1_38' title="bbox 259 4091 1367 4157; baseline 0.001 -18"><span class='ocrx_word' id='word_1_360' title='bbox 259 4091 321 4154; x_wconf 84' lang='grc'><strong>667.</strong></span> <span class='ocrx_word' id='word_1_361' title='bbox 333 4098 400 4141; x_wconf 80' lang='lat' dir='ltr'>antea</span> <span class='ocrx_word' id='word_1_362' title='bbox 412 4107 458 4139; x_wconf 77' lang='lat' dir='ltr'>nea</span> <span class='ocrx_word' id='word_1_363' title='bbox 471 4097 651 4143; x_wconf 82' lang='lat' dir='ltr'>commemoraui</span> <span class='ocrx_word' id='word_1_364' title='bbox 662 4119 674 4131; x_wconf 94' lang='lat'>·</span> <span class='ocrx_word' id='word_1_365' title='bbox 685 4119 697 4131; x_wconf 94' lang='lat'>·</span> <span class='ocrx_word' id='word_1_366' title='bbox 708 4093 869 4157; x_wconf 59' lang='lat' dir='ltr'>videbatui]</span> <span class='ocrx_word' id='word_1_367' title='bbox 888 4096 940 4142; x_wconf 75' lang='lat' dir='ltr'>tarr.</span> <span class='ocrx_word' id='word_1_368' title='bbox 953 4100 1224 4153; x_wconf 80' lang='lat' dir='ltr'>euteaoommemoroei,</span> <span class='ocrx_word' id='word_1_369' title='bbox 1249 4112 1298 4144; x_wconf 81' lang='lat' dir='ltr'>caru</span> <span class='ocrx_word' id='word_1_370' title='bbox 1310 4096 1367 4140; x_wconf 78' lang='lat' dir='ltr'>idm</span> 
     </span>
     <span class='ocr_line' id='line_1_39' title="bbox 191 4174 1366 4248; baseline 0.002 -26"><span class='ocrx_word' id='word_1_371' title='bbox 191 4174 243 4225; x_wconf 83' lang='lat' dir='ltr'>elne</span> <span class='ocrx_word' id='word_1_372' title='bbox 263 4175 473 4238; x_wconf 72' lang='lat' dir='ltr'>interrogatione,</span> <span class='ocrx_word' id='word_1_373' title='bbox 491 4192 526 4225; x_wconf 86' lang='lat' dir='ltr'>ex</span> <span class='ocrx_word' id='word_1_374' title='bbox 549 4179 687 4229; x_wconf 85' lang='lat' dir='ltr'>Hotomaui</span> <span class='ocrx_word' id='word_1_375' title='bbox 705 4178 771 4233; x_wconf 78' lang='lat' dir='ltr'>poni,</span> <span class='ocrx_word' id='word_1_376' title='bbox 793 4178 824 4248; x_wconf 83' lang='lat'>.⁰·</span> <span class='ocrx_word' id='word_1_377' title='bbox 859 4179 1019 4229; x_wconf 79' lang='lat' dir='ltr'>Demonstrat</span> <span class='ocrx_word' id='word_1_378' title='bbox 1037 4179 1144 4238; x_wconf 81' lang='lat' dir='ltr'>scilicet,</span> <span class='ocrx_word' id='word_1_379' title='bbox 1168 4195 1242 4244; x_wconf 85' lang='lat' dir='ltr'>quarn</span> <span class='ocrx_word' id='word_1_380' title='bbox 1260 4190 1366 4242; x_wconf 75' lang='lat' dir='ltr'>perverse</span> 
     </span>
     <span class='ocr_line' id='line_1_40' title="bbox 192 4258 1294 4329; baseline 0.008 -25"><span class='ocrx_word' id='word_1_381' title='bbox 192 4271 222 4309; x_wconf 79' lang='lat' dir='ltr'>ae</span> <span class='ocrx_word' id='word_1_382' title='bbox 237 4258 310 4305; x_wconf 72' lang='lat' dir='ltr'>multe</span> <span class='ocrx_word' id='word_1_383' title='bbox 328 4260 376 4314; x_wconf 81' lang='lat' dir='ltr'>hoe</span> <span class='ocrx_word' id='word_1_384' title='bbox 397 4261 453 4327; x_wconf 83' lang='lat' dir='ltr'>ipso</span> <span class='ocrx_word' id='word_1_385' title='bbox 474 4263 533 4317; x_wconf 84' lang='lat' dir='ltr'>loce</span> <span class='ocrx_word' id='word_1_386' title='bbox 555 4265 696 4329; x_wconf 82' lang='lat' dir='ltr'>exemplum</span> <span class='ocrx_word' id='word_1_387' title='bbox 717 4261 812 4314; x_wconf 81' lang='lat' dir='ltr'>sibimet</span> <span class='ocrx_word' id='word_1_388' title='bbox 833 4260 880 4325; x_wconf 85' lang='lat' dir='ltr'>ipsi</span> <span class='ocrx_word' id='word_1_389' title='bbox 900 4261 1049 4308; x_wconf 86' lang='lat' dir='ltr'>contrarium</span> <span class='ocrx_word' id='word_1_390' title='bbox 1070 4265 1188 4312; x_wconf 84' lang='lat' dir='ltr'>attulerit.</span> <span class='ocrx_word' id='word_1_391' title='bbox 1292 4303 1294 4307; x_wconf 89' lang='lat'><em>.</em></span> 
     </span>
    </p>
   </div>
   <div class='ocr_carea' id='block_1_4' title="bbox 0 0 1433 4759">
    <p class='ocr_par' dir='ltr' id='par_1_23' title="bbox 0 0 1433 4759">
     <span class='ocr_line' id='line_1_41' title="bbox 0 0 1433 4759; baseline 0 0"><span class='ocrx_word' id='word_1_392' title='bbox 0 0 1433 4759; x_wconf 95' lang='lat' dir='ltr'> </span> 
     </span>
    </p>
   </div>
  </div>
 </body>
</html>
