2850 4759
157 276 258 340 u
375 323 411 330 ..
557 235 559 240 ’
692 261 928 344 crcruonts

218 427 402 504 redundat,
423 445 508 511 quae
523 424 592 492 lixa
609 433 661 490 est
679 419 721 489 ad
739 432 878 504 portum
894 418 1083 502 urbemque
1097 409 1394 502 restram,''rerel·
1419 425 1420 506 l

218 531 326 609 listis,
347 550 456 612 neque
471 529 503 594 in
519 523 729 609 profundum
744 523 932 599 abiecistis,
951 520 1134 602 locumque
1148 518 1244 585 illum
1261 537 1393 585 omnem
1419 519 1420 560 l

219 631 403 713 expiastis,
435 650 535 711 quam
562 629 707 695 Romam
736 636 837 707 atque
858 625 890 689 in
912 621 1036 690 horum
1058 632 1267 687 conventum
1291 619 1392 685 adire·

218 733 290 801 risi
324 733 364 800 ln
394 730 679 799 Mamertinorum
705 725 784 793 solo
811 723 986 790 foederato
1013 732 1114 804 atque
1134 732 1256 802 pacato
1280 713 1392 786 monis

219 846 372 902 mentum
400 833 498 902 istius
526 829 737 898 crudelitatis
766 826 991 892 constitutum
1020 833 1083 900 est.
1126 820 1294 887 vestrane
1317 820 1390 886 urbs
1419 879 1420 914 3

219 936 329 1002 electa
356 946 429 1013 est,
460 932 502 999 ad
530 953 631 1015 quam
660 951 737 996 enm
767 929 900 995 adirmt
927 921 1114 999 saltada,
1149 941 1286 987 crucem
1318 921 1391 987 civis
1419 943 1420 994 3

218 1037 362 1105 Rotnani
384 1036 492 1117 prius,
523 1054 623 1116 qnam
646 1052 852 1114 quemquam
873 1028 1021 1096 amicum
1042 1021 1158 1106 populi
1179 1024 1326 1090 Romani
1350 1022 1390 1087 vi·
1419 1051 1420 1116 3

218 1137 366 1204 dercnt’i
389 1158 489 1218 quam
511 1154 572 1203 vos
594 1132 774 1213 Rheginis,
798 1151 942 1215 quorum
963 1127 1091 1196 civitati
1106 1123 1391 1201 invidetis‚'item-
1419 1121 1420 1128 ’

112 1259 118 1278 ·
220 1260 285 1322 que
306 1236 423 1306 incolis
446 1235 584 1312 vestris,
613 1236 743 1302 civibus
765 1233 944 1307 Romanis,
970 1226 1150 1298 ostendere
1171 1223 1307 1297 soletis.
1329 1245 1388 1307 qno
1419 1279 1420 1316 3

220 1342 333 1407 minus
353 1338 416 1405 sibi
438 1347 601 1418 arrogent
623 1338 803 1418 minusque
823 1355 886 1401 vos
908 1331 1115 1416 despiciant,
1159 1350 1238 1398 cum
1261 1326 1391 1395 videant
1419 1375 1420 1416 ,

220 1443 272 1509 ius
293 1439 440 1507 civitatis
462 1437 518 1505 illo
542 1436 710 1519 supplicio
732 1456 807 1504 esse
828 1444 1027 1503 mactatum.
1081 1481 1083 1488 -

160 1559 202 1623 υ
298 1541 381 1609 Xll.
423 1540 552 1606 Verum
574 1539 658 1605 haee
680 1543 803 1605 emisse
825 1549 858 1603 te
880 1535 976 1604 dicis.
1021 1535 1141 1627 Quid?
1175 1534 1229 1602 illa
1249 1532 1389 1602 Attalica

222 1655 294 1711 tota
319 1641 431 1709 Sicilia
458 1641 632 1707 nominata
659 1640 700 1705 ab
728 1638 846 1706 eodem
873 1639 960 1706 Heio
992 1640 1255 1722 peripetasmata
1281 1653 1388 1702 emere

221 1744 346 1813 oblitus
368 1742 433 1812 es?
465 1742 574 1809 Licuit
589 1739 706 1807 codem
723 1739 847 1817 modo,
867 1751 907 1807 ut
920 1740 1029 1820 signa.
1070 1738 1162 1831 Quid
1175 1738 1266 1805 enim
1281 1749 1387 1804 actum

223 1845 303 1912 esti
334 1847 388 1910 An
409 1842 530 1912 litteris
552 1841 762 1933 pepercisti?
795 1841 923 1909 Verum
944 1839 1118 1910 hominem
1140 1852 1311 1907 amentem
1331 1838 1388 1905 hoe

222 1947 329 2025 fugit:
361 1945 472 2012 minus
494 1943 623 2011 clarum
645 1943 779 2026 putavit
798 1942 893 2022 sore,
923 1940 1014 2026 quod
1035 1941 1077 2009 da
1097 1943 1264 2019 armario,
1280 1937 1282 1939 ’
1296 1959 1388 2024 quam

223 2045 378 2138 quod-de
398 2046 549 2113 sacrario
571 2056 661 2112 esset
682 2043 846 2113 ablatum.
887 2046 934 2112 At
955 2042 1128 2127 quomodo
1143 2041 1310 2110 abstulit?
1328 2064 1389 2110 noa

223 2170 365 2233 possum
396 2146 509 2214 dicere
534 2143 685 2229 planius,
717 2167 818 2229 quarn
850 2145 922 2227 ipse
951 2144 1043 2228 apud
1074 2165 1138 2213 vos
1166 2142 1254 2211 dixit
1282 2143 1388 2211 Heius.

222 2251 312 2318 Cum
336 2249 559 2332 quaesissem,
598 2246 764 2330 numquid
784 2245 875 2312 aliud
895 2244 938 2313 de
965 2245 1064 2314 bonis
1088 2246 1161 2313 eius
1188 2239 1389 2328 pervenisset

180 2354 185 2363 '
221 2351 265 2421 ad
289 2352 450 2428 Verrem,
472 2348 665 2433 respondit,
685 2350 790 2417 istum
812 2347 853 2415 ad
875 2367 913 2415 se
934 2347 1084 2432 misisse,
1105 2358 1145 2414 ut
1164 2348 1227 2415 sibi
1248 2350 1389 2413 mitteret
1418 2367 1419 2428 l

221 2455 451 2535 Agrigentum
473 2452 749 2533 peripetasmata.
792 2447 954 2540 Quaesivi
975 2471 1017 2515 an
1038 2443 1205 2530 misisset:
1226 2442 1390 2530 respondit

222 2556 275 2642 id,
307 2554 397 2637 quod
419 2572 560 2619 necesse
581 2562 654 2618 crat
679 2548 829 2626 scilicet,
851 2549 942 2616 dicto
964 2550 1155 2617 audientem
1177 2550 1284 2617 fuisse
1303 2568 1389 2633 prae·
1418 2581 1419 2600 .

224 2656 310 2735 tori3
341 2655 482 2721 misisse.
533 2653 678 2735 Rogavi,
718 2651 996 2732 pervenissentne
1021 2652 1270 2732 Agrigentum:
1314 2651 1419 2717 dixit

164 2799 167 2806 ,
223 2758 429 2841 pervenisse.
474 2753 652 2846 Quaesivi,
680 2751 968 2834 quemadmodum
991 2756 1228 2821 revertissent:
1265 2753 1389 2834 negavit

223 2857 337 2927 adhuc
366 2859 559 2926 revertisse.
620 2854 722 2922 Risus
754 2853 871 2937 populi
902 2853 1212 2938 succedentium
1244 2855 1387 2926 omnium
1418 2841 1419 2918 ζ

290 3117 361 3190 tar.
389 3122 456 3191 iaec]
483 3124 541 3173 Heii
555 3105 631 3188 *qnae
655 3125 753 3172 fuerant
777 3124 854 3185 signa.
871 3150 905 3163 -
921 3124 1041 3189 Attalica]
1063 3128 1153 3174 aulaea
1170 3140 1232 3175 auro
1250 3127 1386 3184 intertexta,
1417 2973 1419 3092 i

143 3282 147 3290 Ι
223 3211 308 3272 qualia
325 3211 416 3269 primus
434 3211 532 3256 Attalns
549 3224 595 3255 rex
612 3208 712 3255 invenit.
731 3209 803 3254 Mau.
837 3208 923 3254 Nexur
941 3209 1070 3256 verborum
1088 3210 1203 3272 requirit,
1229 3213 1327 3257 ut‘cum
1342 3210 1387 3256 Ho-

223 3300 326 3340 tomano
351 3292 395 3338 etsi
418 3293 513 3338 rariore
537 3291 714 3352 significatione
740 3305 763 3337 v.
786 3292 905 3335 nominata
929 3293 1079 3352 explicemur
1097 3283 1242 3351 „celebrata
1260 3309 1305 3355 per
1320 3299 1387 3340 totam

224 3376 330 3422 Siciliam
355 3390 434 3421 emero
456 3375 488 3420 ab
512 3375 612 3428 Heio,“
630 3387 691 3419 non:
721 3372 775 3428 „ab
792 3372 858 3419 Heio
875 3375 1032 3424 nominatur
1065 3379 1110 3425 Est
1125 3379 1191 3436 fero,
1217 3385 1244 3424 ul
1266 3377 1335 3438 l‘ss·
1357 3385 1387 3419 ra

223 3462 289 3504 clara
307 3458 387 3504 Sicilia
406 3462 462 3504 iaia.
480 3482 513 3496 ·-
538 3458 593 3516 quid
610 3458 669 3501 euim
688 3460 764 3501 arium
780 3453 850 3519 eurr]
875 3459 937 3510 Quid
955 3475 987 3528 eo
1004 3463 1144 3522 profecisti,
1161 3464 1219 3524 quid
1236 3463 1342 3509 lucratur
1356 3472 1386 3511 er,

224 3543 290 3602 qnod
308 3541 455 3601 emptionem
468 3541 566 3587 r.luisti
579 3540 706 3587 simulare?
728 3539 769 3585 Ad
780 3554 910 3598 summam,
936 3545 1100 3591 membranam
1113 3552 1138 3592 et
1152 3552 1316 3593 atramentum
1332 3556 1387 3591 corn·
1417 3603 1418 3612 ἵ

223 3624 384 3685 perdilecirtl.
436 3624 529 3686 (Aliter
555 3622 653 3683 accepit
676 3622 818 3681 Zumptius:
847 3624 937 3679 „Nihil
959 3627 1021 3673 enim
1046 3644 1072 3675 rs
1094 3637 1254 3677 veruactum
1271 3635 1322 3686 ests
1346 3636 1386 3672 110n

224 3719 284 3751 vera
302 3703 348 3750 fuit
365 3704 504 3767 emptio.“)
521 3729 556 3743 ·-
576 3705 683 3758 Quaesivi
699 3718 731 3748 (Μ
748 3702 863 3768 misisset]
882 3710 939 3755 Hoc
956 3712 1094 3760 Tullianum
1111 3728 1161 3761 non
1180 3729 1231 3761 esse
1249 3717 1387 3761 asmondu-

224 3794 275 3834 tnm
292 3787 337 3835 ivit
354 3786 478 3846 Zumptius
495 3788 603 3833 Gramm.
620 3788 666 3834 Ed.
686 3788 743 3835 vlt.
761 3788 773 3849 l
791 3788 850 3834 353.
868 3788 896 3835 ln
909 3792 954 3837 Ed.
968 3793 1099 3852 proponite
1117 3796 1185 3839 Anae
1196 3796 1304 3841 misum.
1336 3787 1387 3837 Mihi
1417 3809 1418 3812 ¹

220 3872 380 3938 βραχυλογία
403 3871 498 3919 ridetur
520 3886 581 3930 pror
607 3873 755 3929 „Quaesivi‚
782 3871 949 3917 retinuisseme
966 3872 1045 3930 domi,
1073 3887 1105 3920 an
1123 3874 1263 3922 misissetr“
1291 3874 1316 3920 id
1332 3868 1387 3933 quot!
1417 3875 1418 3912 ἶ

224 3950 412 4010 reprohensione
429 3958 531 3998 careret.
574 3953 625 3998 Cfr.
653 3953 728 3998 etiam
750 3955 824 3999 Hand
851 3954 920 4000 Turi.
942 3955 962 4002 l.
981 3971 1007 4015 p.
1025 3956 1084 4003 ³58.
1108 3982 1141 3995 -
1165 3958 1227 4015 quod
1243 3953 1388 4001 arcessierat

223 4035 323 4089 scilieet,
340 4032 414 4099 dieto]
433 4036 472 4082 Sic
488 4036 601 4083 distinxit
616 4037 726 4097 Madvig.
743 4037 792 4095 Ep.
810 4052 836 4097 p.
846 4038 887 4083 89.
905 4037 968 4092 quod
979 4049 1066 4081 necem
1077 4040 1141 4094 erat,
1153 4039 1243 4082 scilicet
1253 4035 1316 4081 dicio
1326 4034 1387 4079 Z.-
1417 4021 1418 4034 ³

222 4112 361 4178 admiratio]
390 4116 424 4164 rie
441 4117 520 4163 eodo.
538 4116 625 4179 (etiam
642 4118 704 4177 Reg.
723 4119 790 4165 Leid.
808 4116 895 4181 Sgall.)
913 4124 1012 4179 praeter
1040 4121 1142 4180 Lagom.
1168 4120 1211 4166 42.
1234 4120 1259 4165 ia
1281 4133 1331 4181 quo
1352 4112 1387 4159 ’δ’
1416 4133 1418 4193 j

222 4197 384 4323 nurmvrprtio.
436 4197 608 4248 Verumtamen
639 4196 713 4245 etiam
740 4200 764 4249 iu
793 4201 901 4266 Brutol
927 4203 1290 4261 monstruosissumam,
1321 4203 1387 4250 risu,
1417 4199 1418 4258 ζ

224 4290 273 4322 cum
327 4279 352 4325 ii.
1417 4301 1418 4306 ’
