2850 4759
201 273 263 339 108
513 350 518 358 ι
675 262 915 364 ¹CICERONIS

202 417 404 508 contendes,
434 446 513 496 eum
540 426 569 495 ei
592 424 785 506 ingressum
807 422 913 492 modo
938 424 972 491 in
1000 422 1177 506 praedium
1201 422 1374 501 deieceris,

200 526 362 598 restituas
387 528 572 610 oportebit:
593 527 781 593 sinautem
805 526 1007 605 ingredienti
1028 547 1108 592 curn
1137 538 1271 592 armata
1295 524 1375 591 mul·

128 630 133 639 '
202 630 344 698 titudine
363 630 482 697 obvius
505 628 630 707 fueris,
653 629 754 695 etita
782 628 974 694 venientem
998 624 1209 712 reppuleris,
1231 627 1374 707 fugaris,

199 730 382 806 averteris,
415 751 484 797 non
512 729 683 796 restitues.
705 732 731 805 †
752 740 788 794 tu
812 750 879 796 ree.
902 734 933 798 si
961 751 1081 812 equos.
1108 739 1235 797 restes.
1255 730 1285 796 si
1312 730 1372 796 ritu

98 830 101 833 ’
196 853 267 899 non
282 831 316 898 iu
332 829 437 898 caede
453 829 581 907 scium,
604 828 665 897 sed
686 831 789 897 etiarn
807 830 842 896 in
864 832 977 899 animo
993 829 1153 897 libidinis.
1184 831 1259 896 Nisi
1281 851 1373 896 cruor

190 918 378 1015 appareat,
399 933 470 998 vim
488 955 555 999 non
578 951 654 998 esse
672 931 817 998 factam:
838 936 864 1009 †
885 932 1003 1000 iniuris
1023 929 1186 999 delictum
1205 952 1302 1007 esse,
1324 932 1373 1014 qui

198 1033 390 1117 prohibitus
411 1034 458 1102 sit
482 1032 649 1100 libidinis:
681 1032 813 1100 nisiex
837 1053 878 1099 eo
903 1032 999 1110 loco,
1028 1033 1084 1098 ubi
1109 1034 1294 1112 vestigium
1316 1035 1373 1098 im·

137 1152 177 1218 77
198 1135 378 1217 presserit,
408 1133 505 1207 deiici
527 1133 694 1199 nerninem
715 1139 871 1214 posse.†
911 1133 1000 1204 luris
1017 1134 1142 1200 retinet
1158 1135 1370 1211 senteutiam,

198 1248 233 1302 et
254 1239 459 1317 aequitatem
485 1231 667 1316 plurimum
691 1232 806 1301 valere
830 1240 1008 1317 oportere,
1038 1234 1186 1302 libidinis
1208 1237 1315 1301 verbo
1337 1256 1373 1302 ac

186 1335 312 1403 'littera
340 1335 394 1402 ius
423 1355 526 1402 onrne
553 1335 725 1417 torqueri,
755 1356 817 1403 vos
839 1337 997 1415 statuite,
1030 1347 1314 1422 recuperatores,
1343 1348 1372 1403 et

197 1435 335 1505 viliores
361 1457 437 1504 ease
458 1436 649 1503 videantur.

274 1537 352 1604 Hoc
373 1536 452 1605 ioco
474 1534 721 1619 percommode
741 1537 882 1617 accidit,
911 1536 1004 1622 quod
1025 1561 1096 1606 non
1120 1536 1219 1606 adest
1239 1541 1289 1618 is,
1323 1539 1371 1622 qui

195 1637 311 1724 paullo
342 1650 421 1706 ante
444 1639 555 1706 adsuit
575 1650 610 1707 et
637 1638 757 1707 adesse
779 1638 875 1706 nobis
897 1640 1095 1722 trequenter
1125 1641 1159 1707 in
1189 1639 1256 1707 hac
1275 1662 1371 1708 causa

195 1738 304 1827 solet,
335 1740 386 1807 vir
411 1741 669 1818 ornatissimus,
698 1740 737 1808 C.
760 1739 949 1824 Aquillius3
975 1745 1068 1817 (nam
1088 1743 1162 1824 ipso
1184 1755 1370 1825 praesente,

179 1840 239 1909 ‘de
257 1843 384 1909 virtute
402 1843 475 1910 eius
502 1854 536 1909 et
559 1842 739 1923 prudentia
764 1842 914 1909 timidius
937 1842 1105 1922 dicerem,
1128 1843 1220 1928 qnod
1248 1857 1284 1912 et
1307 1846 1370 1927 ipse

194 1941 327 2024 pudore
352 1943 508 2026 quodam·
527 1946 718 2010 afficeretur
738 1963 783 2009 ex
805 1964 867 2011 sua
885 1942 986 2010 laude
1010 1957 1044 2012 et
1065 1966 1120 2011 me
1145 1945 1267 2015 similis
1291 1947 1368 2013 ratio

194 2043 335 2127 pudoris
357 2047 581 2129 apraeserttis
599 2045 697 2112 laude
716 2045 900 2122 tardaretz)
921 2047 1018 2113 cuius
1034 2043 1231 2114 auctoritati
1248 2049 1369 2114 dictum

176 2147 309 2237 catab
329 2144 389 2238 itta,
412 2169 515 2215 causa
537 2145 680 2216 concedi
700 2146 843 2213 nimium
868 2170 937 2214 non
965 2160 1138 2230 oportere.
1182 2149 1312 2217 Vereor
1331 2148 1369 2214 dc

195 2246 254 2315 tali
283 2248 356 2316 viro
386 2268 428 2315 ne
453 2247 530 2331 pius
556 2247 687 2328 dicam,
719 2269 820 2327 quarn
846 2269 910 2315 vos
936 2260 996 2315 aut
1017 2250 1172 2317 seratiatis
1201 2263 1264 2318 aut
1289 2249 1369 2332 apud

133 2364 173 2428 78
193 2369 257 2416 vos
292 2350 558 2418 commemorari
590 2349 730 2417 uelitis?
774 2351 995 2439 Quapropter
1017 2348 1085 2417 hoe
1110 2350 1242 2428 dicam,
1273 2375 1368 2418 nurn-

193 2471 294 2534 quam
325 2454 397 2518 eius
427 2453 668 2518 auctoritatem
695 2451 836 2516 nimium
863 2450 996 2528 vaiere,
1034 2452 1131 2519 euius
1159 2453 1367 2534 prudentiam

172 2634 173 2639 ἵ
191 2548 341 2633 populus
360 2552 534 2618 Romanus
553 2552 587 2616 in
604 2550 774 2628 cavendo,
790 2574 858 2617 non
874 2552 907 2618 in
925 2551 1124 2636 decipiendo
1141 2556 1367 2636 perspexerim

193 2651 250 2732 qui
269 2651 353 2717 iuris
378 2650 487 2718 civilis
511 2653 679 2719 rationem
701 2675 888 2734 numquam
910 2654 951 2720 ab
977 2655 1146 2739 aequitate
1166 2657 1367 2732 seiunxerit3

193 2752 249 2834 qui
275 2763 327 2818 tot
351 2772 459 2820 atinus
481 2754 673 2833 ingenium,
703 2754 1010 2834 tatorennttdem
1031 2777 1129 2823 suam
1154 2756 1285 2840 populo
1308 2760 1367 2825 Ro·

192 2873 293 2920 mano
317 2866 514 2937 promptam
541 2857 801 2939 expositamque
816 2858 1027 2939 praebuerim
1049 2860 1106 2939 qni
1127 2860 1172 2926 ita
1191 2861 1303 2927 iuratus
1322 2869 1366 2925 est

191 2966 227 3025 et
244 2955 354 3025 bonus
369 2955 439 3035 vir,
463 2968 501 3023 ut
519 2968 659 3044 natura,
681 2962 750 3025 non
771 2956 947 3041 disciptina
965 2958 1143 3026 consultus
1161 2981 1239 3028 esse
1260 2961 1366 3027 videa·

162 3068 267 3139 .tur;
298 3059 345 3125 ita
370 3059 500 3141 peritus
522 3081 562 3128 ac
577 3060 757 3159 prudens,
789 3073 828 3127 ut
852 3081 897 3126 cx
922 3061 996 3126 iure
1024 3058 1113 3126 civili
1138 3084 1208 3143 nuon
1232 3063 1366 3127 scientia

190 3156 309 3247 solum?
332 3161 516 3244 quaedam,
550 3183 669 3228 verum
696 3162 798 3229 etiatn
825 3162 958 3229 bonitas
982 3173 1060 3228 nata
1093 3183 1170 3230 esse
1200 3163 1365 3238 videaturr
1416 3166 1417 3185 ,

189 3261 287 3328 cuius
310 3273 441 3329 tantum
464 3274 517 3331 est
540 3263 733 3348 ingenium,
765 3265 810 3329 ita
831 3262 1114 3345 promptafides,
1149 3277 1189 3331 ut
1210 3261 1364 3348 quidquid
1416 3258 1417 3323 t

127 3368 168 3434 79
188 3360 267 3448 iude
291 3360 446 3446 haurias,
469 3385 594 3446 purum
607 3377 646 3431 te
665 3356 897 3447 liquidumque
918 3363 1054 3432 haurire
1075 3367 1214 3436 sentias.
1257 3369 1364 3458 Quare

190 3483 387 3499 ...--...
754 3484 756 3488 -
1334 3492 1336 3497 ,
1416 3464 1417 3489 t

255 3559 330 3623 577.
351 3557 448 3620 Vereor]
467 3559 520 3605 Eri.
541 3558 600 3604 Era.
627 3558 683 3603 Noa
704 3573 786 3604 vereor
802 3559 835 3605 0.
869 3559 931 3606 Mihi
953 3560 1048 3608 ridetur
1065 3559 1238 3621 interrogatio.
1273 3562 1363 3609 Amicus
1416 3616 1417 3625 ἵ

186 3643 286 3706 quidem
302 3643 355 3691 aine
372 3641 567 3702 interrogatione
584 3642 620 3688 ita
638 3642 763 3703 explicam
797 3641 964 3700 ‚,Veretttr,“
980 3649 1007 3689 nt
1022 3650 1102 3690 astute
1119 3645 1191 3701 dicit,
1209 3660 1241 3692 ne
1260 3646 1362 3692 nimiaat
1416 3714 1417 3721 ἵ

187 3740 287 3786 promus
312 3724 463 3773 incredibilia
489 3725 570 3782 dicat,
596 3725 740 3784 praesertim
762 3727 829 3787 apud
853 3733 1040 3785 recuperatores
1065 3729 1130 3775 lctia
1151 3729 1228 3776 mnne
1252 3730 1360 3784 faventes.
1416 3774 1417 3811 i

147 3812 151 3881 s
186 3809 281 3856 Deinde
304 3809 385 3870 fingit,
407 3822 433 3855 ae
453 3810 562 3871 modmte
584 3810 615 3854 de
638 3823 669 3856 eo
688 3809 770 3870 loqui,
795 3825 864 3868 „quc
886 3814 1047 3869 properare
1068 3816 1238 3861 tantummodo
1256 3815 1361 3867 dicam,·‘
1416 3834 1417 3887 t

186 3894 228 3940 rod
246 3893 271 3940 in
293 3907 325 3940 eo
344 3892 401 3953 ipro
424 3892 510 3938 laudea
533 3891 584 3939 eina
604 3892 792 3940 cumulatissime
809 3900 957 3954 exaggerat.

253 3971 277 4062 ς
289 4001 331 4048 re.
349 4003 384 4045 ur
398 4003 421 4045 er
438 4000 510 4046 tonus
523 3998 571 4062 ver]
590 4001 642 4048 tnr.
658 4006 682 4047 tr
701 4003 773 4050 mnu
796 4003 834 4047 vn
849 4006 884 4046 aa
901 4000 933 4051 0.
947 4026 983 4039 -
1002 4006 1023 4048 rt
1041 4002 1208 4064 requiemque]
1225 4005 1278 4050 nra
1299 4003 1359 4062 liqtrt'·
1416 3996 1417 4065 j

184 4085 283 4146 dumque
299 4089 320 4130 te
344 4084 375 4131 Ο.

252 4191 264 4252 i
285 4193 418 4258 793orrter
446 4190 499 4252 iate]
522 4191 574 4239 Eri.
598 4193 642 4236 a'rte
660 4197 734 4239 vester
753 4192 784 4239 0.
819 4194 887 4239 Loco
912 4193 961 4238 hoc
987 4193 1126 4241 accuratius
1145 4195 1290 4242 examinato
1308 4205 1357 4252 per·
1416 4172 1417 4189 ³

185 4276 258 4336 aperti
278 4274 363 4323 vitium
384 4275 449 4323 cod«
469 4275 521 4322 nrt.
543 4282 567 4324 et
591 4276 716 4335 Volgctae
736 4275 806 4322 unice
830 4275 934 4322 residere
958 4275 983 4321 iu
1003 4292 1027 4323 r.
1047 4278 1152 4336 attputrt,
1176 4291 1225 4337 pro
1249 4291 1296 4340 quo
1314 4276 1356 4333 leg·
