2850 4759
222 264 286 335 stt,
389 330 395 347 .
696 259 928 333 CICERONIS

226 424 350 508 talique
368 422 472 501 bello,
487 445 593 508 quem
610 436 707 490 antea
723 424 818 490 iustis
834 422 1079 507 hostilibusque
1094 421 1188 490 bellis
1202 422 1374 497 adiuverit,

224 536 372 613 quocum
396 542 469 597 erat
491 552 559 597 non
583 528 728 613 hospitio
750 526 879 608 solum,
903 550 1018 594 verum
1043 529 1143 593 etiam
1165 525 1375 593 faeniliaritatc

222 635 443 713 uorunuetusq
464 646 498 700 et
519 633 608 700 venit
632 632 685 699 vel
707 645 865 713 rogatus,
888 645 925 697 ut
950 635 1096 706 amiens,
1119 630 1173 697 vel
1194 633 1373 700 arcessitus.

224 751 262 803 ut
282 738 416 815 socius,
438 735 490 804 vel
513 748 692 815 evocatus,
714 749 752 802 ut
772 738 817 829 is,
842 737 897 819 qui
916 737 1046 802 senatui
1065 757 1184 818 parere
1203 735 1374 810 didicissem

222 854 398 925 postremo
426 841 519 911 vertit
547 853 584 906 nt
609 839 650 907 ad
678 840 884 921 fugientem,
918 858 984 906 ιιυιι
1013 852 1050 905 ut
1078 841 1119 904 aul
1145 840 1373 921 insequentem,

221 945 255 1011 id
279 944 388 1012 estad
404 943 564 1027 peri-culi,
588 968 655 1012 ιιοιι
671 944 710 1010 ad
729 944 888 1011 victoriae
901 944 1112 1011 societatem.
1155 942 1274 1026 ltaque
1290 942 1373 1009 Phar-

222 1048 327 1119 salico
346 1047 474 1132 proelio
495 1049 587 1119 facto
607 1068 627 1114 a
648 1049 808 1132 Pompeio
828 1046 1000 1127 discessit3
1020 1067 1115 1129 spem
1136 1046 1299 1112 infinitam
1315 1067 1375 1128 per·

221 1153 317 1236 sequi
347 1151 474 1232 noluits
507 1151 560 1219 vel
594 1152 720 1232 officio,
752 1154 780 1220 si
808 1150 887 1236 quid
915 1149 1094 1229 debuerat,
1124 1150 1176 1216 vel
1204 1151 1328 1225 errori,
1352 1149 1373 1215 si

221 1256 302 1340 quid
326 1259 511 1337 nescierat,
532 1257 742 1325 satisfactum
771 1278 846 1324 esse
874 1254 989 1333 ‹lrrxitq
1019 1253 1160 1320 domurn
1185 1275 1225 1321 se
1251 1252 1374 1321 eontulit

221 1375 321 1443 teque
348 1359 616 1427 Alexandrinum
643 1356 765 1425 bellum
791 1371 928 1439 gerente
953 1356 1150 1424 utilitatibus
1177 1360 1246 1424 tuis
1269 1357 1372 1438 paruit.

165 1462 283 1531 tuttte
314 1465 502 1531 exercitum
532 1465 592 1534 Cn.
624 1462 760 1529 Dorrtitii
792 1460 989 1545 amplissimi
1024 1463 1086 1526 viri
1119 1462 1190 1528 suis
1225 1463 1322 1545 tertis
1347 1472 1373 1523 et

222 1568 329 1650 copiis
351 1568 570 1647 sustentavit3
599 1565 653 1635 ille
674 1565 845 1648 Ephesum
871 1565 912 1631 ad
938 1587 1033 1644 eum,
1064 1586 1163 1648 quem
1194 1577 1231 1631 tu
1259 1587 1301 1630 ex
1322 1564 1371 1630 tuis

222 1670 455 1740 fidelissimum
481 1683 515 1737 et
538 1672 813 1757 probatissimum
838 1670 992 1736 omnibus
1018 1669 1187 1748 delegisti,
1205 1668 1370 1749 perseniam

130 1858 139 1877 s
223 1775 334 1853 misit,
361 1773 425 1842 ille
454 1775 597 1850 iterum,
627 1773 682 1842 ille
713 1777 813 1842 tertio
842 1774 1053 1840 auctionibus
1081 1773 1178 1839 lactis
1208 1772 1369 1854 pecuniam

223 1877 333 1955 dedit,
366 1900 429 1962 qna
458 1878 499 1946 ad
528 1876 659 1946 bellum
679 1891 833 1957 uterere,
865 1875 918 1943 ille
949 1898 1073 1959 corpus
1106 1896 1205 1942 suum
1239 1873 1370 1958 pericula

85 1970 88 1977 ¹
117 1988 124 2003 ’
224 1984 361 2066 obiecit,
385 1996 562 2067 tecumque
584 1984 616 2049 in
641 1983 713 2048 acie
736 1996 854 2049 eontra
877 1980 1082 2048 Pharnacem
1108 1980 1192 2056 luit,
1227 1991 1371 2060 tuumque

222 2085 355 2154 hostem
380 2108 454 2157 esse
482 2087 580 2154 tlrrxit
606 2109 718 2154 suatur.
776 2085 872 2176 Quae
897 2085 1031 2167 quidem
1059 2105 1076 2149 a
1102 2096 1133 2147 te
1157 2083 1191 2150 iu
1216 2069 1292 2148 e‘ant
1313 2102 1370 2163 par-

224 2202 291 2257 tem
317 2202 455 2272 accepta
475 2201 573 2271 sunt,
610 2191 750 2277 Caesar,
786 2203 824 2256 ut
854 2211 930 2256 enm
961 2187 1168 2270 amplissimo
1200 2184 1330 2253 horrore
1348 2194 1372 2248 et

222 2314 414 2332 μ

290 2386 302 2455 5
322 2392 360 2439 tt.
378 2390 493 2454 omnibus]
517 2405 565 2438 orn.
583 2391 646 2439 eoa.
669 2389 797 2450 Stephani.
822 2389 890 2435 02¹.
909 2385 943 2450 []
962 2386 1070 2446 Madvig.
1104 2385 1160 2431 Non
1179 2390 1216 2430 eet
1235 2391 1314 2430 autem
1328 2395 1372 2426 ean·

130 2520 131 2525 ,
222 2477 366 2537 iungendum
390 2491 444 2539 eum
467 2492 507 2524 vv.
530 2490 559 2521 ea
581 2478 638 2530 tais,
667 2477 708 2523 sed
732 2475 826 2523 dativus
851 2473 973 2535 pertinens
994 2473 1025 2517 ad
1052 2487 1074 2518 r.
1090 2470 1294 2528 probatissimam,
1321 2474 1342 2511 ut
1355 2465 1372 2508 ia

222 2561 371 2608 Plancianae
388 2574 409 2608 c.
431 2561 472 2615 ll,
491 2561 532 2608 27.
555 2563 592 2606 cai
608 2575 657 2606 eam
669 2556 747 2619 fuerit
761 2561 937 2617 probatissimas
954 2559 1063 2614 hodieque
1079 2558 1121 2610 sit,
1150 2555 1289 2599 onruibus
1304 2563 1372 2596 essese

220 2644 343 2702 prolatam
360 2643 426 2688 debet
440 2656 542 2700 sperare.
555 2667 585 2679 -
598 2639 701 2705 uterere]
715 2656 736 2687 e.
755 2645 850 2686 utereris
859 2641 879 2687 l.
893 2640 920 2685 E.
932 2665 966 2677 -
978 2645 1049 2684 tecam
1061 2639 1087 2691 b.
1101 2646 1126 2685 ut
1139 2639 1202 2684 Cod.
1216 2636 1338 2698 Stephani.
1350 2658 1370 2667 -

226 2724 320 2788 Caesar]
338 2728 368 2774 el.
383 2728 408 2775 0.
424 2728 507 2773 Caesar
524 2727 547 2773 b.
563 2726 593 2774 Ε.
606 2751 636 2763 -
650 2730 722 2785 ampl.
739 2728 826 2771 honore
843 2729 865 2770 et
882 2727 944 2783 regis
962 2723 1061 2785 nomiae]
1075 2724 1164 2770 Gelon.
1178 2724 1266 2775 Dread.
1283 2718 1372 2776 llladrig.

223 2814 294 2870 asnpl.
312 2815 374 2871 regis
389 2814 443 2859 hon.
466 2817 489 2857 et
510 2827 571 2859 nom.
594 2811 641 2858 ella.
660 2811 688 2858 E.
723 2810 765 2857 Ex
789 2809 928 2856 Frutseberi
953 2809 1016 2855 Coe.
1042 2808 1150 2855 Leidensi
1174 2808 1290 2855 all‘ertur:
1315 2804 1371 2860 ampl.

223 2898 393 2956 regismomiue
410 2899 548 2952 ethonore,
566 2897 632 2959 quud
649 2912 663 2944 e
680 2895 846 2950 Perizoniano
863 2909 912 2943 nun
931 2893 1027 2940 notarit
1046 2893 1144 2939 Balaius.

223 3084 353 3144 profugum
371 3089 479 3138 secutus,
502 3080 632 3127 incilicia
650 3080 688 3128 vel
707 3079 730 3126 ia
750 3079 822 3125 litore
840 3078 922 3125 Icario
940 3077 1068 3138 expositus
1085 3082 1131 3130 est,
1150 3082 1176 3122 ut
1193 3074 1298 3121 Orientis
1314 3083 1370 3130 regat

222 3168 246 3215 in
269 3167 388 3215 auxilium
411 3166 475 3213 illias
497 3166 638 3214 concitaret.
673 3163 934 3213 NarratPlutarcbus
958 3162 982 3209 in
1005 3161 1094 3222 Pomp.
1118 3158 1159 3210 73.
1194 3157 1332 3220 Pompeium
1345 3167 1370 3199 er

223 3252 366 3300 Pharsalico
389 3250 486 3310 proelio
510 3265 553 3310 per
576 3251 669 3311 Tempe
685 3264 760 3312 usque
777 3251 809 3295 ad
827 3264 894 3294 mare
912 3261 1080 3308 progressum,
1106 3247 1186 3292 altero
1204 3245 1245 3291 die
1261 3238 1369 3289 aPeticiu

222 3340 329 3400 quodam
346 3334 501 3382 Romanuin
519 3349 604 3383 naveta
621 3335 759 3383 onerariam
778 3349 896 3386 unacum
914 3334 1009 3380 duobus
1027 3329 1132 3377 Lentulis
1150 3336 1174 3376 et
1192 3329 1304 3377 Favonio
1319 3338 1368 3371 rere

223 3429 290 3483 ptum
308 3416 448 3482 essentque
467 3420 551 3480 paullo
568 3427 626 3481 post
642 3421 716 3468 etiarn
734 3409 892 3468 Deictrirum:
923 3411 1014 3484 μικρὸν
1037 3410 1141 3482 ὕστερον
1163 3409 1259 3470 ἰδόντες
1275 3405 1322 3461 dud
1337 3403 1369 3472 γῇς

159 3538 161 3541 ·
222 3497 393 3573 sipsliaipsaar
413 3498 558 3573 Δηϊόταρον
577 3497 622 3554 τὸν
641 3504 747 3571 βασιλέα
764 3494 1073 3572 προσαιίιλιιμβάιουσιν.,
1099 3499 1256 3546 avernum.

290 3615 302 3678 b
322 3614 360 3663 tt.
381 3616 420 3662 Gn.
438 3610 557 3678 Domitii]
576 3613 684 3669 Calrini,
702 3613 746 3674 qui
763 3614 847 3660 consul
864 3613 943 3658 fuerat
960 3624 1014 3657 eum
1031 3609 1066 3656 M.
1083 3608 1190 3655 Messala
1209 3622 1232 3652 a.
1249 3621 1272 3653 u.
1289 3619 1309 3650 c.
1325 3599 1367 3646 illl.

223 3701 247 3747 ls
265 3714 319 3747 eum
337 3701 456 3758 Caesare,
469 3690 512 3747 Cn.
531 3697 651 3745 Domitius
669 3704 751 3753 autem
768 3696 945 3745 Ahenobarbus
961 3709 1016 3741 eum
1033 3692 1154 3753 Pompeio
1171 3691 1225 3739 tuit.
1242 3680 1367 3736 Menan·

223 3782 370 3843 sustentauit]
392 3784 479 3842 Script.
501 3780 563 3828 Bell.
586 3781 661 3828 Alex.
684 3779 726 3826 et.
761 3780 877 3838 Adiungit
900 3779 940 3826 Ga.
958 3780 1077 3825 Domitius
1093 3780 1181 3837 legioni
1198 3774 1311 3823 XXXVI.
1325 3773 1367 3817 dut

222 3868 251 3912 ab
268 3868 395 3921 Deiotaro,
424 3882 480 3927 quas
497 3868 537 3912 ille
553 3867 677 3923 disciplina
698 3867 766 3922 atque
782 3868 901 3909 amatura
924 3869 1005 3910 nasim
1023 3866 1152 3922 complures
1167 3876 1240 3907 annos
1257 3860 1367 3906 mutuno

222 3952 328 4007 habebat,
349 3955 474 4012 equitesque
492 3955 587 3996 centum.
605 3950 685 4010 (Hinc
703 3948 769 4009 legio
786 3950 940 3994 Deiotariana
957 3954 1104 3996 memoratur
1121 3947 1145 3993 iu
1164 3947 1241 3992 laser.
1257 3943 1311 3992 meu
1325 3941 1365 3985 lai·

222 4036 254 4083 N.
271 4036 329 4083 519.
347 4034 435 4097 3396.)
452 4019 491 4082 11.
515 4042 594 4081 tamen
617 4035 639 4082 l:
656 4034 738 4095 potius
755 4033 862 4095 loquitar
883 4036 913 4081 de
936 4033 1055 4080 alimentis
1079 4047 1109 4079 ac
1133 4032 1273 4091 receptione
1295 4028 1315 4074 in
1331 4037 1365 4081 cp·

222 4121 280 4180 pide
299 4120 369 4182 regis.
380 4146 414 4159 -·
426 4134 491 4181 quem
508 4120 543 4179 tu]
562 4118 611 4164 Atii
628 4120 657 4172 Q.
668 4116 761 4166 Fufium
778 4119 908 4172 Calenum,
925 4117 1035 4165 Achaiae
1052 4124 1192 4178 praetorem
1210 4116 1244 4176 (a.
1262 4129 1282 4160 u.
1298 4125 1317 4157 e.
1329 4106 1365 4153 ill

223 4212 248 4252 et
265 4205 324 4252 ttt.
341 4205 484 4251 acerrimum
502 4202 626 4250 Ciceronis
644 4203 776 4263 inimicum)
794 4204 833 4250 hic
856 4203 1058 4264 interpretantur,
1083 4201 1126 4248 alii
1149 4201 1175 4247 S.
1193 4200 1277 4246 lulium
1293 4196 1364 4241 caea·

210 4280 286 4344 'serm
310 4303 380 4350 quern
403 4295 454 4335 tum
471 4293 624 4349 quaestorem
641 4289 734 4337 Caesar
751 4288 838 4347 Syriae
856 4295 880 4334 et
897 4288 1007 4336 omnibus
1025 4287 1054 4334 iis
1071 4270 1210 4348 regionibus
1227 4280 1363 4346 praefecerat

225 4380 284 4421 teste
293 4374 374 4422 Dione
382 4373 488 4445 4⁷3²&
497 4396 531 4410 -
545 4372 638 4434 iterum]
650 4373 715 4422 bello
730 4371 1037 4435 Alexandrino.-tertr'o]
1056 4371 1183 4423 Africam.
1192 4357 1362 4418 -Pdurawt'l
