2850 4759
201 251 267 352 ³⁶⁶.
678 246 916 319 sternens

201 423 277 483 tum
297 422 330 482 et
341 412 468 514 sorum
493 409 661 483 militibus
681 408 994 507 circumsaepserit‚
1029 406 1134 480 tund
1151 408 1247 481 solvo
1271 411 1362 482 diter-
1401 400 1402 405 ἵ

200 545 273 605 tote
292 532 538 631 reipublicae,
573 560 663 631 quoe
691 559 763 603 non
788 532 908 629 possit
927 531 997 601 ur‘si
1024 530 1129 602 coede
1150 530 1365 619 eiosjrestitui

200 665 243 745 (c.
268 656 468 747 lli-44).
520 653 568 725 Iu
587 655 820 751 peroratione*
834 652 951 724 annm
968 652 1165 725 Antonium
1191 652 1269 725 dicit
1294 683 1362 726 cum

134 774 138 779 ’
204 777 350 852 Caesare
374 804 448 848 unu
468 775 683 847 dominandi
706 772 911 872 eupiditate,
938 775 1052 845 ceterr's
1069 802 1149 847 uero
1172 778 1263 847 rebus
1281 778 1363 849 nullo

201 899 310 972 modo
336 926 407 971 esse
426 882 724 995 compotandoirt,
748 916 890 996 eumque
909 894 1088 982 hortatur,
1114 911 1152 968 ut
1178 900 1215 969 io
1230 902 1366 1007 potrum

202 1022 318 1095 redeat
342 1048 421 1093 cum
447 1011 660 1118 republica,
684 1023 775 1117 quoe
801 1020 940 1090 nonsit
965 1015 1060 1091 donc
1091 1020 1209 1092 laturo
1230 1026 1368 1125 tyranni

203 1143 297 1228 dem,·
320 1143 390 1215 sihi
414 1168 495 1214 uero
517 1138 610 1212 athi!
625 1141 745 1240 potius
769 1141 807 1210 io
827 1141 920 1210 votis
943 1166 1014 1210 esse
1027 1146 1254 1236 pronuntiat,
1277 1170 1368 1242 quom

204 1276 258 1349 ut,
297 1267 331 1336 si
359 1262 426 1335 hoc
455 1254 610 1363 tempore
632 1261 861 1333 moriendum
880 1263 942 1348 sit,
975 1263 1150 1383 populum
1179 1262 1370 1337 Romanum

204 1386 424 1486 relinquott
398 1384 424 1458 Ι
420 1384 608 1457 'berum
575 1393 617 1474 (c.
637 1380 696 1476 45.
719 1384 805 1482 46..)

165 1726 185 1789 l
284 1731 313 1795 l.
355 1728 517 1822 Quonam
542 1749 619 1796 meo
643 1730 734 1805 litto,
774 1726 894 1797 Patres
922 1728 1126 1812 conscripti,
1165 1730 1239 1797 fieri
1266 1729 1370 1803 dicem,

206 1844 247 1901 ut
265 1853 366 1903 nemo
390 1832 442 1903 his
463 1833 560 1903 annis
581 1831 699 1912 viginti
724 1832 772 1897 rei
793 1829 949 1913 publicae
970 1832 1074 1905 luerit
1094 1832 1223 1909 tastis,
1246 1834 1299 1916 (tui
1316 1853 1371 1899 nou

207 1934 335 2007 bellum
362 1935 484 2027 eodem
513 1946 668 2021 tempore
696 1933 779 2001 mihi
808 1955 944 2016 quoque
973 1933 1161 2003 indixerit?
1203 1936 1276 2002 Nec
1305 1955 1369 2000 vero

207 2060 349 2108 trecesse
371 2051 424 2107 est
445 2060 650 2122 quemquam
672 2054 767 2102 atne
788 2037 956 2105 nominari
964 2060 974 2118 3
997 2038 1175 2105 vobiscum
1195 2040 1259 2120 ipsi
1278 2058 1373 2103 recor·

209 2141 349 2209 damini.
390 2142 478 2209 Mihi
499 2163 686 2224 poenarum
706 2137 753 2205 illi
768 2136 864 2222 plus,
888 2161 989 2222 quam
1010 2153 1185 2222 optarem,
1210 2139 1373 2209 dederunt;
1401 2164 1402 2191 1

211 2256 244 2311 tc
265 2245 389 2322 miror,
411 2243 556 2322 Antoni,
580 2262 727 2326 quorum
751 2241 842 2307 facta
866 2242 1019 2319 imitere,
1042 2263 1162 2309 eornm
1189 2243 1301 2313 exitus
1321 2261 1372 2306 nor
1401 2250 1402 2263 ¹

207 2346 485 2432 perhorrescere.
526 2350 641 2429 Atque
669 2345 736 2412 hoc
767 2343 906 2432 infaliis
937 2345 1049 2411 minus
1080 2345 1241 2411 mirabar.
1282 2344 1374 2410 Nemo

209 2449 349 2519 illorum
375 2450 532 2518 inimicus
556 2449 638 2517 inihi
662 2447 729 2514 fnit
749 2445 980 2524 voluntarius:
1001 2467 1120 2515 omues
1143 2468 1163 2513 a
1186 2468 1242 2513 nte
1263 2447 1308 2512 rei
1326 2467 1376 2527 pn·

211 2553 320 2623 blicae
344 2572 449 2622 causa
475 2552 637 2621 lacessiti.
693 2552 748 2618 Tu
778 2570 822 2616 ne
852 2549 956 2616 verbo
990 2548 1127 2632 quidem
1158 2548 1323 2626 violatus,
1347 2556 1377 2610 ut

213 2655 376 2724 audacior
406 2676 504 2737 quarn
538 2654 701 2731 Catilina,
737 2652 902 2721 furiosior
932 2674 1034 2734 quani
1063 2649 1203 2718 Clodius
1230 2652 1377 2721 viderere,

213 2755 306 2825 ultro
333 2776 389 2823 me
417 2754 605 2824 rnaledictis
633 2756 801 2823 lacessisti
835 2767 995 2837 tuamque
1024 2775 1042 2820 a
1073 2776 1127 2820 rue
1158 2753 1377 2821 alienationem

172 2877 192 2939 2
215 2859 548 2928 commendationem
574 2860 631 2927 tibi
654 2856 697 2925 ad
724 2858 848 2940 impios
873 2858 965 2924 cives
989 2856 1063 2922 sore
1085 2858 1261 2938 putavisti.
1304 2850 1376 2946 Quid

212 2954 360 3045 putent?
381 2963 677 3044 'cotrtenrptnmne
701 2961 784 3027 niel
818 2960 897 3026 Non
923 2957 1021 3025 video
1044 2959 1162 3024 necin
1184 2959 1255 3024 vita
1279 2979 1336 3024 nee
1353 2956 1377 3019 iu

214 3065 324 3144 gratia
350 3085 414 3131 nec
440 3064 472 3129 in
499 3065 599 3130 rebus
625 3064 731 3143 gestis
755 3082 819 3128 nec
846 3062 880 3126 in
905 3059 969 3127 hac
994 3080 1070 3127 rnen
1092 3059 1326 3127 mediocritate
1342 3059 1378 3122 in

214 3167 303 3246 genii
332 3166 411 3248 quid
444 3165 619 3247 despicere
649 3167 761 3247 possit
784 3163 964 3230 Antonius.
1020 3165 1073 3230 Au
1099 3164 1132 3230 in
1157 3176 1280 3230 senatu
1302 3156 1377 3228 iacil-

214 3266 295 3334 linte
313 3267 355 3332 dc
377 3288 431 3333 mc
453 3266 583 3332 detrahi
600 3287 702 3349 posse
724 3264 895 3332 credidit?
917 3266 973 3347 qni
994 3263 1079 3331 ordo
1098 3264 1298 3330 clarissimis
1315 3260 1376 3329 ciri·

215 3370 278 3436 bns
305 3369 388 3435 bene
412 3380 528 3450 gestae
554 3369 601 3434 rei
627 3366 781 3450 publicae
804 3367 1036 3435 testimonium
1062 3365 1195 3455 multis,
1240 3366 1317 3432 mihi
1336 3360 1376 3427 nni

194 3484 440 3539 conservatae
465 3469 568 3538 dedit.
610 3475 664 3537 An
687 3470 863 3537 decertare
888 3490 1022 3536 mecum
1049 3467 1158 3534 voluit
1179 3470 1375 3559 contentione

217 3630 411 3645 ——

284 3732 296 3795 ᾗ
317 3734 338 3778 l.
356 3734 424 3781 annis
442 3731 543 3792 uiginti]
560 3730 644 3789 „Cum
662 3730 752 3777 Cicero
770 3729 856 3790 viginti
874 3714 951 3777 annui
969 3746 986 3776 a
1004 3744 1030 3776 oe
1048 3729 1148 3776 consulo
1165 3731 1197 3774 ad
1216 3729 1252 3775 Μ.
1269 3724 1376 3774 Antonin·

142 3878 146 3883 Ι
215 3817 340 3863 consulem
357 3822 490 3874 memorat,
509 3815 641 3862 rectissime
657 3812 700 3860 ille
719 3815 840 3860 rationem
858 3828 927 3861 more
941 3815 1109 3861 Romanorum
1121 3812 1248 3865 subduxit.
1283 3804 1376 3868 unqu

216 3902 270 3946 dem
288 3914 322 3947 ex
340 3900 429 3947 nostris
446 3901 548 3960 putandi
567 3898 677 3958 legibus,
700 3898 758 3961 qni·
776 3899 929 3944 excludimus
947 3912 983 3944 ex
1000 3897 1096 3945 ratione
1114 3911 1218 3953 annum,
1241 3896 1284 3957 qui
1300 3895 1376 3941 cicen-

215 3998 270 4030 uem
287 3984 373 4030 habuit
391 3988 531 4038 consulem,
556 3982 707 4041 undeviginti
733 3983 903 4028 tantummodo
921 3995 1087 4036 numeramuo3
1114 3982 1216 4027 eundem
1234 3993 1294 4027 vero
1311 3984 1376 4023 ιιιιιι

215 4068 306 4114 adiecit
324 4066 505 4126 computationi
523 4065 626 4119 Ciceros
654 4071 730 4126 atque
746 4064 783 4110 ita
800 4064 888 4123 viginti
904 4064 962 4111 anni
980 4071 1125 4119 nascentum
1152 4077 1209 4108 num
1226 4077 1241 4108 ι
1258 4077 1285 4108 eo
1300 4056 1375 4107 couti

215 4151 358 4210 vigesimum
380 4149 505 4196 consulem
528 4147 668 4195 inveniebat
691 4149 727 4193 M.
750 4148 917 4194 Antonium.“
946 4148 1053 4195 Annuus
1077 4150 1109 4195 ad
1128 4146 1203 4193 Catil.
1220 4146 1246 4191 4.
1264 4160 1290 4205 p.
1306 4144 1376 4189 ην

216 4233 332 4291 opturem]
350 4212 489 4278 Heuuanni
507 4230 572 4277 cuni.
591 4235 699 4287 optaram
717 4231 811 4288 recepit
828 4228 939 4288 Madvig.
974 4229 1037 4275 triti
1060 4230 1139 4277 Codd.
1165 4226 1239 4273 lectio
1261 4226 1308 4271 hoe
1323 4218 1376 4281 ὀξύ

217 4315 290 4361 ficare
309 4316 417 4362 videtum
436 4326 525 4373 ‚stiuam
543 4312 680 4360 etiamnunc
698 4320 820 4372 optarem,
837 4313 858 4360 ri
876 4311 969 4358 luctum
986 4311 1102 4359 iniectum
1120 4311 1172 4359 lieri
1184 4312 1294 4371 possev‘
