2850 4759
241 267 413 337 ORATIO
439 268 690 338 PHILIPPICA
714 274 779 352 lL,
802 291 831 339 c.
855 275 894 336 23
918 285 952 339 et
973 276 1025 344 21.
1166 276 1226 341 389

25 446 133 497 tuum
152 426 231 507 ipse
251 425 460 507 profitetur?
501 425 539 493 In
555 428 675 496 eodem
691 449 775 495 vero
791 429 982 515 tribunatu,
1004 452 1083 498 cum
1096 433 1225 500 Caesar
1246 433 1285 495 Pl

28 552 57 595 n
81 528 296 609 Hispaniam
317 528 539 610 proficiscens
563 528 643 596 huie
666 530 935 598 conculcandam
961 531 1095 600 Italiam
1120 533 1231 627 tradi-¹.

25 629 158 705 lisset,
183 650 271 713 quae
294 629 360 696 suit
385 631 457 697 eius
481 633 675 714 peragratio
701 632 880 713 itinerum,
900 632 1058 702 lustratio
1081 638 1226 702 munici-

25 731 192 811 piorum!
223 731 302 799 Scio
328 753 382 798 me
406 733 440 798 in
463 733 566 800 rebus
592 733 869 802 celebratissimis
892 736 1044 803 omnium
1063 758 1224 804 sermone

25 834 188 914 uersari,
209 852 333 913 eaque,
356 853 442 915 quae
461 832 538 901 dico
558 832 781 917 dicturusque
799 857 895 914 sum,
915 838 1050 904 notiora
1065 839 1223 908 omnibus

25 955 127 1010 esse,
167 934 230 1017 qui
256 935 291 999 iu
316 932 413 1001 ltalia
437 946 508 1001 tum
532 934 690 1012 fuerunt,
722 958 823 1018 quam
850 937 951 1016 uribi,
983 940 1039 1022 qui
1063 962 1133 1007 non
1159 941 1223 1007 lui.

25 1037 171 1103 Notabo
204 1047 318 1102 tamen
341 1034 495 1116 singulas
517 1056 590 1105 rese
624 1038 690 1103 etsi
716 1036 937 1106 nullomodo
962 1041 1090 1122 poterit
1112 1042 1223 1108 oratio

25 1158 110 1207 mea
132 1137 338 1231 satisfacere
357 1147 493 1204 vestrae
516 1139 691 1205 selentiae.
732 1138 880 1206 Etenim
895 1140 987 1220 quod
1013 1161 1162 1223 unquam
1186 1143 1223 1215 in

24 1239 134 1306 terris
163 1250 298 1305 tautum
320 1237 487 1318 flagitium
511 1239 684 1308 exstitisse
707 1239 861 1308 auditum
883 1242 964 1310 est?
998 1248 1127 1311 tautam
1150 1255 1223 1309 tur·
1248 1315 1251 1325 ,

25 1340 255 1424 pitndin‘emt-
275 1351 407 1407 tantum
429 1338 614 1410 dedecus?-

111 1445 254 1506 XXIV.
304 1440 496 1508 vehebatur
524 1442 558 1537 in
588 1441 711 1509 essedo
749 1444 904 1511 tribunus
940 1443 1049 1526 plebi3
1081 1443 1221 1514 lictores
1241 1454 1282 1517 58

25 1542 180 1611 laureati
198 1543 464 1625 antecedebant3
484 1544 572 1610 inter
593 1568 697 1628 quos,
721 1557 839 1628 aperta
855 1545 993 1624 lectica,
1016 1542 1119 1613 mima
1139 1552 1221 1627 por·

28 1645 194 1725 tabatur3
216 1666 316 1728 quam
339 1666 383 1712 ex
405 1644 538 1728 oppidis
563 1647 786 1730 municipales
805 1644 961 1715 homines
983 1645 1137 1731 bonesti,
1159 1649 1221 1715 ob-

28 1747 124 1814 uiam
157 1748 352 1815 necessario
382 1746 608 1829 prodeuntes,
641 1771 711 1817 nou
738 1761 822 1818 noto
849 1749 908 1817 illo
941 1760 976 1815 ot
999 1750 1137 1815 mimico
1157 1770 1221 1815 no-

31 1849 143 1931 mine,
165 1848 230 1914 seri
244 1846 463 1916 Volumniam
484 1848 759 1918 consalutabant.
790 1852 1003 1935 Sequebatur
1021 1851 1124 1917 rheda
1140 1873 1220 1918 cum

30 1950 232 2036 lenonibus,
255 1952 398 2021 comites
419 1953 634 2035 nequissimi,
658 1954 790 2020 reiecta
807 1966 917 2019 mater
931 1953 1076 2019 amicam
1094 1953 1221 2033 impuri

33 2051 92 2118 lilii
116 2063 289 2134 tamquam
307 2059 432 2119 uur'um
456 2054 670 2138 sequebatur.
712 2056 741 2122 0
764 2055 910 2120 miserae
929 2052 1080 2120 mulieris
1100 2054 1220 2118 fecun-

35 2152 176 2220 ditatem
192 2153 445 2221 calamitosam!
486 2156 617 2221 Horum
632 2156 842 2235 flagitiorum
857 2156 922 2222 istc
937 2154 1090 2234 vestigIIs
1106 2153 1221 2219 omnia

36 2255 239 2337 municipia,
270 2256 525 2338 praefecturas,
557 2254 730 2337 colonias,
763 2269 871 2325 totam
908 2254 1051 2338 dearique
1085 2246 1218 2322 [callam

37 2356 219 2440 impressit.

113 2456 335 2541 Reliquorum
363 2460 536 2527 sactorum
566 2460 656 2540 eius,
686 2445 816 2528 Patres·
840 2459 1044 2541 conscripti,
1077 2456 1217 2525 difficilis
1239 2464 1279 2525 59

40 2572 90 2629 est
104 2580 185 2629 sane
203 2561 423 2642 reprehensio
442 2575 476 2628 et
492 2561 631 2629 lubrica.
666 2562 831 2629 Versatus
852 2562 886 2628 in
909 2560 998 2629 bello
1019 2555 1091 2627 est:
1124 2571 1219 2627 satu·

39 2664 125 2729 ravit
147 2682 184 2730 se
205 2664 369 2742 sauguine
391 2662 697 2731 dissimillimorum
719 2665 771 2732 sui
792 2664 930 2731 ciuium.
972 2652 1068 2729 feta
1083 2664 1167 2748 fuit,
1188 2663 1218 2728 si

40 2776 154 2846 potest
172 2763 238 2833 ulla
261 2765 442 2834 inscelere
463 2787 539 2833 esse
559 2764 717 2833 felicitas.
761 2764 845 2842 Sed,
868 2764 1028 2846 quoniam
1046 2764 1217 2830 veteranis

41 2879 177 2934 cautum
212 2888 288 2936 esse
319 2868 496 2954 volumus,
535 2889 743 2950 quamquam
777 2865 949 2934 dissimiIIs
982 2856 1219 2933 cst'militum

43 2966 144 3036 causa
162 2980 194 3034 et
215 2981 291 3048 tua,
313 2969 361 3035 illi
378 2973 487 3038 secuti
509 2976 610 3048 sunt,
635 2982 669 3035 tu
692 2969 855 3052 quaesisti
880 2967 1021 3046 ducem,
1043 2980 1219 3032 tamenne

44 3068 131 3153 apud
147 3067 220 3139 illos
242 3073 346 3138 mein
366 3071 528 3138 inuidiam
548 3091 668 3151 voces,
690 3069 775 3137 nihil
796 3071 837 3136 de
857 3090 982 3150 genere
1003 3066 1079 3136 belli
1097 3066 1219 3135 dicam.

44 3171 159 3240 VIctor
190 3193 208 3238 c
235 3171 413 3241 Thessalia
448 3171 667 3240 Brundisium
700 3194 779 3240 cum
811 3170 1001 3251 legionibus
1033 3167 1218 3234 revertisti.

44 3272 90 3341 lbi
113 3293 165 3341 me
185 3294 255 3342 nun
286 3275 453 3344 occidisti.
496 3275 664 3354 Magnum
691 3272 910 3341 beneficium!
945 3272 1104 3339 Potuisse
1128 3270 1220 3336 enim

46 3375 163 3443 fateor.
202 3375 422 3465 Quamquam
447 3395 549 3443 nemo
574 3386 647 3440 erat
673 3397 813 3454 eorum,
835 3375 892 3457 qui
913 3385 986 3441 tum
1008 3386 1122 3440 tecum
1142 3372 1219 3439 fuc-

47 3487 140 3556 runt,
171 3477 225 3559 qui
263 3477 353 3545 mitri.
382 3501 453 3546 non
486 3488 643 3545 censeret
667 3477 763 3558 parci
796 3490 968 3559 oportere.
1024 3475 1135 3542 Tanta
1167 3485 1220 3559 est
1239 3475 1280 3538 60

49 3578 133 3645 enim
158 3579 279 3647 caritas
309 3580 463 3668 patriae,
493 3591 535 3647 ut
563 3580 687 3646 vestris
718 3580 820 3646 etiam
852 3577 1053 3658 legionibus·
1077 3589 1218 3644 sanctus

49 3699 180 3759 essem,
201 3679 291 3763 quod
323 3702 399 3749 eam
429 3703 527 3750 ame
557 3694 728 3749 serratam
763 3701 838 3748 esse
867 3680 1112 3748 meminissent.
1152 3676 1219 3746 Sed

50 3784 100 3850 Iac
122 3781 154 3848 id
175 3792 205 3849 te
230 3782 365 3851 dedisse
386 3784 487 3863 mihi,
511 3782 603 3867 quod
626 3805 692 3849 non
717 3781 892 3858 adchsti,
915 3802 1038 3864 meque
1063 3778 1135 3846 a'te
1159 3778 1219 3844 ha·

50 3886 124 3953 bere
150 3885 266 3962 vitam,
289 3884 366 3967 quia
390 3907 459 3952 uon
484 3907 502 3952 a
527 3899 558 3952 tc
578 3886 625 3951 sit·
644 3895 777 3973 erepta:
798 3881 936 3949 licuitne
959 3881 1039 3948 milri
1058 3892 1120 3972 per
1142 3893 1217 3944 tuas

52 3985 259 4056 contumelias
282 3985 349 4054 hoc
370 3998 464 4055 tuum
484 3988 684 4056 beneficium
707 3988 757 4053 sic
776 3986 881 4065 tueri,
902 3996 941 4052 ut
962 3983 1099 4066 tuebar,
1121 3976 1220 4063 prae·

52 4090 158 4157 sertim
180 4110 256 4156 cum
280 4101 314 4156 te
333 4086 419 4159 haec
440 4089 636 4159 auditurum
658 4087 820 4157 videres?

51 4187 228 4202 ,ιι-.-

115 4222 126 4283 I
142 4223 177 4269 bd.
197 4218 354 4281 Voluntatem]
373 4220 415 4267 Sic
434 4235 478 4281 par
490 4221 570 4267 Iocum
583 4219 722 4268 vocabatur
733 4217 860 4278 Cytheris,
879 4215 936 4276 qnia
948 4227 997 4261 nou
1010 4212 1089 4258 solum
1101 4211 1218 4266 Antonii,

54 4307 89 4355 aad
108 4301 175 4352 otuu
190 4299 314 4352 uotunnit
332 4300 475 4363 Eutrapeli,
493 4301 614 4350 senatoris
631 4298 770 4357 luxuriosi,
786 4299 866 4345 amica
884 4303 945 4346 erat.
