2850 4759
211 249 271 315 uo
502 226 550 323 J
688 249 985 325 crcsnorus

219 470 224 477 .
290 407 388 503 illam
415 408 557 481 alteram
587 421 720 494 partem
750 412 792 481 de
813 432 899 481 nece
918 412 1093 484 Saturnini
1112 412 1214 485 nimis
1237 415 1389 498 exiguam

167 512 184 539 ’·
213 522 314 594 atque
335 524 514 593 angustam
537 534 612 582 esse
633 512 792 594 voluisti,
827 534 915 595 quae
941 538 1010 583 non
1039 518 1185 584 oratoris
1199 517 1392 597 ingenium,

107 608 118 625 ⁰
155 625 194 688 10
213 614 274 680 sed
295 613 445 682 consulis
466 613 632 683 arixilium
653 615 815 698 implorat
835 629 871 683 et
890 616 1033 699 flagitat.
1073 618 1162 686 Nam
1184 617 1390 702 deperduel·

212 713 479 802 iustoiudicio,
516 717 607 800 quod
641 738 661 784 a
690 740 745 785 me
773 717 944 787 subletum
978 740 1055 788 esse
1085 720 1260 787 criminari
1288 719 1389 800 soles,

214 840 330 885 meum
360 820 488 886 crimen
517 831 587 895 est.
623 842 691 891 uon
719 821 856 892 Rabirii.
911 820 1016 913 Quod
1043 822 1191 908 utinam,
1228 821 1388 913 Quirites,

215 939 279 999 ego
304 918 337 985 id
363 930 421 985 aut
444 920 573 1002 primus
594 933 653 989 aut
677 920 771 991 solus
793 943 838 990 ex
858 921 923 990 hac
943 945 981 990 re
1001 923 1138 1007 publice
1164 924 1388 993 sustulissem!

214 1021 345 1087 utinam
367 1019 452 1097 hoc,
479 1022 569 1104 quod
590 1020 646 1089 ille
668 1025 797 1091 crimen
821 1044 896 1092 esse
920 1023 1013 1104 volt,
1044 1026 1222 1108 proprium
1247 1029 1388 1097 testimo

214 1123 308 1203 nium
330 1142 426 1189 meae
444 1120 553 1192 laudis
575 1130 680 1195 esset!
705 1124 797 1217 Quid
823 1126 912 1193 enim
935 1127 1046 1208 optari
1067 1139 1199 1209 potest3
1224 1130 1316 1211 quod
1335 1151 1387 1211 ego

215 1222 371 1301 mallem,
406 1245 507 1307 quam
537 1248 592 1293 me
623 1228 656 1293 in
690 1225 870 1295 consulatu
898 1228 1274 1299 meoeamiueende
1302 1233 1387 1316 foro,

215 1346 356 1394 crucem
390 1325 432 1392 de
463 1347 586 1409 campo
619 1327 829 1396 sustulisse?
869 1329 935 1397 Sed
965 1331 1032 1397 ists
1062 1329 1138 1399 laus
1168 1333 1389 1413 primoum

216 1429 386 1497 maiorum
414 1440 630 1507 nostrorum,
653 1429 823 1521 Quirites,
844 1431 900 1514 qui
927 1430 1080 1515 expulsis
1102 1435 1242 1514 regibus
1269 1436 1388 1507 uulluu

133 1620 137 1629 .
216 1531 251 1597 iu
278 1529 385 1598 libero
416 1529 542 1613 populo
571 1533 750 1613 vestigium
779 1531 990 1600 crudelitatis
1024 1535 1388 1616 regiaeretinueruuu

217 1630 339 1711 deinde
360 1632 548 1701 multorum
577 1634 728 1701 virorum
753 1634 909 1722 sortium,
948 1636 1005 1718 qui
1032 1648 1183 1705 vestram
1209 1636 1388 1711 libertatem

217 1760 286 1805 nou
321 1736 504 1805 acerbitate
536 1735 784 1820 suppliciorum
815 1736 992 1815 infestum,
1026 1736 1088 1806 sed
1112 1735 1252 1811 leuitate
1285 1740 1387 1823 legun

217 1840 383 1909 munitam
405 1858 479 1909 esse
499 1838 692 1907 voluerunt.
1134 1884 1135 1889 κ
1415 1902 1416 1925 2

157 1938 196 2001 ll
295 1941 356 2009 lv.
400 1942 633 2034 Quamobrem
654 1953 731 2011 uter
751 1954 909 2009 nostrum
932 1940 1087 2021 taudem,
1108 1943 1273 2026 Labiene,
1294 1966 1416 2031 popu-i

217 2041 299 2114 laris
325 2045 406 2113 est'l
438 2056 533 2125 tune,
556 2046 611 2128 qui
633 2045 763 2112 civibus
787 2044 951 2113 Romanis
975 2044 1009 2111 iu
1037 2047 1197 2114 contione
1226 2049 1300 2131 ipsa
1315 2054 1387 2116 ear·
1415 2104 1416 2129 2

218 2147 370 2225 bilicem,
399 2148 456 2231 qui
481 2145 593 2215 vincla
619 2145 772 2213 adbiberi
796 2158 894 2228 putas
919 2157 1098 2226 oportere,
1131 2150 1187 2231 qui
1215 2150 1250 2216 in
1278 2171 1387 2231 campo

202 2248 370 2326 Martio,
402 2250 550 2319 comitiis
580 2249 795 2326 centuriatis,
829 2249 1004 2330 auspicato
1032 2249 1066 2316 in
1093 2247 1169 2318 loco
1192 2272 1331 2318 crucem
1355 2249 1388 2316 ad

218 2351 344 2421 civium
363 2349 582 2434 ‚supplicium
620 2352 721 2432 deligi
755 2362 790 2418 et
817 2350 980 2419 constitui
1013 2351 1124 2419 iubes:
1155 2375 1198 2420 an
1225 2373 1308 2433 ego,
1343 2351 1387 2435 qui
1414 2424 1415 2437 χ

218 2453 385 2520 funestari
404 2455 598 2520 contionem
622 2454 825 2533 contagione
846 2451 1014 2520 carnificis
1041 2453 1150 2520 veto?
1179 2455 1237 2536 qui
1264 2456 1389 2536 expian-
1414 2515 1415 2524 ,

219 2555 300 2621 dum
325 2554 441 2621 forum
466 2555 583 2638 populi
605 2555 749 2622 Romani
779 2555 820 2621 ab
845 2552 910 2621 illis
936 2554 1057 2620 nefarii
1086 2553 1225 2624 sceleris
1249 2557 1388 2636 vestigiis
1414 2606 1415 2633 p

220 2674 295 2723 esse
316 2653 420 2721 dico?
449 2657 504 2740 qui
529 2668 656 2724 castam
679 2657 889 2732 contionem,
911 2669 1069 2723 sanctum
1092 2678 1272 2741 campum,
1295 2659 1389 2726 inrio-
1414 2644 1415 2715 l

219 2755 328 2825 latum
356 2777 482 2841 corpus
514 2760 666 2826 omniurn
695 2761 821 2827 civium
850 2760 1103 2843 Romanorum,
1143 2761 1317 2841 integrum
1345 2762 1387 2826 ius

160 2861 198 2924 12
220 2857 385 2928 libertatis
406 2860 552 2929 delendo
574 2863 705 2930 servari
728 2863 916 2945 oporteret
939 2860 1117 2945 Popularis
1136 2884 1219 2931 vero
1246 2865 1386 2931 tribunus

220 2964 326 3056 plebi,
349 2978 465 3034 custos
491 2965 721 3049 defensorque
741 2966 824 3043 iuris
847 2977 881 3032 et
907 2963 1089 3033 libertatis!
1110 2966 1235 3035 Porcia
1254 2965 1312 3034 lex
1326 2966 1386 3032 vir·

285 3154 299 3217 ἢ
323 3156 362 3202 10.
380 3155 504 3217 subletum]
522 3156 644 3202 intererat
660 3155 712 3202 seit.
730 3153 859 3202 Ciceronis
876 3160 950 3216 etque
968 3159 1105 3200 ceterorum
1122 3152 1293 3214 optimatium,
1315 3165 1386 3200 nere·

220 3245 354 3287 novaretur
371 3239 476 3299 priscum
494 3240 552 3286 illud
571 3230 747 3299 perduellionis
764 3238 891 3292 iudicium,
908 3238 1061 3298 temporibus
1076 3237 1125 3284 sule
1143 3236 1241 3285 mininie
1256 3237 1384 3285 conveniens

220 3328 245 3369 et
262 3325 376 3370 consulto
393 3324 425 3370 ab
442 3323 484 3381 iio,
502 3323 543 3383 qui
561 3323 631 3370 rebus
648 3323 719 3371 novin
737 3323 879 3380 studebant,
897 3324 977 3369 denuo
994 3321 1143 3374 suscitatum,
1161 3328 1188 3367 nt
1205 3323 1328 3369 vindicus
1340 3324 1385 3380 pori
1412 3380 1413 3385 ¹

219 3413 258 3453 tot
276 3418 353 3454 annor
371 3406 492 3452 Saturnini
510 3412 604 3464 morte,
634 3420 718 3453 omnes
740 3409 918 3452 deterrerentur
935 3421 951 3451 e
968 3405 1089 3452 seditiosis
1106 3405 1198 3452 civibus
1214 3405 1344 3465 puniendis
1359 3424 1385 3438 -
1412 3404 1413 3449 l

220 3492 282 3550 quod
300 3488 398 3550 utinam]
417 3490 509 3536 Notum
527 3504 589 3537 nunc
607 3496 656 3546 est,
685 3490 734 3536 boe
751 3489 787 3535 ite
805 3489 878 3549 poni,
907 3493 934 3534 ut
951 3490 1066 3547 quodsi,
1095 3489 1157 3546 qnod
1174 3489 1227 3546 ubi,
1256 3489 1316 3547 qnod
1330 3486 1385 3545 pit,

220 3576 416 3632 quodquoniam.
452 3574 520 3619 Male
542 3573 617 3632 igitur
638 3572 744 3618 Beckius
768 3574 793 3616 id
817 3571 919 3625 delerit,
949 3573 1016 3632 quod
1040 3573 1121 3617 firmat
1144 3570 1220 3618 etiarn
1237 3572 1343 3618 Ambrce.
1357 3590 1385 3605 -

220 3658 309 3702 utinam
325 3659 384 3710 noe,
413 3654 490 3715 quod]
508 3656 592 3702 Ambr.
612 3668 666 3701 eum
684 3638 741 3701 aliis
757 3655 836 3702 Codd.
853 3669 901 3715 pro
919 3657 1006 3700 utinam
1023 3656 1086 3714 quod
1102 3655 1161 3700 Ern.
1178 3678 1214 3693 -
1230 3649 1384 3710 munusve

221 3737 289 3801 tium]
313 3740 386 3786 trium
403 3739 564 3795 Porciorum,
582 3739 611 3786 C.
630 3738 746 3784 Gracchi.
1008 3761 1010 3765 ·
1411 3728 1413 3815 l

290 3847 302 3910 5
325 3848 364 3893 ll.
382 3847 503 3907 funestari
525 3842 586 3909 eet]
606 3847 743 3903 carnifices,
775 3852 901 3907 tamquam
919 3846 984 3892 necis
1002 3846 1104 3893 ministri
1121 3846 1224 3892 infamer
1242 3852 1314 3918 etque
1329 3838 1382 3889 foedi

220 3932 290 3994 queri
309 3932 393 3979 iuuere
411 3932 483 3978 illato
501 3930 613 3991 polluere
631 3936 736 3985 castam,
764 3945 851 3991 puram
869 3929 1014 3976 concionem
1031 3930 1176 3977 videbantur
1194 3930 1299 3976 oratori.
1330 3926 1383 3970 loen

109 4030 116 4039 ¹
220 4025 302 4062 eutem
319 4016 466 4077 supplicium
484 4017 544 4064 civis
562 4017 609 4063 Ro.
628 4016 743 4074 nejnrium
760 4017 833 4059 scelus
851 4028 912 4061 mox
930 4022 1042 4061 vocetur.

288 4124 300 4185 l
322 4125 360 4170 12.
382 4125 407 4171 C.
429 4122 559 4184 Grneelrus]
584 4126 614 4170 de
632 4125 686 4183 lege
704 4122 849 4182 Sempronio
867 4123 911 4167 cfr.
928 4122 1024 4168 Abrenn
1040 4120 1065 4167 in
1083 4122 1196 4168 Excursu
1214 4123 1246 4167 nd
1265 4118 1332 4167 cuit
1347 4111 1381 4158 ll'·
1410 4140 1411 4181 p

219 4209 244 4254 iu
262 4209 309 4255 line
326 4208 410 4255 libelli.
429 4208 512 4256 Verbo
529 4209 702 4265 adiudicaretur
720 4206 871 4264 addendume
901 4207 986 4265 „quod
1003 4207 1024 4251 ei
1035 4205 1128 4265 sactum
1146 4209 1218 4268 emt,
1246 4204 1325 4262 populi
1338 4198 1383 4243 mel

220 4293 421 4339 animadversio.“
