2850 4759
188 282 361 354 ORATIO
384 283 470 367 Ptto
494 284 535 354 tt.
561 284 811 365 DEIOTARO,
832 307 864 354 c.
888 287 908 351 6
932 299 966 356 et
988 289 1018 355 t.
1126 287 1183 352 33³

30 466 91 515 curn
113 445 343 523 estfactum,
372 446 487 527 negari
509 458 637 529 potest.
678 445 712 515 Si
730 446 852 531 'palam
881 460 914 515 te
943 449 1183 525 interemisset,

30 550 160 617 »turrium
191 551 230 617 in
261 571 298 619 se
327 553 480 632 gentium
510 573 577 619 non
608 548 720 620 solutn
752 550 847 632 odia,
877 550 1061 620 sedetiam
1087 575 1184 620 arma

30 654 260 731 :orirer-iissem
287 655 316 720 si
341 675 487 732 veneno,
510 653 600 724 lovis
622 653 678 723 ille
699 654 834 740 quidem
857 655 1032 739 hospitalis
1057 678 1182 725 numen

30 779 182 840 tunquam
200 754 315 824 celare
333 758 517 841 potuisset,
539 758 692 829 homines
715 760 861 829 fortasse
880 758 1042 859 celasset,
1079 759 1184 853 Quod

30 862 112 940 gitur
139 864 319 955 etconari
344 860 510 930 occultius
536 875 569 930 et
593 865 722 931 efficere
743 864 875 930 cautius
899 865 1030 947 potuit,
1052 863 1086 932 id
1111 866 1181 941 tibi,

30 975 49 1029 rt
64 964 195 1031 medico
219 964 343 1031 callido
365 978 399 1031 et
417 986 536 1044 servo,
558 978 596 1032 nt
610 965 768 1048 putabat,
791 964 898 1043 lideli,
920 989 986 1034 non
1010 967 1181 1035 credidit?
1280 982 1282 987 '

30 1066 57 1131 le
77 1070 200 1144 armis,
229 1067 402 1147 deserto,
433 1067 475 1136 de
494 1069 622 1136 insidiis
645 1068 758 1137 celare
785 1081 817 1137 te
839 1069 969 1140 noluit?
1009 1072 1056 1139 At
1078 1094 1179 1156 quam
1201 1076 1241 1140 11

30 1171 130 1238 hstive
156 1171 292 1239 crimen
319 1171 529 1241 contexitur!
580 1174 653 1239 'l‘ua
684 1185 734 1258 te,
765 1174 889 1257 inquit,
924 1174 1059 1261 eadem,
1094 1197 1181 1259 qnae

30 1295 161 1361 temper,
182 1277 325 1344 fortuna
348 1277 515 1344 servavit:
549 1277 711 1354 negavisti
737 1288 809 1345 turn
835 1289 867 1344 tc
889 1278 1055 1361 inspicere
1079 1276 1177 1346 velle.

82 1382 165 1445 Vll.
211 1379 307 1471 Quid
330 1382 474 1462 postca?
508 1402 550 1447 an
577 1380 754 1449 Deiotarus
776 1402 818 1469 re
844 1380 902 1450 illo
931 1395 1179 1465 tempore-non

30 1482 160 1561 perlecta
179 1486 346 1551 continno
372 1483 499 1551 dimisit
518 1484 734 1551 exercitum?
755 1482 866 1553 nullus
895 1499 968 1553 erat
992 1486 1077 1554 alius
1100 1488 1178 1555 insi-

30 1584 120 1655 diandi
148 1585 276 1656 locust>
311 1592 356 1655 At
383 1587 502 1655 eodem
532 1599 584 1667 te,
617 1598 696 1658 cum
728 1588 958 1676 coenavisses,
989 1590 1177 1660 rediturum

30 1688 162 1758 dixeras:
193 1693 309 1774 itaque
331 1691 452 1761 fecisti.
494 1690 619 1759 Horam
642 1714 743 1759 unam
768 1706 828 1760 aut
852 1692 936 1762 duas
957 1695 1077 1762 eodeni
1097 1694 1175 1763 loco

30 1806 235 1874 cinnomus
261 1793 418 1862 collocati
445 1794 596 1871 fuerant,
616 1797 762 1865 retinere
784 1816 939 1875 niagnurn
964 1798 1055 1865 fuiti
1090 1800 1177 1866 Curn

30 1890 51 1958 in
75 1899 226 1965 convivio
255 1898 400 1964 comiter·
430 1908 469 1964 et,
489 1897 636 1965 iucunde
659 1897 800 1978 fuisses,
833 1912 905 1968 tum
927 1900 1008 1969 illuc
1036 1903 1108 1981 isti,
1139 1916 1177 1971 ut

30 1995 151 2070 dixeras.
192 2001 275 2093 Quo
306 2004 339 2069 in
366 2000 441 2070 loco
471 2002 667 2070 Deiotarum
693 2001 794 2077 talem
814 2025 896 2085 erga
918 2016 950 2071 te
971 2007 1175 2086 cognovisti,

30 2100 115 2179 qualis
139 2126 199 2173 rex
222 2102 359 2172 Attalus
383 2107 417 2171 in
442 2106 479 2172 P.
504 2106 703 2175 Africanum
725 2107 806 2172 fuit:
829 2106 893 2189 ‚cni
914 2109 1175 2188 magnificentis-

30 2206 96 2272 sima
113 2208 214 2294 dona,
238 2230 277 2276 uc
291 2211 456 2292 scripturn
478 2207 640 2292 legimus,
661 2229 769 2292 usque
789 2208 831 2276 ad
850 2210 1067 2279 Numantiam
1085 2214 1176 2281 misit

30 2312 163 2391 exrlsiar
182 2334 272 2397 quae
287 2314 469 2381 Africanus
489 2315 697 2394 inspectante
716 2314 1028 2397 exercituaccepit.
1072 2314 1176 2404 Quod

31 2428 92 2481 cunr
113 2438 270 2498 praesens
305 2417 482 2485 Deiotarus
512 2417 604 2498 regio
639 2428 674 2491 et
705 2417 816 2484 animo
845 2433 878 2484 et
906 2440 1003 2485 nrore
1027 2418 1175 2492 fecisset,

33 2523 58 2578 tn
77 2518 105 2584 in
120 2520 314 2588 cubiculum
336 2520 531 2588 discessisti.
575 2520 745 2597 Obsecro,
777 2523 919 2610 Cacsar,
951 2534 1066 2605 repcte
1085 2521 1174 2590 illins
1195 2532 1235 2593 20

33 2625 169 2702 lcrnporis
195 2625 413 2710 rrrcrnoriarn,
444 2646 531 2707 pone
558 2623 653 2692 illurn
680 2638 759 2692 ante
781 2624 898 2693 oculos
925 2623 1032 2711 diens,-
1061 2624 1175 2693 voltus

32 2713 181 2794 hominnm
205 2729 460 2801 teintnentium
482 2737 583 2810 atque
601 2727 839 2797 admirantium
855 2728 1049 2797 recordare.
1082 2729 1174 2798 Nnrn

33 2845 99 2904 quac
124 2832 329 2914 trepidatio?
358 2855 439 2900 num
465 2833 522 2914 qui
549 2831 741 2909 tumultusi
771 2856 852 2901 num
876 2834 954 2917 quid
974 2833 1176 2922 nisi-mode-

34 2940 106 3007 nte,
129 2936 189 3004 nisi
213 2937 340 3023 quiete,
365 2937 427 3003 nisi
452 2957 496 3003 ex
523 2936 668 3005 hominis
692 2938 884 3019 gravissimi
912 2950 946 3004 et
971 2937 1175 3005 sanctissimi

33 3028 210 3116 disciplina?
224 3039 323 3134 ‚Quid
339 3041 438 3122 igitur
455 3061 577 3117 causae
592 3041 777 3122 excogitari
793 3052 921 3124 potest,
944 3061 1005 3106 cur
1021 3052 1054 3106 tc
1067 3038 1175 3106 lotum

35 3163 234 3191 *Ἥ-ι--ψ

86 3251 150 3313 iili.
172 3262 237 3308 illins
259 3262 381 3323 temporis]
404 3262 451 3308 alh.
474 3263 585 3320 temporis
607 3264 671 3308 illins
688 3260 717 3310 Ε,
732 3286 767 3301 -
783 3264 829 3308 nisi
845 3264 914 3309 modo
931 3263 1020 3311 Colon.
1037 3264 1083 3310 nisi
1098 3263 1175 3308 mode·

34 3333 58 3373 'l‘
72 3336 97 3381 ll·
111 3363 142 3378 -
157 3346 236 3410 lotum]
257 3349 303 3394 clb.
321 3351 407 3393 lautum
424 3345 453 3392 E.

36 3437 235 3473 *wa—...2

86 3526 96 3586 l
113 3531 148 3579 ¹9·
165 3539 268 3601 Attalns]
286 3554 332 3587 rex
349 3538 477 3602 Pergami,
501 3540 569 3587 huius
587 3537 689 3589 nominis
706 3536 806 3592 tertius,
828 3537 870 3599 qui
887 3538 924 3598 (a.
937 3552 960 3583 u.
972 3551 994 3583 c.
1006 3534 1077 3597 621.)
1095 3550 1175 3597 popu·

35 3601 71 3651 ΙΝ
91 3612 133 3663 llo·
154 3621 263 3671 heredem
287 3626 396 3673 institnit.
431 3629 581 3688 Quamquam
606 3626 657 3672 Lis.
675 3624 742 3686 Epit.
761 3623 801 3669 51.
820 3623 880 3668 haec
898 3629 996 3669 narrate
1017 3623 1108 3679 'Scipio
1125 3635 1174 3665 um-

35 3688 121 3743 lllulM
136 3717 225 3755 manera
241 3713 312 3756 missu
329 3713 375 3756 sihi
390 3712 418 3756 ob
436 3713 551 3757 Antiocho
569 3709 794 3771 (vituituergere,
812 3709 888 3767 volgo
906 3704 1000 3766 Sidete)
1016 3722 1070 3766 rege
1087 3707 1175 3764 Syriae,

36 3783 74 3819 ‘lm
86 3784 152 3831 eslere
168 3795 220 3839 nliis
236 3797 414 3853 imperatoribus
431 3812 512 3855 regum
528 3806 621 3841 munera
638 3810 688 3841 mos
706 3798 775 3849 essct,
794 3807 843 3851 pro
864 3793 974 3837 tribunali
990 3795 1134 3849 accepturum
1151 3803 1175 3833 se
1196 3775 1199 3783 l

30 3867 71 3900 '‘⁸'‘
84 3866 139 3914 dian
153 3882 269 3938 ornatuque
286 3896 312 3925 ea
330 3880 418 3939 referre
436 3885 576 3940 quaestorem
594 3883 618 3925 in
631 3881 738 3937 publicus
755 3878 843 3923 ludulae
860 3879 940 3935 inurit:
966 3877 1104 3938 neutiquam
1121 3889 1175 3921 curn

38 3936 106 4037 Ul'lflll
121 3954 142 4003 h.
158 3961 173 4005 l.
190 3965 316 4013 Antiochus
334 3960 498 4024 reponendum
515 3979 593 4026 neque
608 3966 646 4017 ,de
664 3963 788 4010 Ciceronis
805 3962 880 4021 ipsius
897 3954 1061 4029 ἁμαρτήματι
1076 3977 1175 4025 μνημο-

37 4038 83 4091 tuq,
97 4041 251 4097 mutandum:
274 4062 330 4096 nam
347 4051 379 4096 ah
397 4050 484 4096 Attalo
501 4064 550 4098 non
568 4050 644 4096 minus
662 4062 735 4109 quam
752 4047 784 4092 eh
801 4045 941 4099 Antiocho,
959 4052 983 4091 et
995 4045 1066 4091 simili
1077 4043 1174 4104 quidem

39 4111 128 4199 11110119,
142 4141 235 4179 munera
252 4135 367 4194 accipere
385 4135 465 4195 putuit
483 4134 574 4194 Scipio.
608 4135 676 4186 Quae
695 4133 726 4179 ad
744 4132 769 4181 h.
789 4132 808 4181 l.
827 4132 899 4176 affert
916 4130 1051 4176 Scholiasta
1068 4127 1173 4171 Ambro-

38 4202 113 4260 Μ’»
127 4222 169 4266 iro
182 4216 256 4269 solito
274 4220 325 4266 cius
342 4234 411 4266 rnore
429 4234 476 4265 non
495 4234 529 4265 ex
547 4220 631 4280 aliquo
648 4218 768 4278 scriptore
786 4217 926 4276 deperdito,
943 4215 985 4260 sed
1002 4228 1036 4258 cx
1049 4210 1172 4258 Ciceronis

41 4280 101 4330 rerhh
120 4292 235 4360 desumpta
257 4311 324 4359 sunt,
350 4307 391 4352 red
413 4312 493 4353 tamen
511 4306 616 4364 probant
634 4302 685 4350 eius
701 4303 751 4348 iam
768 4307 850 4347 aetate
868 4299 963 4353 Attali,
989 4311 1038 4343 nou
1055 4294 1172 4341 Antiochi

40 4371 107 4416 ⁰⁰¹¹¹⁹l
122 4376 156 4425 hic
170 4384 254 4434 lectum
271 4405 329 4436 esse.
