2850 4759
276 263 367 334 roo
396 265 441 334 ι.
471 262 690 346 ciserno,
719 284 752 333 c,
774 267 925 337 neres.
1163 268 1226 368 ιιι

48 421 169 504 fenne,
201 422 280 506 qnia
300 423 414 493 verbis
442 444 642 506 oppugnare
663 425 869 513 aequitatem
890 421 1097 494 videbatur?
1137 425 1225 509 Cum

47 526 78 592 id
104 526 214 594 miror
240 537 273 593 te
302 524 369 592 hoo
395 527 430 593 in
459 527 523 592 liae
551 547 586 593 re
615 525 726 592 alieno
748 537 906 609 ternpore,
924 538 958 594 et
979 541 1100 596 eontra
1121 550 1225 611 ortam
1270 576 1277 593 .

40 627 107 693 ista
127 646 233 702 eausa
245 625 481 709 postulasset,
503 624 711 706 defendisse,
735 638 806 694 tum
819 627 902 694 illud
917 627 1019 709 volgo
1034 630 1067 696 in
1082 629 1226 707 iudiciis,

47 739 78 793 et
97 748 355 810 nonnumquam
377 730 418 796 ab
445 729 630 808 ingeniosis
652 727 870 805 horninibus,
903 728 1040 796 defendi
1063 729 1144 797 ruihi
1163 724 1227 797 mi·

46 828 252 897 rum.videri
272 825 380 915 solet,
410 851 473 896 neo
498 831 581 897 iuris
608 827 775 914 consultis
800 829 941 897 concedi
964 851 1028 897 nee
1048 833 1101 900 ius
1127 831 1226 905 civile

32 931 77 995 rin
98 930 214 999 causis
234 949 372 1012 semper
394 930 509 998 valere
534 945 704 1015 oportere.
748 934 836 999 Nam
862 933 919 1016 qui
944 931 1010 999 lroe
1039 933 1286 1016 disputiones

48 1029 272 1122 siiddieuot,
294 1053 363 1098 non
384 1041 477 1099 recte
493 1031 618 1116 aliquid
636 1045 789 1102 statuere
806 1053 884 1118 eos,
907 1035 963 1117 qui
983 1034 1227 1116 consulantur,

47 1153 110 1198 non
132 1131 204 1199 hoe
222 1132 346 1199 delent
365 1132 497 1212 dicere,
526 1136 608 1203 iuris
634 1134 817 1212 corisultis,
846 1134 907 1202 sed
929 1135 1127 1206 hominibus
1142 1136 1228 1207 stul-

49 1232 87 1300 tia
111 1234 344 1315 obtemperari
370 1257 438 1301 non
469 1248 641 1327 oportere.
696 1236 754 1303 Sin
785 1236 862 1305 illos
893 1250 987 1305 recte
1019 1240 1227 1330 respondere

48 1334 255 1418 concedunt,
277 1346 311 1401 et
331 1334 590 1417 aliteriudieari
617 1336 736 1405 dieunt
762 1351 940 1426 oportere,
970 1337 1059 1407 male
1084 1340 1228 1408 iudicari

49 1448 207 1516 oportere
229 1436 362 1519 dieunt3
393 1458 504 1520 neque
531 1439 621 1506 euim
646 1440 720 1505 lieri
740 1451 872 1527 potest,
905 1453 944 1507 ut
969 1439 1060 1507 aliud
1084 1439 1228 1509 iudicari

50 1536 89 1604 de
113 1539 210 1615 iure,
244 1537 334 1605 aliud
357 1538 557 1621 responderi
582 1548 756 1622 oporteat:
793 1563 857 1608 nec
885 1553 924 1608 ut
943 1543 1121 1625 quisquam
1142 1543 1227 1611 iuris
1251 1553 1255 1560 ’

40 1650 248 1705 numeretur
274 1640 424 1721 peritus,
452 1639 563 1722 quiid
585 1653 716 1708 statuat
735 1663 811 1710 esse
836 1645 906 1720 ius,
929 1645 1019 1726 quod
1041 1669 1108 1712 nou
1125 1668 1229 1728 opor·

51 1750 114 1807 teat
134 1740 292 1808 iudicari.
333 1741 405 1822 „Ar
418 1753 470 1808 est
484 1739 667 1823 aliquando
686 1756 807 1813 eontra
828 1745 1056 1813 iudicaturn:“
1077 1749 1227 1828 primum
1248 1749 1288 1812 ott

49 1852 162 1909 utrum
186 1854 298 1923 recte,
322 1863 364 1913 an
388 1843 596 1924 perperam?l
618 1844 651 1910 Si
670 1856 776 1922 recte,
796 1843 830 1912 id
853 1845 919 1912 fuit
939 1847 1005 1924 ius,
1027 1848 1119 1930 quod
1139 1848 1228 1915 iudi-

49 1956 161 2013 ratum
188 1955 257 2013 est:
286 1944 339 2012 sin
364 1941 480 2024 aliter·
501 1966 570 2010 uon
596 1943 736 2013 dubium
762 1958 834 2026 est,
865 1960 980 2014 utrum
1005 1949 1153 2027 iudices,
1184 1971 1228 2017 an

49 2044 126 2114 iuris
146 2042 297 2112 consulti
316 2045 530 2128 vituperandi
552 2046 637 2128 siut,
659 2045 781 2113 deinde
809 2049 837 2116 si
859 2047 927 2114 de
917 2070 991 2114 rure
1011 2051 1107 2117 vario
1130 2050 1228 2139 quid·

50 2131 132 2227 {liam
159 2145 348 2212 iudicatum
379 2159 450 2226 est,
480 2149 596 2228 potius
614 2160 735 2214 contra
755 2150 839 2217 iuris
861 2149 1039 2218 consultos
1060 2164 1228 2240 statuunt,
1289 2142 1291 2149 ’

51 2245 188 2314 sialiter
209 2249 465 2329 pronuntiatum
480 2261 551 2326 est,
574 2269 613 2314 ao
628 2250 748 2317 Mucio
764 2250 910 2332 plaeuit,
931 2273 1031 2334 quam
1047 2274 1093 2320 ex
1106 2274 1228 2320 eorum

51 2350 268 2428 anctoritate,
303 2350 352 2428 si,
388 2359 427 2415 ut
448 2349 612 2417 Manilius
631 2352 824 2429 statuebat,
854 2354 905 2420 sie
931 2364 984 2420 est
1010 2352 1228 2420 iudicatum?

50 2447 181 2517 Etenim
205 2451 279 2533 ipse
300 2451 444 2522 Crassus
466 2451 601 2518 nonita
623 2472 763 2519 oausam
784 2452 874 2535 apud
893 2455 1126 2522 centumviros
1148 2456 1229 2541 egit,

50 2563 85 2615 ut
108 2563 230 2619 eontra
250 2552 335 2635 iuris
356 2551 534 2621 consultos
552 2551 696 2619 diceret:
717 2555 777 2622 sed
802 2567 842 2622 ut
864 2553 932 2622 hoc
953 2553 1112 2635 doceret,
1134 2554 1228 2642 illud,
1265 2616 1269 2627 .

51 2652 138 2734 quod
166 2651 329 2720 Scaevola
351 2652 573 2735 defendebat,
603 2677 674 2725 non
702 2677 778 2724 esse
802 2658 906 2742 iuris,
942 2669 976 2723 et
1001 2657 1131 2725 ineam
1157 2678 1230 2724 rem

50 2776 115 2841 uon
146 2754 259 2824 solum
290 2757 440 2823 rationes
467 2757 623 2832 afferret,
657 2756 720 2825 sed
742 2758 911 2848 etiamO.
932 2759 1074 2839 Mucio,
1105 2781 1230 2827 soeero

52 2876 128 2930 suo,
159 2856 345 2940 multisque
371 2859 587 2939 peritissimis
614 2856 808 2926 hominibus
841 2861 1039 2927 electoribus
1064 2872 1230 2926 uteretur.

124 2956 241 3027 XXV.
293 2959 381 3028 Nam
412 2961 468 3044 qui
495 2962 548 3027 ius
581 2958 679 3025 ciuile
718 2960 1008 3026 contemnendum
1041 2973 1183 3047 putat,
1201 2982 1231 3028 rs
1252 2966 1292 3030 ιθ

33 3059 182 3126 >vinculo
206 3059 342 3128 revellit
366 3085 437 3130 non
463 3061 564 3128 modo
593 3060 818 3138 iudiciorum,
850 3061 910 3127 sed
942 3061 1045 3126 etiam
1068 3060 1231 3129 utilitatis

52 3159 204 3243 vitaeque
226 3163 440 3241 eommunis,
475 3163 531 3245 qui
558 3172 672 3227 autem
698 3163 902 3244 interpretes
938 3163 1023 3229 iuris
1047 3163 1231 3245 vituperat,
1306 3244 1311 3251 Ι

53 3259 78 3324 si
106 3261 281 3344 imperitos
314 3264 398 3331 iuris
433 3284 508 3331 esse
537 3262 637 3340 dicit,
673 3261 716 3328 de
744 3261 956 3340 hominibus,
988 3285 1058 3330 non
1087 3262 1129 3330 de
1156 3263 1232 3330 iure

53 3360 136 3443 cirili
159 3363 324 3430 detrahit:
355 3364 407 3431 sin
443 3366 561 3447 peritis
592 3375 786 3447 nonputat
809 3385 884 3431 esse
910 3365 1233 3455 obtemperandum,

52 3484 119 3530 non
134 3464 288 3534 homiues
315 3464 434 3544 laedit,
457 3466 517 3535 aed
537 3466 630 3548 leges
652 3488 692 3532 ao
714 3467 790 3531 iura
811 3464 1004 3532 labefactat.
1049 3465 1152 3556 Quod
1172 3488 1233 3538 vo·,

52 3561 102 3630 ln's
120 3566 234 3632 venire
251 3567 283 3632 in
300 3579 449 3634 mentem
469 3569 626 3650 proferto
646 3588 788 3634 neeesse
809 3581 880 3642 est,
900 3567 983 3634 nihil
1004 3587 1079 3634 esse
1097 3569 1131 3634 in
1149 3570 1232 3655 civi·
1265 3632 1269 3642 ,

53 3675 214 3737 teletam
236 3666 415 3754 diligenter
438 3693 538 3752 quam
562 3671 614 3736 ius
641 3668 741 3735 civile
761 3669 995 3748 retinendum
1016 3669 1148 3755 etenim*
1164 3659 1233 3740 hod

54 3764 182 3835 sublato
211 3767 295 3835 nihil
330 3782 398 3851 est,
434 3792 539 3853 quare
566 3769 784 3852 exploratum
810 3770 968 3852 cuiquam
1002 3773 1114 3853 possit
1137 3792 1230 3851 esse,

54 3907 242 3928 ——n—

120 4010 131 4071 l
151 4013 190 4060 68.
209 4027 251 4058 nec
268 4015 312 4060 doc
330 4014 383 4061 Erf.
423 4014 484 4062 Cum
509 4015 562 4062 Eri.
589 4029 651 4062 mox
675 4029 722 4074 pro
746 4016 794 4060 iuri
816 4016 896 4068 ciuili,
924 4015 964 4060 red
989 4014 1108 4061 lrabeat'
1098 4017 1157 4060 ruris
1174 4017 1233 4061 ciui·

56 4089 101 4143 ιιι,
117 4093 166 4146 red,
183 4093 266 4141 verior
286 4093 337 4140 iam
354 4094 451 4141 videtur
473 4097 548 4143 lectio
565 4098 610 4144 Ed
630 4098 704 4145 1480.
721 4100 781 4143 ιἰινιι
801 4099 925 4152 contuitis,
951 4099 991 4143 red
1011 4105 1059 4147 cet.
1078 4097 1151 4144 etiem
1172 4112 1232 4157 pro·

56 4176 159 4245 ptervu.
177 4178 212 4221 ιίιι
230 4179 286 4223 ιιιοι
305 4183 353 4224 cet.
372 4193 474 4241 umque
494 4181 583 4241 recepi.
959 4182 963 4189 ’

120 4279 191 4342 ι69.
211 4286 317 4344 potius·
330 4286 488 4348 ·ιιιιιιιιιιιιι]
507 4287 558 4335 Eri.
582 4301 629 4335 ιιοιι
646 4290 888 4346 portur-nmmum
910 4288 961 4335 sine
985 4283 1233 4365 interrogationelo.
