2850 4759
308 231 393 301 PRO
423 230 467 296 Α.
498 230 736 319 catulus,
757 248 788 300 e.
812 234 833 299 6
857 246 890 302 et
915 237 948 301 7.
1198 238 1238 302 81

131 390 194 456 Vl.
237 389 384 458 Aebutio
401 390 580 471 negotium
599 391 715 459 datur.
756 391 868 462 Adest
884 393 926 461 ad
942 393 1114 462 tabulam,
1144 394 1241 464 Lice·-
1261 401 1319 469 16„

60 503 112 558 tur
145 492 333 571 Aebutius,
368 491 585 560 deterrentur
619 505 793 576 emptores
824 494 942 580 multi,
975 497 1099 579 partim
1130 484 1261 577 gratia¹

59 595 287 672 Caesenniae,
304 594 430 676 partim
454 596 555 665 etiarn
581 595 711 675 pretio,
731 593 860 662 fundus
879 593 1049 663 addicitur
1069 597 1240 677 Aebutioa

59 695 235 776 pecuniam
252 696 447 775 argentario
466 696 637 777 promittit
647 696 831 776 Aebutius,
851 719 918 779 quo
934 698 1130 766 testimonio
1144 686 1238 779 nune

60 797 111 863 vir
130 798 280 877 optimus
301 796 427 876 utitur,
448 798 512 865 sibi
539 809 692 880 emptum
718 817 810 878 esse3
829 798 1027 879 quasivero
1046 786 1105 866 aut
1126 820 1191 867 nos
1208 801 1258 876 ei¹

60 912 220 976 negemus
238 895 431 975 addietum,
462 910 520 984 aut
537 909 610 966 tum
631 900 810 981 quisquam
830 897 950 977 suerit,
980 900 1038 982 qui
1055 900 1257 980 dubitaret,

32 1064 37 1073 ,
60 999 138 1077 puin
162 1009 333 1064 emeretur
356 999 579 1077 Caesenniae,
602 1020 681 1067 curn
703 998 738 1066 id
758 997 911 1081 plerique
931 1000 1080 1080 scirent,
1118 1022 1239 1071 omnes

58 1097 127 1165 fere
152 1097 348 1177 audissent,
368 1098 402 1165 hi
427 1099 625 1167 coniectura
649 1102 790 1182 assequi.
811 1111 968 1182 possent,
989 1121 1067 1168 oum
1095 1104 1240 1183 pecunia

58 1200 264 1268 Caesenniae
282 1220 327 1266 ex
348 1199 404 1268 illa
424 1199 613 1267 hereditate
634 1200 836 1283 deberetur,
866 1222 942 1269 earn
962 1224 1068 1284 porro
1087 1204 1121 1268 in
1138 1221 1239 1283 prae·

57 1298 117 1367 diis
132 1299 300 1369 collocari
314 1301 462 1369 maxime
477 1301 672 1384 expediret,
703 1313 819 1371 essent
833 1313 949 1369 autern
965 1301 1120 1385 praedia,
1151 1322 1239 1385 quae

56 1399 190 1469 mulieri
206 1400 356 1469 maxime
370 1403 607 1478 convenirent,
640 1422 678 1467 ea
690 1402 863 1480 venirent,
889 1400 1051 1469 liceretur
1066 1403 1112 1480 is,
1136 1423 1238 1486 quern
1309 1471 1311 1475 ,

37 1502 264 1577 >Caesenniae
285 1500 367 1567 darc
390 1522 530 1583 operam
554 1522 657 1568 nemo
683 1503 884 1581 miraretur,
917 1503 982 1571 sibi
1000 1522 1116 1570 emere
1136 1523 1238 1593 nemo

56 1614 173 1683 posset
207 1603 387 1682 suspicari.
427 1603 502 1669 Hac
532 1603 704 1684 emptione
734 1602 827 1668 facta
859 1606 1004 1685 pecunia
1035 1603 1182 1672 solvitur
1218 1616 1299 1679 a17

57 1702 260 1771 Caesennia:
300 1702 397 1768 cuius
423 1703 472 1768 rei
500 1714 599 1784 putat
626 1703 689 1782 istc
714 1704 882 1771 rationem
911 1704 1008 1772 reddi
1028 1728 1097 1772 nou
1117 1726 1238 1787 posse,

55 1803 145 1884 mod
164 1805 239 1885 ipse
258 1801 387 1872 tabulas
405 1805 582 1882 averterim
602 1823 639 1870 se
663 1816 777 1870 autem
797 1803 923 1871 habere
942 1809 1124 1885 argentarii
1143 1808 1239 1874 tabu*

54 1899 120 1979 las,
152 1899 189 1968 in
224 1902 343 1984 quibus
372 1903 435 1971 sibi
460 1925 609 1985 expensa
640 1906 785 1986 pecunia
817 1905 888 1972 lata
923 1908 986 1986 sit,
1029 1919 1238 1990 acceptaque

56 2001 183 2082 relata;
211 2003 306 2084 quasi
331 2002 365 2069 id
382 2003 480 2071 aliter
499 2006 572 2071 fieri
589 2008 789 2086 oportuerit.
832 2006 916 2071 Cum
941 2007 1055 2074 omnia
1076 2011 1123 2074 ita
1145 2009 1238 2075 sacta

55 2115 186 2180 essent,
224 2100 513 2185 quemadmodum
534 2127 596 2172 nos
618 2105 847 2181 defendimus,
882 2106 1067 2175 Caesennia
1090 2108 1236 2176 fundum

57 2203 210 2282 possedit
225 2203 431 2286 locavitque:
461 2227 571 2288 neque
587 2207 635 2271 ita
652 2205 760 2271 multo
777 2220 858 2288 post
870 2208 914 2276 A.
930 2207 1094 2274 Caecinae
1107 2209 1236 2288 nupsit.

57 2302 106 2374 Ui
133 2305 168 2370 in
199 2325 308 2387 pauca
338 2305 537 2384 conferam,
567 2317 771 2372 testamento
799 2307 893 2372 facto
922 2304 1045 2372 mulier
1073 2307 1239 2385 moritura

55 2405 141 2470 facit
162 2405 323 2472 heredem
346 2423 390 2473 ex
409 2407 539 2473 deunce
563 2416 597 2472 et
616 2406 792 2473 semuncia
817 2406 1019 2484 Caecinam3
1040 2427 1084 2472 ex
1105 2405 1237 2480 duabus
1271 2402 1275 2419 ’

55 2505 201 2573 sextulis
231 2507 283 2573 M.
320 2505 529 2591 Fulcinium,
565 2506 722 2573 libertum
754 2507 941 2588 superioris
959 2507 1049 2584 vviri3
1088 2507 1236 2574 Aebutio

54 2605 228 2681 sextulam
248 2605 433 2687 adspergit.
476 2607 572 2673 Hanc
595 2605 767 2673 sextulam
787 2607 844 2673 illa
866 2607 1059 2674 mercedem
1081 2609 1137 2676 isti
1161 2627 1238 2677 esse

52 2705 164 2775 voluit
183 2705 390 2776 assiduitatis
412 2720 446 2773 et
463 2706 657 2782 molestiae,
680 2708 710 2773 si
733 2728 835 2789 quarn
850 2719 997 2790 ceperat
1037 2708 1107 2774 Iste
1121 2719 1238 2775 autem

54 2805 120 2874 hac
157 2805 296 2876 sextula
328 2828 366 2875 se
396 2829 513 2875 ansam
548 2807 696 2874 retinere
734 2809 887 2875 omniurn
921 2807 1236 2876 controversiarum

54 2920 184 2990 putat·

109 3011 220 3074 vll.
261 3007 333 3076 Iam
364 3008 531 3091 principio
556 3028 660 3076 ausus
691 3018 745 3076 est
773 3007 893 3074 dicere·
910 3029 980 3073 non
1005 3025 1106 3088 posse
1137 3005 1297 3080 here-13

56 3107 136 3175 dem
153 3129 232 3176 esse
254 3110 460 3176 Caesenniae
481 3111 678 3186 Caecinam,
703 3107 797 3189 quod·
814 3108 844 3174 is
865 3104 1036 3172 deteriore
1055 3107 1130 3171 iure
1145 3116 1239 3175 esset

58 3210 281 3290 quam-ceteri
297 3211 389 3277 cives
404 3204 546 3292 propter
558 3207 815 3301 incommodum
831 3205 1131 3274 Volaterranorum
1147 3205 1237 3275 cala·

56 3309 281 3391 mitatemquc
314 3308 460 3377 civilem.
502 3309 621 3390 ltaque
654 3306 759 3374 homo
799 3306 938 3373 timidus
971 3306 1237 3390 imperitusque,

56 3410 116 3492 qui
149 3429 261 3493 neque
289 3410 392 3476 animi
427 3430 537 3491 neque
567 3407 698 3476 consilii
727 3408 810 3475 satis
829 3406 986 3482 haberet,
1012 3429 1080 3472 non
1105 3406 1240 3488 putavit

57 3529 137 3577 esse
169 3511 255 3577 tanti
287 3509 529 3595 hereditatem,
567 3521 606 3575 ut
637 3509 679 3576 de
706 3510 843 3575 civitate
866 3509 900 3573 in
925 3507 1065 3574 dubium
1089 3508 1237 3572 veniret:

58 3612 248 3686 concessit,
284 3613 408 3689 credo,
442 3613 609 3697 Aebutio,
645 3623 808 3693 quantum
829 3608 946 3687 vellet,
973 3608 1016 3674 de
1032 3608 1239 3673 Caesenniae

58 3710 159 3777 bonis
183 3722 221 3778 ut
245 3710 413 3779 haberet?
453 3711 583 3790 immo,
614 3721 654 3777 ut
673 3710 747 3778 viro
766 3709 850 3777 forti
871 3728 912 3775 ac
933 3707 1077 3789 sapienti
1097 3706 1239 3785 dignum

60 3868 256 3886 m

134 3965 147 4026 S
165 3969 202 4013 tu.
215 3965 350 4029 damtune]
370 3967 421 4012 ttrf.
440 3967 554 4011 dubitarit
569 3966 644 4010 0.-
656 3967 681 4009 lrr'
699 3959 841 4024 coniectura]
859 3960 963 4014 Quinam
980 3959 1035 4004 istit
1052 3959 1098 4003 Sed
1116 3971 1169 4002 cum
1188 3955 1238 4000 urs.

60 4048 159 4095 hebeat
174 4051 208 4094 ltis
225 4065 258 4105 a,
282 4048 350 4093 alind
368 4048 447 4101 latete
469 4054 494 4093 ut
512 4052 573 4106 puto
590 4047 690 4090 harada.
1171 4064 1172 4067 =

135 4130 147 4190 l
166 4133 201 4177 i'l.
219 4128 325 4188 ceperat]
345 4129 396 4174 Eri.
413 4132 542 4184 susceperat
559 4127 590 4173 0.

137 4211 149 4270 l
170 4214 205 4259 18.
223 4216 270 4258 eius
288 4208 402 4270 obtriuit]
425 4210 476 4255 Est.
494 4206 590 4255 obtriuit
612 4208 644 4252 0.
713 4267 716 4270 ἢ
