2850 4759
223 261 283 324 318
509 276 512 283 ’
540 302 543 311 ,
688 259 923 332 CICERONIS

298 421 364 493 Xl.
406 419 480 490 Vidi
502 422 590 493 enint
611 434 645 495 ct
658 423 821 511 cognovi,
842 421 920 508 quid
935 423 1082 492 maxime
1096 433 1284 507 spectares,
1303 441 1378 492 cum

221 548 284 610 pro
306 525 445 597 alicuius
466 526 575 596 salute
597 527 693 596 multi
713 528 923 596 laborarent:
959 548 1079 598 causas
1100 528 1188 610 apud
1212 539 1245 594 te
1265 542 1379 608 rogan·

223 632 307 697 tium
327 630 544 710 gratiosiores
563 650 638 698 esse
656 654 755 715 quarn
771 630 901 700 voltus:
924 652 1031 715 neque
1047 644 1078 698 te
1093 642 1268 713 spectare,
1287 652 1375 714 quam

223 745 302 802 tuus
329 746 419 802 esset
445 735 656 802 necessarius
683 735 732 813 is,
763 736 819 820 qni
847 748 880 802 te
907 747 1038 812 oraret,
1073 733 1133 803 sed
1161 755 1262 818 quam
1288 733 1377 811 illins,

222 858 284 920 pro
307 859 373 920 quo
394 834 572 907 laboraret.
613 838 729 922 ltaque
758 839 876 906 tribuis
904 851 941 905 tu
963 837 1100 923 quidem
1120 839 1185 907 tuis
1206 838 1253 904 ita
1274 835 1377 921 multa,

222 952 263 1007 nt
282 939 362 1009 mibi
383 941 549 1009 beatiores
570 938 615 1008 illi
638 940 814 1009 videantur
835 940 1023 1019 interdurn,
1045 941 1101 1025 qui
1124 951 1180 1007 tua
1193 938 1380 1007 liberalitate

222 1044 397 1123 fruantur,
428 1067 527 1127 quarn
551 1045 696 1128 tuipse,
726 1047 781 1128 qui
801 1040 866 1114 illis
889 1030 1084 1117 tarn'multa
1106 1043 1288 1112 concedas.
1323 1041 1378 1110 Sed

222 1147 324 1217 video.
345 1159 455 1215 tamen
478 1146 566 1231 apud
587 1162 619 1215 te
640 1169 778 1227 causas,
800 1161 840 1215 nt
859 1144 946 1228 dixi,
967 1147 1080 1216 valere
1103 1146 1178 1232 plns
1200 1170 1302 1231 qnam
1315 1167 1378 1230 prc-

224 1272 299 1332 ces,
333 1253 374 1318 ab
395 1252 501 1335 iisque
524 1263 555 1317 te
578 1252 706 1318 moueri
728 1252 896 1329 maxime,
932 1275 1077 1335 quorum
1098 1251 1323 1320 iustissimum
1339 1250 1381 1315 ri·

162 1354 201 1418 32
223 1352 302 1423 deas
323 1353 476 1423 llolorem
497 1354 532 1422 in
551 1352 711 1437 petendo·
764 1353 803 1422 ln
827 1354 869 1446 Q.
895 1355 1026 1447 Ligerio
1039 1359 1284 1432 ,conservando
1305 1350 1379 1421 mul·
1403 1428 1405 1439 .

224 1460 266 1527 tis
282 1471 318 1525 tu
333 1458 466 1542 quidem
482 1470 616 1539 gratnm
632 1456 736 1524 iacies
750 1460 949 1529 necessariis
965 1459 1050 1538 tuis3
1071 1457 1130 1526 sed
1147 1456 1233 1538 boc,
1255 1478 1378 1541 quaeso,

224 1562 420 1645 considera,
442 1560 533 1643 quod
555 1559 657 1631 soles.
704 1560 849 1629 Possum
872 1562 1078 1629 fortissimos
1100 1561 1215 1641 viros,
1237 1561 1379 1636 Sabinos,

173 1738 175 1744 A
226 1665 284 1732 tibi
304 1664 577 1751 probatissimos,
600 1677 777 1748 totumque
798 1687 916 1746 agrum
933 1665 1111 1743 Sabinum,
1130 1666 1248 1731 florem
1266 1663 1377 1741 ltaliae,

223 1768 327 1834 robur
347 1767 396 1835 rei
418 1765 571 1851 publicae
593 1789 795 1852 proponere.
837 1768 935 1836 Nosti
953 1769 1079 1850 optime
1097 1766 1265 1837 homines:
1290 1767 1378 1834 anin-

224 1869 362 1938 adrerte
400 1868 522 1939 horum
559 1873 710 1939 omnium
748 1873 950 1939 maestitiam
987 1884 1022 1939 et
1060 1870 1225 1940 dolorem.
1282 1871 1376 1938 Huius

225 1973 266 2041 T.
293 1973 462 2053 Brocchi,
494 1974 536 2041 de
562 1996 627 2059 quo
653 1998 723 2042 non
752 1973 866 2051 dubito
895 1974 971 2058 quid
1001 1975 1199 2058 existimes,
1234 1974 1376 2042 lacrimas

166 2082 203 2143 32
225 2076 484 2162 squaloremque
505 2079 609 2163 ipsius
629 2090 662 2161 et
682 2078 740 2145 filii
762 2076 868 2145 vides.
911 2077 1002 2170 Quid
1021 2078 1062 2144 de
1076 2078 1236 2148 fratribus
1252 2074 1375 2145 dicam?

224 2176 322 2258 Noli,
354 2181 496 2261 Caesar,
527 2195 664 2265 putare,
700 2181 741 2250 de
762 2183 859 2249 utrius
880 2182 989 2264 capite
1010 2203 1073 2251 nos
1094 2201 1209 2263 agere:
1241 2194 1302 2249 aut
1320 2193 1375 2248 tres
1404 2192 1405 2233 ἑ

228 2284 285 2353 tibi
304 2285 427 2366 Ligarii
449 2285 612 2353 retinendi
633 2287 665 2379 in
687 2287 823 2352 civitate
842 2297 923 2352 sunt
943 2297 1000 2353 aut
1021 2298 1089 2353 tres
1110 2307 1154 2351 ex
1174 2285 1310 2351 ciuitate
1328 2304 1375 2349 ea·
1404 2240 1406 2352 l

144 2438 148 2444 -
226 2388 438 2457 terminandi.
482 2388 636 2482 Quodvis
657 2389 795 2457 exilium
816 2388 868 2457 bis
889 2401 940 2456 est
961 2390 1126 2470 optatius,
1148 2410 1249 2471 quam
1271 2387 1375 2470 patria,
1403 2388 1404 2469 ζ

226 2515 327 2576 quam
348 2492 489 2572 domus,
515 2516 615 2576 qnam
638 2492 682 2561 dii
702 2504 859 2576 penates,
887 2514 954 2559 uuo
975 2490 1032 2559 illo
1055 2489 1225 2558 exulante.
1268 2492 1302 2558 Si
1320 2490 1375 2556 fra·
1402 2526 1405 2635 Ι

227 2608 340 2676 terne,
374 2596 403 2664 si
428 2597 498 2679 pie,
531 2597 658 2664 sicum
687 2595 805 2665 dolore
830 2594 977 2674 faciunt,
1018 2607 1177 2662 moveant
1205 2592 1245 2669 te'
1266 2592 1374 2661 horum
1402 2640 1403 2657 2

226 2824 273 2857 esse
290 2812 402 2858 beatiores
419 2813 457 2857 illi
473 2811 538 2857 b...
544 2808 671 2874 fruantur]
690 2809 779 2858 Colca.
791 2808 904 2869 fruuntur
921 2808 1000 2856 Codri.
1017 2808 1064 2855 mei
1082 2814 1106 2856 et
1118 2823 1185 2856 v.-·
1196 2804 1373 2868 contrectatu

227 2897 331 2943 conmdis
349 2911 371 2944 r.
381 2921 414 2936 -
425 2896 486 2953 apati
497 2900 518 2940 tc
527 2909 605 2940 causas
616 2909 734 2955 superscr.
752 2897 884 2952 rogantium
895 2901 952 2954 post
964 2909 987 2942 v.
1005 2899 1034 2940 te.
1046 2894 1063 2939 l.
1075 2916 1109 2928 -
1121 2897 1145 2937 nt
1161 2893 1215 2937 dini
1232 2891 1337 2937 camach.
1348 2912 1372 2926 -

226 2984 312 3046 ualere]
335 2983 383 3044 egl.
405 2983 538 3040 rogantium
560 2982 636 3026 calere
653 2981 692 3029 bu.
709 3005 744 3018 -
766 2979 795 3026 ab
811 2980 889 3039 nisque
905 2993 929 3038 g.
946 3002 980 3017 -·
996 2974 1204 3041 mmasdolcrcm]
1222 2977 1372 3024 cibantem
1401 2988 1402 3015 ῑ

226 3070 304 3115 ciuicas
320 3070 365 3128 Μ
381 3082 406 3114 v.
1168 3138 1169 3141 Ἴ
1401 3062 1402 3099 ἶ

293 3176 365 3239 §32
384 3178 462 3223 maliis
481 3178 526 3222 iuis
546 3176 569 3222 b.
589 3176 621 3214 -'·
642 3175 782 3222 masssariis.
807 3172 846 3218 seri
871 3172 894 3219 b.
910 3198 945 3212 -
961 3175 1033 3217 icium
1059 3185 1142 3230 agrum
1165 3171 1182 3217 l.
1201 3193 1237 3210 -
1256 3159 1368 3230 rotarJt
1401 3102 1402 3197 l

226 3272 254 3304 ac
275 3258 347 3304 robur
366 3259 429 3320 egle.
450 3283 485 3297 -
505 3270 593 3317 ponere
611 3259 636 3305 b.
656 3284 689 3296 -
708 3259 808 3314 optirnas
830 3257 878 3316 egl.
894 3282 928 3295 -
948 3271 996 3303 om.
1022 3257 1123 3301 omnium
1139 3256 1157 3302 l.
1173 3279 1208 3293 -
1233 3255 1294 3315 quod
1311 3267 1331 3298 e.
1343 3272 1369 3287 ·-
1400 3260 1401 3277 ³

227 3345 344 3389 existimus
362 3343 386 3390 b.
1399 3334 1401 3479 ἱ

294 3450 310 3513 l.
326 3452 367 3498 38.
389 3452 501 3498 retinendi
520 3454 582 3498 cinit.
601 3451 623 3498 b.
638 3477 672 3491 -
690 3467 701 3498 e
722 3454 765 3498 cic.
785 3466 806 3497 e.
823 3473 857 3488 ·-
876 3463 928 3494 nam
946 3450 1041 3508 qarodcis
1059 3449 1105 3509 egi.
1127 3445 1187 3509 (non
1205 3445 1242 3506 b.)
1258 3470 1292 3484 -
1306 3454 1365 3490 nost·

227 3540 534 3584 ant··moneut-moneat
554 3538 576 3584 b.
594 3565 626 3578 -
650 3542 741 3583 moueat
755 3535 911 3595 fraternitas,
935 3537 1011 3578 caleat
1036 3534 1103 3580 1.-
1122 3528 1255 3592 ᾳιιασᾱίιίί
1271 3521 1296 3577 b.
1310 3528 1366 3568 -l‘

227 3623 298 3666 ciuem
320 3623 394 3668 elicere
411 3623 427 3668 l.
445 3647 477 3661 ·-
496 3623 586 3667 aulem
599 3624 658 3666 nune
673 3622 690 3666 1.
708 3646 741 3658 -
762 3621 906 3677 splendorem
923 3621 1023 3664 omnium
1042 3618 1088 3679 egl.
1106 3642 1137 3654 -
1154 3617 1185 3662 L
1204 3617 1306 3661 Humum
1321 3621 1365 3657 ct

153 3708 157 3714 ’
226 3720 268 3765 pn·
278 3720 357 3754 manu.
372 3707 447 3767 (corr.
461 3704 585 3764 Marcum.)
597 3731 632 3743 -
645 3703 675 3750 1..
693 3708 796 3751 Macrum
815 3720 839 3764 g.
858 3705 887 3749 L.
901 3704 1035 3748 Marianum
1053 3713 1171 3761 superscr.
1185 3698 1299 3745 Marcium
1313 3698 1364 3742 1.·-
1399 3680 1400 3761 l

229 3790 254 3838 G.
275 3791 378 3838 carcium
397 3806 514 3854 superscr.
538 3790 664 3838 Caesetium
685 3790 701 3834 l.
720 3790 750 3834 L.
770 3788 867 3835 Cestium
885 3803 909 3848 g.
929 3812 963 3826 -
982 3788 1011 3831 L.
1038 3786 1168 3832 carridium
1190 3783 1248 3848 (sic)
1267 3791 1363 3842 superstr-
1398 3836 1399 3839 Ἴ

225 3912 416 3928 *

293 3989 304 4054 ᾖ
322 3992 363 4039 82.
386 3991 475 4037 Sabinis
497 4002 575 4036 mores
598 3987 762 4035 tribuebantur
778 3986 899 4047 simplices
915 3999 945 4032 cc
963 3985 1052 4042 seueri,
1082 3982 1106 4031 ln
1123 3981 1207 4043 primis
1225 3982 1295 4029 etiarn
1309 3974 1362 4025 tori

224 4080 283 4125 tudo
304 4077 399 4124 bellica.
417 4100 449 4114 ·-·
468 4074 496 4120 Τ.
515 4072 630 4137 Brocchi]
655 4072 767 4120 avunculi
786 4070 798 4133 i
818 4071 857 4117 ll.

290 4185 302 4247 b
322 4186 363 4232 38.
386 4186 417 4230 sul
435 4182 487 4230 An.
504 4183 551 4241 ts,
567 4185 608 4231 44.
648 4184 733 4228 Brutus
748 4183 806 4226 milti
824 4181 851 4226 Τ.
869 4181 964 4239 Ligarii
980 4179 1055 4225 uerbis
1072 4179 1198 4231 nuntiauit,
1223 4176 1282 4236 quud
1299 4168 1360 4229 mel·

224 4270 282 4315 latur
301 4270 331 4314 L.
354 4266 468 4324 Corfidius
485 4270 509 4313 in
530 4270 633 4314 orations
649 4266 793 4323 Ligariana,
811 4258 911 4309 erratum
927 4277 973 4308 csse
990 4277 1076 4316 meum,
1094 4263 1133 4306 sed
1150 4267 1175 4307 ut
1190 4263 1268 4313 aiunt,
1281 4268 1360 4324 μιιμιῡ·

223 4346 292 4402 stubs
310 4343 458 4420 ἁμάρτημα.
493 4352 593 4399 Sciebam
621 4350 745 4410 Corfidium
765 4351 958 4406 pernecessarium
984 4348 1151 4406 Ligarioruma
1182 4347 1221 4391 sea
1243 4358 1290 4390 eum
1310 4337 1359 4384 vll‘l
