2850 4759
209 306 377 378 ORATIO
402 310 446 376 ΙΙ.
472 307 521 375 ΙΝ
542 307 817 388 CATILINAM,
838 243 904 378 ci
924 322 959 378 et
977 313 1008 379 6.
1133 312 1192 376 111

36 492 81 538 res
99 490 155 538 eos
177 469 394 558 iampridem,
416 468 499 537 fides
514 491 623 552 nuper
636 469 781 538 deficere
796 471 922 554 coepit:
946 470 1063 538 eudem
1080 483 1192 541 tamen
1221 453 1227 476 l

34 574 96 652 ills,
125 593 208 660 quae
229 586 302 640 erut
323 574 356 641 in
378 574 600 661 abundantia,
632 572 734 642 libido
755 586 942 656 permanet.
985 574 1088 667 Quod
1108 577 1136 644 si
1158 578 1192 645 in

34 681 100 746 vino
120 692 152 747 ct
173 677 246 746 alea
262 680 519 747 comissationes
535 678 646 746 solum
663 691 696 745 et
709 691 824 746 scorta
840 691 1056 765 quaererent,
1079 693 1193 749 essent

33 782 71 849 Illi
90 783 221 867 quidem
244 781 464 865 desperandi,
486 783 545 850 sed
568 795 680 849 tamen
701 795 817 851 essent
837 783 979 851 ferendi.
1020 783 1094 851 Hoc
1108 806 1191 852 vero
1275 833 1277 838 ,

34 888 95 968 quis
114 887 204 953 ferre
225 889 351 971 possit,
380 887 505 952 inertes
527 884 682 955 homiues
704 886 900 956 fortissimis
920 887 1002 956 viris
1023 888 1193 972 insidiari,

34 988 238 1057 stultissimos
261 991 551 1077 prudentissimis,
580 991 733 1059 ebriosos
754 992 893 1070 sobriis,
915 991 1122 1061 dormientes
1143 994 1194 1060 vi-

33 1093 231 1173 gitannuuse
253 1098 308 1178 qui
325 1094 405 1160 mibi
421 1096 622 1162 accubantes
637 1096 671 1161 in
686 1095 864 1174 conviviis,
884 1093 1056 1184 complexi
1073 1094 1193 1164 molle·

34 1217 77 1267 res
97 1198 305 1285 impudicas,
327 1200 405 1266 virro
418 1197 593 1283 languidi,
621 1198 766 1266 conferti
787 1199 882 1280 cibo,
904 1200 1004 1268 sertis
1024 1198 1192 1279 redimiti,

34 1303 198 1382 unguentis
222 1300 335 1379 obliti,
358 1302 519 1370 debilitati
541 1305 685 1386 stupris,
714 1315 868 1370 eructant
887 1305 1101 1372 sermonibus
1121 1304 1191 1373 suis

35 1407 154 1475 caedem
190 1409 372 1475 bonorum'
392 1419 491 1491 atque
525 1408 616 1476 urbIs
649 1406 816 1475 incendia.
859 1408 991 1499 Quibus
1019 1429 1083 1489 ego
1111 1428 1193 1474 con·
1213 1415 1251 1480 ll

34 1507 89 1576 lido
114 1510 311 1593 impendere
339 1510 448 1577 fatum
476 1508 612 1594 aliquod
647 1523 682 1577 et
701 1525 846 1593 poenam
875 1510 1000 1579 iamdiu
1019 1511 1192 1595 ‘improbi-

35 1615 99 1691 tati‚
133 1615 322 1698 nequitiae,
360 1613 499 1688 sceleri,
537 1614 665 1682 libidini
699 1609 844 1681 debirim
878 1609 937 1682 but
970 1615 1096 1683 instare
1124 1616 1192 1684 iani

34 1713 116 1795 plane
149 1729 208 1783 aue
237 1730 328 1784 certe
356 1708 637 1803 appropinquare.
691 1717 788 1808 Quos
809 1718 836 1785 si
859 1740 955 1785 meus
982 1716 1192 1805 corisulatus,

35 1821 175 1898 quoniam
204 1842 326 1888 sanare
353 1846 419 1888 non
446 1835 583 1909 potest,
620 1821 817 1897 sustulerit,
854 1843 920 1887 non
950 1821 1051 1888 breve
1077 1824 1193 1889 nescio

36 1922 107 2001 quod
124 1938 296 2006 tempus,
334 1924 393 1993 sed
423 1924 529 1992 multa
564 1924 679 1993 secula
710 1925 911 2007 propagarit
941 1924 989 1991 rei
1018 1924 1191 2007 publicae.

34 2022 118 2118 Nulla
137 2041 189 2095 est
210 2029 301 2094 enirn
322 2030 428 2107 natio,
450 2051 549 2113 quam
571 2030 871 2111 pertimescamuse
897 2027 1009 2095 nullus
1031 2051 1112 2116 rere,
1134 2032 1191 2114 qui

34 2126 291 2214 bellumpopulo
304 2129 467 2201 ⁴Romano
491 2134 604 2198 facere
624 2133 743 2215 possit.
805 2131 926 2200 Omnia
947 2145 1027 2199 sunt
1047 2145 1191 2200 externa

35 2233 118 2301 unius
136 2236 266 2302 virtute
288 2248 377 2304 terra
398 2238 549 2319 merique
569 2247 703 2319 pacata:
726 2233 952 2303 domesticum
974 2234 1098 2302 bellurn
1121 2259 1192 2303 nia*-

35 2346 95 2416 uet3
112 2338 201 2408 intus
223 2339 364 2407 insIdiae
386 2354 483 2422 sunt,
505 2342 594 2407 intus
617 2337 785 2406 inclusum
801 2337 989 2421 periculum
1013 2351 1081 2417 est3
1100 2340 1191 2408 intus

36 2451 77 2504 est
93 2439 207 2510 hostis.
253 2445 337 2509 Cum
360 2442 496 2511 luxuria
516 2445 634 2519 nobis,
668 2464 746 2509 cum
768 2442 933 2519 anrerrtia,
962 2465 1039 2509 cum
1062 2440 1192 2509 scelere

36 2546 216 2612 certandum
234 2558 295 2613 cst.
330 2547 417 2613 Huic
432 2569 495 2627 ego
511 2568 565 2613 me
581 2544 667 2613 bello
685 2545 804 2614 ducem
821 2547 1000 2628 profiteor,
1022 2545 1192 2637 Quiritem

36 2649 163 2730 suscipio
191 2650 385 2718 iuimicitias
413 2649 588 2718 homiuum
611 2647 832 2733 perditorum.
879 2649 976 2740 Quae
996 2652 1107 2718 sanari
1128 2674 1191 2733 po·

36 2759 148 2831 terunt,
180 2775 383 2838 quacunque
411 2756 542 2822 ratione
570 2754 717 2821 sanabo:
750 2774 836 2837 quae
862 2756 1047 2821 resecanda
1074 2768 1191 2834 crunt,

36 2872 90 2920 non
108 2859 216 2939 patiar
230 2857 273 2923 ad
289 2859 470 2939 perniciem
485 2848 630 2924 civitatis
645 2877 794 2924 manere.
836 2857 980 2923 Proinde
995 2871 1052 2924 aut
1068 2869 1192 2925 exeant

37 2968 82 3022 aut
100 2962 274 3041 quiescant
295 2974 369 3039 aut,
400 2958 428 3029 si
456 2974 489 3029 et
515 2964 547 3029 iu
568 2962 651 3027 urbe
673 2972 706 3026 et
727 2962 760 3028 in
783 2958 900 3026 eadem
923 2975 1035 3028 mente
1056 2980 1189 3044 perma-

36 3073 115 3140 nent,
136 3085 192 3152 ea,
222 3086 307 3148 quae
329 3079 521 3146 merentur,
550 3074 758 3147 exspectent.

98 3168 157 3235 VI.
199 3172 248 3238 At
268 3170 369 3238 etiam
391 3168 490 3243 sunt,
515 3171 569 3254 qui
592 3167 722 3246 dicant,
752 3166 921 3259 Quirites,
950 3189 969 3235 a
991 3169 1098 3235 mein
1120 3169 1251 3245 exi-12

36 3259 102 3335 lium
124 3271 271 3339 eiectum
302 3294 377 3341 esse
408 3272 595 3341 Catilinam.
640 3269 743 3363 Quod
772 3291 835 3353 ego
864 3273 893 3365 si
920 3273 1024 3340 verbo
1056 3274 1191 3357 assequi
1318 3265 1321 3272 ’

37 3402 211 3424 ’.η-.-

90 3501 100 3563 b
111 3504 147 3550 11.
161 3519 280 3563 poenam·
289 3529 300 3540 ·
308 3502 417 3566 debitam]
426 3503 501 3550 Tur.
510 3519 599 3562 poenos
608 3529 618 3539 -
627 3529 638 3540 ·
647 3506 734 3551 debitos
747 3505 844 3550 Erm-
853 3506 1016 3562 improbitates.
1029 3508 1151 3553 iamdiuR.
1158 3531 1192 3548 ..-

36 3584 91 3647 certe]
108 3590 179 3636 TRP.
199 3594 258 3634 certe
275 3592 321 3635 ium
340 3590 437 3636 Eru-
449 3593 509 3635 enim
525 3595 559 3635 est
576 3590 627 3635 ΚΡ.
647 3597 710 3651 (non
728 3587 773 3650 T.)
788 3615 823 3627 -
839 3590 938 3636 Habent
950 3590 1032 3649 fucere
1049 3592 1123 3637 TRP.
1141 3606 1190 3639 nou

35 3666 114 3724 inferte.
138 3698 172 3712 -
198 3676 277 3720 ducem
295 3676 426 3733 prptteor,
456 3672 566 3739 Quirites]
594 3675 669 3721 TRP.
697 3676 814 3730 Quirites,
836 3674 953 3733 profiteor
978 3676 1058 3721 ducem
1082 3676 1140 3723 Ern.
1158 3702 1192 3716 -

36 3748 153 3810 (Quirites,
182 3762 218 3804 rei
235 3775 263 3817 p.
287 3774 355 3805 causo
378 3762 479 3817 suscipio
503 3760 548 3815 R.,
566 3774 614 3807 uon
638 3760 703 3821 Ter)
722 3785 754 3799 -
771 3760 870 3807 Habent
893 3775 985 3806 manere
1008 3759 1148 3808 Scholiasta
1165 3768 1191 3808 et

36 3832 96 3885 ΤΗΙ).
108 3855 154 3888 uon
171 3858 282 3914 manage,
299 3846 365 3906 quod
382 3859 416 3891 ex
430 3858 513 3891 errore
525 3851 624 3906 typogr.
638 3851 717 3892 ortum
729 3845 825 3893 ridetur
836 3846 964 3907 Madvigio
976 3846 1081 3906 Opuscc.
1093 3861 1118 3906 p.
1134 3846 1191 3893 176.

91 3948 102 4011 l
120 3952 157 3998 te.
175 3954 211 3997 At
232 3957 300 3999 etiam
322 3954 391 4017 sunt]
415 3955 453 4001 stc
476 3955 552 4001 TRP.
575 3955 633 4001 Em.
657 3958 692 4002 Ar
708 3959 761 4001 sunt
777 3957 845 4000 stium
863 3954 972 4016 MudvIg.
991 3981 1024 3995 -
1041 3957 1081 4015 qui
1097 3956 1191 4009 dicant,

40 4027 135 4108 Quirites]
153 4037 227 4083 TRP.
248 4040 361 4094 Quirites,
380 4042 420 4099 qui
436 4041 515 4085 dicant
530 4038 587 4085 Ero.
599 4065 632 4078 -
650 4042 676 4085 iu
693 4041 790 4085 exilium
805 4055 821 4085 o
837 4053 873 4085 ms
890 4041 921 4087 R,
933 4066 966 4079 -
977 4039 1058 4086 Homo
1073 4036 1192 4099 uidelicet]

39 4151 215 4173 '-··-——

92 4232 103 4295 l
121 4237 158 4284 ts.
175 4241 280 4285 hesterno
297 4237 344 4301 die]
362 4240 431 4286 Haec
449 4237 575 4300 conciliari
594 4254 647 4285 cum
664 4238 790 4285 Orationis
812 4239 833 4285 I.
851 4237 903 4299 bl,
921 4240 952 4293 9,
967 4237 1006 4285 10.
1024 4235 1122 4287 omuino
1141 4250 1190 4282 nou

39 4327 136 4377 louuuts
161 4324 204 4369 etsi
222 4338 297 4384 nuper
313 4326 446 4372 conciliare
463 4324 552 4371 studuit
569 4324 677 4383 Madvig.
695 4325 800 4382 Opuscc.
824 4339 849 4383 p.
870 4323 926 4368 194.
961 4323 1025 4369 Num
1042 4336 1075 4368 ex
1093 4319 1190 4365 sinceris

39 4395 77 4445 illis
99 4403 157 4452 loeis
180 4409 316 4456 necessurIo
342 4409 466 4470 colligitur
490 4409 598 4455 hobitum
624 4393 675 4454 eise
699 4409 804 4468 primam
830 4413 894 4453 orat.
921 4407 964 4451 VI.
992 4407 1028 4451 Id.
1057 4403 1192 4450 Novembr.
