2850 4759
255 296 427 368 ORATIO
454 299 708 373 PHILIPPICA
730 307 758 372 1.
766 353 779 393 ‚
810 329 842 385 e
863 311 883 377 7
904 323 938 379 et
956 317 988 381 8.
1160 318 1219 384 trs

27 450 83 519 eia
91 471 155 534 per
177 458 303 523 ornnes
326 474 434 527 anuos
457 460 584 529 tributa
605 474 640 531 et
661 460 751 534 data.
795 466 861 536 Sed
878 489 918 537 ee
932 492 1000 539 non
1016 480 1125 552 muto,
1148 497 1217 544 non

27 574 165 635 moveor
200 576 345 627 summo
374 561 476 629 etiam
503 564 619 632 studio
648 565 826 649 praeolara
845 570 936 640 itlius
957 586 1034 642 acta
1055 574 1216 646 defendo.

27 656 172 725 Pecunia
193 659 331 730 utinam
352 660 396 730 ad
417 663 500 747 opis
523 670 693 736 inrueret!
725 685 867 742 cruenta
885 674 943 742 itta
965 676 1119 760 quidem,
1154 679 1216 748 sed

27 756 73 827 bis
102 764 341 850 temporibus,
375 768 537 849 quoniam
567 769 626 849 iis,
661 795 809 855 quorum
838 789 908 857 est,
942 802 1012 847 non
1046 780 1214 861 redditur,

27 865 233 932 neeessaria.
277 866 497 959 Quamquam
520 892 560 938 eu
579 896 718 958 quoque
739 880 785 945 sit
807 879 933 959 effusa,
954 881 983 948 si
1005 882 1053 948 ita
1074 884 1106 950 in
1129 885 1214 953 artis

28 962 100 1035 iuitt
130 965 275 1050 Ecquid
297 981 370 1048 est,
405 970 497 1055 qnod
519 985 590 1042 tam
610 980 750 1061 proprie
771 981 836 1047 diei
859 983 970 1064 possit
989 996 1103 1053 actum
1128 987 1214 1064 eius,
1237 985 1276 1051 ts

28 1068 77 1147 qui
98 1081 242 1151 togatus
263 1073 297 1139 in
319 1074 514 1156 republica
536 1099 614 1145 curn
637 1092 810 1162 potestate
831 1085 1043 1170 imperioque
1058 1098 1215 1157 versatus

29 1168 85 1247 sit,
100 1193 212 1253 quam
236 1170 324 1243 lex?
346 1175 485 1266 Quaere
504 1192 583 1258 aeta
597 1182 762 1251 Gracchi:
784 1185 878 1267 leges
894 1187 1115 1271 Semproniae
1135 1211 1215 1271 pro·

28 1269 189 1342 ferentur.
236 1274 376 1367 Quaere
397 1277 527 1347 Sutiae:
564 1283 753 1353 Corneliae.
807 1289 928 1380 Quid?
966 1293 1027 1357 Cn.
1057 1291 1217 1373 Pompeii

32 1375 142 1444 tertius
164 1378 371 1449 consulatus
392 1381 425 1449 iu
447 1384 568 1466 quibus
590 1386 676 1454 actis
698 1392 882 1459 constitut
914 1391 1048 1474 Nempe
1074 1394 1111 1458 iu
1132 1390 1216 1473 legi·

31 1475 96 1545 bus.
118 1532 121 1541 ,
139 1478 193 1546 De
213 1481 366 1549 Caesare
386 1483 460 1566 ipso
483 1487 512 1554 si
533 1509 737 1572 quaereres,
756 1492 917 1576 quidnam
939 1494 1066 1577 egisset
1081 1496 1113 1560 in
1131 1498 1216 1562 urbe

32 1587 62 1643 et
77 1579 110 1647 iu
131 1591 233 1662 toga:
255 1580 350 1664 leges
371 1586 497 1656 multas
519 1591 743 1673 responderet
764 1615 802 1662 se
817 1607 853 1662 et
866 1594 1060 1677 praeclaras
1077 1594 1216 1676 tulisset

32 1680 252 1767 chirographa
277 1708 359 1754 vero
382 1699 441 1755 aut
462 1703 611 1761 mutaret
632 1706 782 1764 autnon
811 1696 908 1766 daret
934 1709 1011 1777 aut,
1051 1700 1081 1765 si
1100 1700 1216 1768 dedis·

33 1794 93 1870 set,
114 1808 182 1855 non
204 1789 290 1856 istas
312 1811 369 1858 res
391 1792 424 1858 in
446 1795 531 1862 actis
552 1797 624 1864 suis
646 1798 802 1866 duceret.
845 1798 910 1867 Sed
932 1798 1016 1868 haee
1037 1801 1112 1883 ipsa
1134 1822 1217 1868 ron·

34 1885 357 1973 eed03iquibusdaur
379 1896 481 1962 etiam
502 1897 536 1963 in
559 1900 670 1967 rebus·
684 1905 870 1969 trorrnireo:
893 1904 926 1969 in
949 1903 1108 1970 maximis
1131 1924 1214 1970 vero

36 1989 145 2077 rebus,
166 1994 203 2061 id
224 2008 296 2076 est,
325 1994 474 2079 legibus,
504 2011 581 2066 uota
602 2001 759 2070 Caesaris
779 2002 922 2081 vdissolvi
942 2004 1125 2072 ferendum
1146 2028 1215 2073 non

33 2101 121 2168 puto.
388 2160 391 2165 ,
853 2118 855 2123 ’

104 2197 202 2265 vlu.
226 2210 229 2216 '
248 2200 349 2290 Quae
370 2200 584 2284 destruction,
606 2204 741 2281 utilior,
765 2208 892 2289 optima
909 2209 1011 2275 etiarn
1027 2209 1214 2292 republica
1237 2223 1276 2284 l‘t

38 2298 159 2376 saepius
178 2303 351 2383 flagitata,
387 2328 487 2387 quam
510 2326 552 2372 ue
574 2308 767 2389 praetoriae
789 2310 985 2389 provinciae
1013 2310 1089 2392 ptus
1112 2334 1213 2393 quant

39 2417 150 2469 aunum
181 2426 271 2473 neve
297 2406 373 2487 plus
402 2430 504 2491 quant
535 2410 705 2477 biennium
728 2406 928 2479 consulares
949 2411 1214 2480 obtinerentur-t

39 2495 100 2567 Hae
119 2503 193 2586 tege
221 2507 374 2585 sublata,
409 2509 610 2599 videnturne
638 2511 735 2579 vobis
765 2514 922 2581 Caesaris
949 2527 1026 2583 eota
1055 2516 1214 2582 servari?

41 2597 146 2688 Quid?
181 2609 274 2695 tege,
303 2632 390 2694 quae
411 2610 628 2695 promulgata
650 2602 704 2682 est
725 2614 768 2681 de
790 2613 890 2683 tertia
910 2615 1069 2694 decuria,
1100 2639 1214 2684 nonne

41 2759 220 2803 ..ᾖ

41 2859 86 2917 ip„
97 2867 142 2914 toci
154 2871 276 2918 sententia
288 2886 336 2932 pro
347 2872 428 2920 Varie.
440 2880 464 2918 et
477 2874 545 2933 vulg.
551 2873 636 2932 faeere
648 2887 695 2919 nort
704 2874 799 2932 potuit,
814 2873 831 2919 i.
845 2887 867 2920 e.
881 2866 898 2922 δ’
909 2866 1037 2924 titionem
1048 2866 1079 2939 ἦν
1091 2868 1170 2941 αὐτῷ.
1179 2903 1215 2915 --

41 2947 67 2989 td
83 2947 146 3011 Opia]
164 2955 218 3003 Cir.
233 2957 347 3017 Philipp.
365 2957 395 3012 2,
413 2958 461 3014 87,
482 2959 525 3003 93.

98 3057 108 3120 i
128 3061 165 3108 tu.
183 3068 266 3111 tertius
283 3060 426 3127 materiatus]
445 3080 469 3110 a.
488 3079 511 3110 u.
530 3079 552 3110 c.
567 3058 626 3112 702.

98 3168 109 3231 i
129 3173 165 3221 19.
182 3179 211 3223 de
229 3179 298 3223 tertio
316 3172 421 3235 decuria]
439 3173 497 3220 Scit.
510 3175 632 3226 iudicum,
662 3175 728 3234 quod
746 3173 821 3233 gloss.
846 3174 916 3220 addit
939 3174 1011 3221 Bern.
1036 3188 1089 3220 eum
1114 3175 1214 3236 pleriaq.

44 3249 84 3300 ab·
99 3254 217 3308 nuruum
239 3258 315 3308 Cotto
332 3265 436 3319 praetor
459 3272 484 3303 ι.
502 3271 526 3303 ιι.
550 3271 572 3301 e.
591 3257 651 3302 684.
676 3257 746 3312 rudit,
776 3264 803 3303 ut
820 3273 906 3305 omnes
924 3264 973 3304 tres
990 3258 1087 3305 ordines
1104 3259 1213 3307 iudicatu
1291 3329 1294 3336 Ι

45 3331 192 3395 iungerentur.
228 3343 251 3391 A
278 3358 328 3404 quo
351 3350 465 3401 tempore
487 3347 536 3386 tres
559 3342 666 3385 decuriae
684 3355 703 3385 r.
722 3341 811 3387 classen
829 3341 934 3387 iudicum
952 3358 967 3387 a
984 3349 1102 3401 praetore
1119 3343 1214 3390 urbano

44 3413 114 3468 iurato
137 3427 276 3488 descriptae
299 3430 409 3481 suerunt,
437 3425 516 3484 prima
540 3430 694 3477 senatorum,
725 3425 803 3471 altera
822 3425 943 3485 equiturn,
971 3426 1044 3471 tertis
1062 3426 1214 3474 tribunorum
1304 3480 1307 3482 ,

46 3504 179 3554 sannorum
197 3527 211 3558 e
229 3512 318 3571 piebe3
344 3512 379 3557 ita
398 3509 509 3570 quidem,
534 3515 560 3552 ut
578 3508 602 3553 in
620 3508 721 3566 singuiis
738 3508 833 3553 iudiciis
851 3506 959 3556 e'tribus
977 3509 1028 3556 istis
1045 3511 1150 3558 decuriis
1167 3512 1214 3559 att·

46 3592 96 3640 tuot
110 3589 250 3649 legerentur.
285 3596 347 3641 Eaur
360 3595 447 3640 deinde
460 3593 504 3638 Cu.
521 3592 657 3651 Pompeius
675 3593 779 3650 Magnus
797 3592 884 3638 iterum
902 3607 953 3639 cos.
971 3607 994 3638 a.
1015 3594 1075 3639 699.
1093 3594 1215 3641 rationem

47 3661 102 3724 5⁰5¹»
116 3673 168 3733 lege
184 3678 312 3725 iudiciaria
331 3679 397 3730 tata,
415 3685 442 3723 ut
460 3691 494 3722 ex
511 3677 596 3722 iisdem
614 3676 711 3735 quidem
730 3676 807 3722 tribus
825 3675 965 3733 ordinibus,
982 3679 1025 3722 sed
1038 3677 1110 3724 aliter
1124 3686 1215 3734 tamen,

48 3743 122 3800 iudices
139 3758 282 3819 legerentur.
323 3761 391 3808 Tulit
409 3760 486 3816 enim,
512 3766 538 3806 ut
556 3774 590 3805 ex
608 3759 759 3818 amplissimo
777 3773 849 3805 ceusu
867 3775 901 3808 ex
920 3760 1034 3809 centuriis
1051 3762 1125 3815 aliter
1141 3776 1216 3822 quum

48 3837 168 3888 interlecti
176 3844 274 3903 iudices,
283 3861 362 3907 aeque
370 3853 451 3891 tumen
460 3859 494 3891 ex
502 3844 549 3889 iliis
560 3843 635 3889 tribus
644 3843 770 3899 ordinibus
778 3859 815 3889 res
825 3844 968 3891 iudicarent.
977 3844 1083 3905 (Ascun.
1092 3846 1215 3892 edPison.

49 3924 65 3955 ι’·
80 3916 125 3979 39.)
147 3926 234 3976 Mansit
255 3945 285 3977 ea
303 3930 369 3977 ratio
392 3943 470 3989 usquo
490 3929 523 3972 ad
546 3926 574 3972 C.
594 3928 725 3973 Caesarem
743 3927 904 3983 dictatorem,
922 3928 965 3988 qui
987 3937 1037 3975 tres
1053 3929 1166 3974 decurias
1183 3928 1216 3972 ed

48 3995 96 4046 dtas
112 4008 212 4070 redegit,
230 4020 371 4060 renatorum
389 4018 413 4058 et
429 4011 552 4072 equitum
575 4010 686 4056 tribunos
703 4011 828 4067 aerarios,
848 4026 912 4072 quae
929 4021 983 4059 erut
1001 4013 1089 4067 tertie,
1111 4011 1214 4057 etututit.

50 4077 117 4133 (SM
133 4089 200 4142 Cres.
217 4095 277 4157 tt.)
311 4096 422 4142 Tertiam
444 4094 568 4141 decuriam
586 4107 620 4139 ex
639 4094 823 4140 centurionibus
840 4095 1007 4154 vilissimoque
1028 4109 1117 4154 genere
1135 4092 1215 4140 homi·
1245 4150 1250 4157 ι

46 4170 95 4209 Μ
110 4176 189 4228 itudo
212 4186 269 4239 port
287 4179 322 4224 M.
341 4177 461 4225 Antonius
479 4178 595 4235 legonus
613 4177 723 4233 addidit3
751 4193 816 4238 quae
839 4178 908 4224 brevi
930 4183 988 4235 post
1009 4177 1119 4222 iudicato
1145 4176 1216 4221 hoste

46 4237 144 4299 >Antonio
160 4271 236 4309 rursus
254 4263 351 4308 sublata
369 4266 418 4315 est,
436 4258 549 4306 restituta
567 4260 723 4312 hauddubie
741 4261 893 4308 tribunorum
911 4259 1065 4309 aerariorum
1083 4256 1214 4304 deouriu.“

51 4316 122 4379 Brenn
138 4337 198 4390 um
214 4346 344 4406 rumpant.
361 4344 408 4389 uu.
427 4341 451 4387 5.
470 4344 569 4403 erperae
589 4345 663 4390 troo.
682 4359 708 4402 p.
727 4344 783 4392 or..
