2850 4759
278 280 446 353 ursano
466 280 552 352 rso
576 278 614 349 a.
637 277 793 370 socna,
822 302 852 350 ο.
868 284 917 350 u.
1121 284 1181 349 rso

36 454 175 509 nostrum
196 441 321 511 Sullam
341 454 400 510 ant
424 440 830 515 Caecilium'rerebatnr?
861 462 973 511 nonne
992 442 1100 512 omnis
1123 441 1180 512 ille

38 558 147 625 terror,
169 546 277 612 omnis
302 546 477 613 seditionis
500 546 601 613 tinror
624 558 724 630 atque
748 547 859 630 opinio
880 568 924 613 ex
943 546 1098 614 Autronii
1117 547 1200 613 im··

34 649 185 729 probitate
202 647 394 732 perideone>
413 648 496 717 Eius
515 670 633 728 voces,
656 650 727 716 eius
747 649 855 717 minae
873 649 1086 730 serebantur3
1107 651 1179 719 eius

34 751 216 838 adspectus,
246 752 481 831 concursatio,
512 753 667 835 stipatio,
698 773 820 834 greges
837 752 1010 820 hominurn
1032 752 1182 836 perdito·

33 878 97 922 rum
117 868 245 923 nictum
265 858 361 924 nobis
383 853 630 940 seditionesque
651 856 844 926 afferebant.
884 836 1180 938 nascendum.

33 958 87 1026 hoo
104 961 391 1043 importunissimo
413 983 490 1027 curn
513 959 650 1027 lionoris
671 972 743 1026 tum
761 960 860 1026 etiam
875 957 1072 1027 calamitatis
1087 959 1180 1027 socio

33 1075 118 1146 atque
145 1065 270 1133 comite
295 1074 330 1130 et
354 1063 519 1132 secundas
547 1066 711 1132 fortunas
730 1064 884 1131 amittere
910 1075 1049 1130 coactus
1075 1073 1181 1132 estet

33 1168 59 1233 iu
77 1168 221 1237 adversis
242 1172 315 1236 sine
337 1166 405 1235 ullo
427 1166 577 1237 remedio
599 1180 698 1251 atque
720 1162 942 1237 allc'vamento
972 1187 1178 1250 permanere.

95 1271 222 1347 xxiv,
263 1268 328 1337 Hic
355 1281 390 1337 tu
425 1269 601 1354 epistolam
628 1293 739 1338 rneam
769 1291 869 1353 saepe
901 1272 1042 1348 recitas,
1077 1267 1238 1352 quamdi

34 1394 85 1452 ego
104 1374 143 1443 ad
165 1375 224 1442 Cn.
238 1376 437 1457 Pompeium
459 1375 603 1442 de'meis
625 1377 725 1441 rebus
747 1374 851 1455 gestis
872 1371 967 1440 etde
988 1386 1121 1440 sumana
1142 1393 1183 1440 re<

33 1475 147 1557 publica
170 1478 264 1557 misi,
290 1491 327 1544 et
348 1499 391 1544 ex
412 1496 451 1544 ea
473 1480 601 1545 crimen
622 1477 756 1561 aliquod
778 1479 811 1545 in
838 1479 874 1544 Ρ.
897 1475 1023 1545 Sullam
1046 1476 1179 1559 quaeris

35 1593 72 1658 et,
90 1583 117 1648 si
136 1581 288 1649 furorem
310 1580 538 1650 incredibilem
561 1582 690 1648 biennio
713 1593 790 1647 ante
811 1592 1012 1663 conceptum
1029 1580 1180 1662 erupisse

32 1683 58 1748 iu
76 1702 145 1752 meo
162 1682 345 1752 'consulatu
365 1685 502 1767 scripsi,
537 1707 592 1753 me
612 1684 678 1752 hoc
699 1683 950 1752 demonstrasse
971 1682 1069 1771 dicis,
1104 1681 1180 1750 Sul·

33 1783 86 1853 lam
111 1789 142 1853 in
168 1787 225 1854 illa
253 1788 358 1856 fuisse
384 1791 559 1871 superiore
587 1789 828 1857 coniuratione.
875 1784 1010 1854 Scilicet
1036 1787 1063 1854 is
1089 1808 1180 1864 sum,

34 1891 77 1971 qui
95 1892 303 1971 existimem,
339 1894 398 1961 Cn.
424 1887 595 1963 Pisonem
612 1905 645 1960 et
673 1891 851 1958 Catilinam
881 1901 915 1956 et
937 1889 1179 1971 Vargunteium

34 2003 59 2057 et
75 1995 273 2062 Autronium
300 1993 380 2061 nihil
406 1994 587 2075 scelerate,
620 1994 701 2063 nihil
729 1995 889 2063 audacter
910 1995 1001 2077 ipsos
1018 2004 1083 2077 'per
1103 2012 1180 2061 sese

33 2095 90 2163 sine
114 2099 150 2165 Ρ.
172 2096 267 2166 Sulla
294 2098 406 2165 lacere
433 2100 596 2181 potuisse.
639 2099 690 2165 De
718 2121 784 2182 quo
813 2097 912 2164 etiarn
934 2097 961 2164 si
984 2098 1057 2182 quis
1080 2096 1177 2163 dubi·
1199 2100 1239 2164 68

34 2207 121 2266 tasset
139 2214 254 2281 antea,
276 2221 371 2280 uum,
393 2200 426 2268 id
448 2203 538 2287 quod
560 2217 594 2270 tu
616 2203 749 2282 arguis,
772 2203 975 2282 cogitasset,
997 2200 1177 2269 interfecto

33 2312 111 2379 patre
137 2299 194 2372 t'uo
223 2303 363 2373 consule
390 2304 595 2374 descendere
615 2303 778 2374 Kalendis
800 2304 961 2371 Ianuariis
984 2325 1061 2369 cunr
1082 2302 1179 2371 licto·

33 2402 125 2479 ribus,
157 2405 433 2476 sustulistihanc
453 2413 700 2493 suspicionem,
735 2431 812 2475 cum
835 2408 967 2484 dixisti,
999 2406 1105 2486 hunc,
1140 2421 1180 2474 ut

35 2505 189 2578 Catilinam
212 2510 389 2579 consulem
410 2516 569 2592 efficeret,
598 2525 718 2581 contra
737 2525 866 2596 patrem
889 2525 983 2577 tuum
1006 2530 1127 2593 operas
1145 2506 1180 2577 et

34 2629 150 2678 nanum
167 2620 408 2696 comparasse.
460 2616 564 2707 Quod
590 2617 618 2685 si
649 2619 706 2685 tibi
733 2639 794 2698 ego
822 2615 1001 2692 confiteor,
1034 2626 1068 2681 tn
1098 2615 1179 2682 mihi

35 2715 179 2784 concedas
207 2737 348 2785 necesse
377 2731 429 2786 est
455 2718 562 2808 hunc,
604 2714 682 2787 c'um
727 2720 888 2787 Catilinae
921 2712 1205 2799 suffragaretur,

34 2813 99 2882 nihil
118 2818 157 2886 de
176 2842 241 2888 suo
263 2819 459 2903 consulatu,
481 2847 579 2908 quem
600 2825 724 2892 iudicio
747 2826 924 2902 arrriserat,
954 2824 1103 2907 pervim
1125 2843 1178 2888 re-

34 2925 206 3000 cuperando
230 2926 454 3005 cogitavisse:
487 2949 595 3012 neque
623 2931 711 2995 enim
734 2930 875 2995 istorum
889 2927 1084 3016 ‘facinorum
1106 2939 1178 2992 tan·

35 3029 145 3113 torum,
177 3040 247 3102 tam
275 3030 440 3099 atrocium
470 3032 617 3112 crimen,
648 3030 796 3112 iudices,
825 3034 864 3100 Ρ.
893 3029 1004 3100 Sullae
1030 3048 1179 3115 persona

35 3130 168 3212 suscipit.

34 3284 205 3308 Ἤ

87 3391 150 3454 tot.
173 3399 201 3442 rle
220 3408 310 3443 summa
332 3394 392 3457 repa]
416 3396 459 3452 Ρ..
489 3401 515 3444 ut
536 3397 599 3443 Cod,
622 3395 736 3443 Bovario.
754 3397 883 3440 desummo
901 3392 959 3453 reip.
976 3388 1175 3457 ἧψε-αἰεὶ]

35 3470 66 3520 Sic
81 3477 146 3526 Parc.
164 3481 255 3529 Gener.
274 3474 362 3542 Margo
381 3480 452 3527 Bern.
470 3486 493 3526 et
508 3482 546 3527 ubi
561 3479 633 3527 Bern.
652 3486 674 3527 et
690 3481 743 3539 quin
756 3480 837 3525 Palat.
855 3480 931 3541 quint.
948 3495 982 3526 ex
1000 3482 1092 3526 emend.
1125 3475 1176 3537 „Si

34 3554 71 3603 hoc
90 3564 182 3624 scripsi,
215 3567 281 3628 quod
303 3579 364 3612 nunc
387 3579 465 3626 neque
487 3579 551 3626 nego
574 3548 769 3628 neque-fatcor,
800 3565 857 3626 qnia
880 3565 939 3612 nihil
960 3566 1077 3612 attidem
1128 3565 1176 3612 Hie

35 3654 99 3692 tensus
114 3654 148 3716 ert
164 3651 219 3697 lect.
232 3652 310 3697 Codd.
323 3650 375 3705 ubi,
393 3651 432 3696 udi
442 3652 477 3707 si,
496 3653 564 3709 quio,
582 3654 635 3710 qui,
651 3665 735 3699 omnes
748 3656 801 3698 aunt
814 3651 976 3698 correctiones
992 3644 1176 3711 panimsnpe12

35 3732 157 3792 veranne,
178 3736 267 3797 partim
283 3737 368 3782 falsae.

87 3863 151 3927 568.
169 3870 288 3930 interfecto
299 3895 311 3906 ·
322 3869 333 3907 l
344 3866 488 3929 derceredm]
507 3876 533 3916 ui
548 3861 667 3930 interjecto
685 3872 834 3917 descerrderet.
851 3868 881 3920 Ρ.
980 3838 983 3839 ⁷

35 3999 206 4035 ’,ὓς-

88 4119 151 4181 ldl.
172 4128 212 4174 Gn.
228 4127 349 4190 Pisonem]
369 4127 420 4176 Sul.
439 4127 494 4174 Cat.
514 4128 553 4173 18.
570 4125 699 4172 adulescens
719 4124 816 4181 nobilio,
841 4133 939 4171 summae
953 4125 1073 4176 aurariae,
1100 4132 1174 4180 ομνια,

31 4196 139 4263 sactum,
162 4227 225 4271 quem
247 4215 278 4257 nd
292 4214 471 4270 permeantium
488 4227 536 4259 rem
549 4213 665 4270 publicam
684 4213 763 4268 inopia
779 4216 845 4269 atque
861 4211 918 4257 mult
933 4222 1008 4254 mores
1024 4207 1174 4251 stimularent.

36 4280 55 4327 ¹¹
69 4285 90 4333 in
107 4292 223 4354 Hispania
240 4298 354 4346 citeriore
373 4299 405 4345 ab
422 4297 541 4361 equitibus
562 4298 677 4358 Hispania
697 4295 791 4344 occisus
811 4303 854 4343 est.
889 4294 950 4340 lbid.
970 4307 991 4338 c.
1012 4290 1050 4335 19.
1065 4307 1098 4328 -ι
1119 4287 1174 4334 Kal.

36 4366 146 4436 Ianuariis]
171 4395 194 4428 a.
212 4397 234 4429 u.
252 4397 274 4428 c.
292 4384 352 4437 689.
485 4387 486 4390 ’
748 4364 754 4372 '

825 4486 864 4547 19
