2850 4759
346 256 433 325 PRO
455 256 499 322 Α.
523 252 741 334 CAECINA,
773 272 806 320 c.
827 253 846 317 2
868 265 905 322 et
921 257 951 322 3.
1198 258 1239 324 83

29 393 32 404 ¹
62 436 96 486 ae
115 413 282 498 simplici,
317 411 408 497 qnod
435 409 607 479 excellens
629 409 805 491 ingenium
824 410 1027 494 requiratur.
1070 411 1137 481 Sed
1158 436 1239 486 eum

60 518 98 585 de
124 540 169 585 eo
195 515 280 583 mihi
309 517 382 582 iure
402 511 590 581 dicendum
619 511 683 586 sit,
720 510 812 595 quod
841 514 1010 593 pertineat
1035 512 1079 580 ad
1100 536 1238 604 omnes,

61 619 150 703 quod
179 619 408 685 constitutum
436 616 481 682 sit
509 634 528 680 a
555 614 759 688 maioribus,
790 626 1031 681 conservatum
1058 636 1167 699 nsque
1195 617 1240 685 ad

60 720 127 793 hoe
147 732 305 809 temptans
332 740 399 801 quo
420 714 554 785 sublato
576 738 643 782 non
665 712 776 781 solum
798 734 878 796 pars
899 713 1011 793 aliqua
1030 717 1112 785 iuris
1133 718 1242 786 demi·

63 834 162 897 nuta,
194 820 254 899 sed
283 821 385 887 etiam
412 821 464 885 vis
493 838 548 890 ea,
582 835 669 898 quae
696 816 761 881 iuri
782 816 933 883 manime
953 828 1006 885 est
1026 816 1240 899 adversaria,

63 923 187 990 iudicio
215 921 418 988 confirmata
438 938 513 985 esse
535 916 709 996 videntum
744 916 844 984 video
866 919 993 987 summi
1013 919 1138 999 ingenii
1159 943 1241 989 cau·

65 1045 135 1093 sam
157 1044 249 1099 esse:
270 1045 357 1107 non,
379 1022 428 1088 uti
450 1020 723 1091 demonstretur,
745 1018 836 1100 quod
858 1031 936 1086 ante
952 1018 1071 1089 oculos
1090 1033 1157 1100 est,
1178 1023 1242 1092 sed

62 1148 116 1202 ne,
137 1125 168 1193 si
189 1125 264 1207 quis
285 1124 382 1191 vobis
404 1142 501 1189 error
520 1122 555 1188 in
576 1131 670 1188 tanta
684 1140 722 1186 re
735 1122 781 1186 sit
795 1121 967 1200 obiectus,
990 1143 1110 1190 ornnes
1124 1123 1241 1206 potius

62 1227 345 1294 neamitrennn
365 1244 505 1308 causae,
533 1243 635 1305 quarn
656 1242 720 1290 vos
742 1220 897 1303 religioni
918 1235 1054 1291 vestrae
1075 1223 1240 1293 defuisse.

63 1327 280 1419 Quamquam
301 1347 365 1405 ego
388 1324 469 1391 milri
491 1324 540 1392 sio
561 1323 769 1405 persuadeo,
790 1335 1069 1409 recuperatores,
1090 1348 1160 1394 non
1176 1335 1283 1400 vosd

62 1441 128 1497 tam
151 1440 295 1510 propter
315 1427 398 1494 iuris
420 1427 603 1494 obscuram
626 1424 833 1508 dubiamque
852 1427 1021 1493 rationem
1041 1426 1094 1494 bis
1114 1426 1181 1494 iam
1199 1424 1243 1495 de

63 1518 180 1597 eadem
208 1548 313 1595 cause
339 1526 532 1604 dubitasse,
564 1548 683 1611 quarn,
717 1525 810 1609 qnod
838 1525 975 1594 videtur
1002 1525 1045 1594 ad
1070 1548 1243 1598 summam

62 1628 149 1697 illius
173 1629 462 1697 existimationem
483 1627 549 1695 hoo
562 1627 725 1695 iudicium
740 1628 932 1710 pertinere,
954 1648 1086 1696 moram
1102 1627 1144 1695 ad
1160 1650 1245 1698 con-

63 1728 293 1798 demnandum
321 1731 530 1813 anquisisse‚
562 1728 663 1797 simul
692 1741 727 1796 et
747 1727 795 1794 illi
816 1729 964 1811 spatium
986 1726 1028 1795 ad
1050 1750 1126 1796 sese
1148 1729 1245 1800 colli·

62 1831 211 1913 gendum
227 1829 371 1900 dedisse.
414 1829 517 1920 Quod
533 1832 692 1912 quoniam
708 1831 775 1897 iarn
791 1830 825 1896 in
841 1831 1122 1898 consuetudinem
1138 1834 1244 1913 venit,

62 1947 94 2000 et
112 1933 149 2001 id
172 1933 234 1999 viri
256 1933 337 2010 boni
356 1933 462 1999 vestri
482 1931 610 1998 similes
625 1933 671 1998 in·
685 1930 868 1998 iudicando
888 1931 1037 2016 faciunt,
1058 1932 1246 2015 reprehen-

65 2034 214 2102 dendum
233 2036 384 2101 fortasse
405 2035 534 2110 minus,
560 2033 771 2116 querendum
793 2052 875 2099 vero
898 2033 1005 2120 magis
1027 2033 1130 2100 etiarn
1151 2033 1247 2102 vide·

64 2149 137 2216 turs
158 2134 235 2201 ideo
258 2134 347 2217 quod
370 2134 483 2201 omnia
506 2134 629 2201 iudicia
650 2144 710 2198 aut
730 2131 1026 2200 distrahendarum
1043 2148 1247 2204 eorrtrover·

68 2238 193 2302 siarum
218 2247 277 2302 nist
305 2234 553 2318 puniendorum
583 2232 830 2301 maleficiorum
859 2254 963 2302 eausa
991 2248 1129 2318 reperta
1148 2251 1245 2305 sunt:

66 2359 216 2421 quorum
234 2336 380 2403 alterurn
401 2335 510 2402 levius
533 2347 601 2412 est,
630 2345 812 2417 propterea
834 2333 927 2417 quod
954 2338 1121 2405 erminus
1142 2337 1248 2406 laedit

65 2452 98 2506 et
116 2460 283 2523 persaepe
304 2437 534 2520 disceptatore
555 2436 746 2504 domestico
767 2434 984 2505 diiudicatur:
1026 2437 1172 2506 alterum
1194 2453 1249 2509 ost

63 2541 424 2619 vehementissimum,
445 2539 538 2623 quod
559 2538 655 2606 etad
677 2538 856 2620 graviores
876 2559 932 2607 res
953 2539 1101 2622 pertinet
1121 2554 1157 2608 et
1176 2565 1249 2611 non

65 2641 289 2711 honorariam
317 2661 457 2722 operam
485 2640 603 2718 amici,
639 2637 699 2706 sed
727 2642 944 2708 severitatem
974 2642 1094 2710 indicis
1116 2665 1157 2712 ae
1177 2645 1248 2714 virn

62 2744 220 2828 requirit.
263 2742 366 2832 Quod
389 2755 441 2823 est
461 2742 598 2823 gravius
619 2753 655 2807 et
676 2743 773 2810 cuins
795 2743 845 2808 rei
866 2762 971 2810 eausa
993 2745 1143 2812 maxime
1163 2747 1291 2817 iudi-7

65 2847 114 2913 oia
136 2846 328 2913 constituta
349 2855 449 2924 sunt,
483 2840 519 2908 id
545 2843 612 2908 iam
642 2840 731 2909 mala
761 2844 1011 2912 consuetudine
1039 2847 1247 2916 dissolutum

65 2959 135 3026 ests
167 2967 268 3022 nam,
299 2956 339 3010 ut
366 2964 518 3039 quaeque
545 2964 600 3012 res
629 2956 683 3011 est
711 2944 922 3029 turpissima,
958 2948 1009 3012 sio
1036 2947 1187 3012 maxime
1213 2959 1250 3014 et

66 3047 299 3114 maturissime
319 3044 522 3112 vindicanda
552 3056 621 3111 est:
657 3055 692 3109 at
713 3043 849 3122 eadem,
885 3047 963 3128 quia
984 3046 1248 3116 existimationis

66 3147 259 3229 perieulum
281 3158 349 3222 est,
363 3177 365 3181 ⁷
379 3145 571 3213 tardissime
591 3145 774 3211 iudicatur.

144 3251 209 3315 111.
252 3248 321 3337 Qui
348 3247 451 3327 igitur
478 3239 659 3324 eonvenit,
699 3267 786 3329 quae
807 3267 911 3315 causa
932 3248 1037 3317 fuerit
1058 3249 1101 3318 ad
1123 3251 1250 3320 consti-

40 3349 234 3422 tuendum
264 3348 444 3424 iudicium,
484 3351 625 3415 eandem
657 3370 791 3415 moram
823 3370 900 3417 esse
929 3352 1251 3424 adiudicandum?

65 3450 102 3518 Si
124 3453 218 3535 quis,
242 3450 332 3532 quod
353 3449 557 3533 spopondit,
590 3473 655 3533 qua
677 3452 710 3517 in
732 3473 771 3527 re
791 3453 897 3521 verbo
919 3473 957 3520 se
978 3453 1141 3537 obligavit
1161 3479 1250 3538 uno,

137 3739 149 3801 i
170 3743 194 3786 6.
212 3739 350 3802 requisisse]
369 3741 519 3788 Gulielmius.
534 3730 573 3780 ‘-··
594 3745 704 3801 requisisse
722 3744 774 3790 Eri.
792 3771 826 3783 -
848 3745 972 3804 acquisisse
992 3745 1023 3792 0.

139 3845 150 3906 i
171 3847 194 3893 7.
212 3851 239 3891 at
257 3848 350 3901 eadem,
375 3845 441 3909 qnia]
461 3849 575 3895 Klotzius
590 3864 603 3894 e
621 3849 739 3910 Palimps.
756 3853 816 3896 orlrle
833 3830 912 3907 eodem
928 3854 985 3897 hose
1001 3856 1056 3912 quin
1074 3858 1252 3903 exstimationis

70 3935 127 3968 cnm
146 3925 241 3982 punctis
263 3927 360 3972 delendi
382 3942 454 3985 super
472 3927 519 3972 litt.
544 3931 572 3972 de
589 3937 615 3976 et
631 3934 675 3976 loc
692 3940 717 3979 et
736 3934 787 3980 Eri.
806 3939 832 3978 at
848 3937 1099 3993 redemptionem·
1113 3943 1139 3983 nt
1157 3954 1198 3991 eo,
1228 3940 1253 3982 r‘n

68 4021 116 4064 qun
134 4007 165 4052 0.
185 4031 219 4044 -
237 4022 261 4053 se
278 4010 394 4068 obligauit
410 4008 466 4071 urso]
484 4011 602 4071 Palimps.
620 4028 644 4058 se
662 4028 706 4059 nno
725 4014 842 4070 obligauit
864 4013 895 4060 0.
938 4016 1010 4068 Quod
1027 4017 1146 4077 Pslimps.
1164 4017 1252 4063 habet:

68 4103 93 4134 ss
111 4091 229 4148 odtignur't
245 4106 291 4137 uno
307 4094 342 4144 si,
360 4091 385 4137 id
402 4106 451 4139 non
468 4101 522 4141 eret
539 4096 736 4154 approbandum.
763 4097 817 4142 Scil.
837 4110 891 4142 enm
908 4103 996 4145 orator
1012 4113 1057 4157 per
1075 4101 1167 4144 uerbum
1185 4110 1253 4140 mrum

68 4175 116 4216 sut
133 4171 158 4213 ss'
180 4177 223 4217 aut
243 4174 270 4218 rn'
285 4171 459 4232 intellexisset,
485 4176 572 4237 quibus
594 4177 619 4223 in
642 4179 802 4238 sponsionum
825 4179 935 4226 formulis
958 4179 1101 4236 utebantur,
1130 4181 1254 4238 glossator

67 4253 89 4295 ss'
108 4251 245 4311 adscripsit.
