2850 4759
241 259 409 328 onnrro
430 258 517 329 rao
542 256 662 329 LEGE
681 258 898 349 tinnitu,
920 284 950 331 ο.
969 267 1000 335 a.
1153 206 1222 330 nr

62 423 173 503 excepit
202 418 469 502 diffidentemque
495 421 603 513 ‘rebus
634 423 705 488 suis
737 420 954 487 confirmavit
985 413 1025 486 et
1052 422 1211 491 afflictum

61 524 150 588 erexit
167 522 398 606 perclitumque
421 522 608 588 recrearite
646 522 743 588 cuius
766 522 800 588 in
821 542 966 601 regnum
987 534 1210 605 posteaquam

59 624 86 693 L.
104 620 251 690 Lucullus
273 644 351 693 rum
372 625 527 689 exercitu
549 621 660 697 venit,
688 621 804 704 plures
826 622 927 688 etiam
950 633 1068 702 gentes
1091 634 1213 691 eontra

59 726 273 806 imperatorem
308 736 466 792 nostrum
499 725 689 791 concitatae
717 734 810 789 sunt.
864 722 949 789 Erat
979 723 1066 789 enim
1099 736 1213 793 ineius

28 890 30 893 .
59 826 184 892 iniectus.
205 827 246 894 ii's
276 826 485 903 nationibus,
522 845 605 907 quas
645 845 831 906 nunquam
852 821 1001 906 populus
1036 824 1212 893 Romanus

58 945 147 1009 neque
165 925 379 997 lacessendas
400 924 488 993 bello
509 946 620 1008 neque
643 924 820 993 tentandas
840 926 989 1009 putarit3
1015 937 1090 991 erat
1111 925 1213 994 etiam

60 1025 109 1092 alis
125 1028 230 1107 gravis
252 1040 353 1110 atque
375 1027 557 1095 vehemens
580 1028 714 1113 opinio,
736 1048 823 1110 quae
837 1047 899 1109 per
912 1027 1045 1095 animos
1061 1028 1213 1107 gentium

60 1127 253 1197 barbararum
280 1141 496 1212 pervaserat,
526 1129 597 1195 fani
623 1128 884 1211 locupletissimi
911 1140 946 1195 et
966 1127 1214 1208 religiosissimi

59 1226 211 1311 diripiendi
237 1251 342 1299 eausa
368 1233 402 1298 in
431 1251 487 1297 eas
516 1251 595 1298 oras
615 1244 772 1298 nostrum
796 1251 872 1298 esse
894 1231 1084 1297 exercitum
1107 1228 1215 1296 addu-

58 1341 145 1398 ctum.
183 1333 233 1401 ita
247 1333 410 1400 -nationes
433 1331 561 1399 multae
580 1343 682 1416 atque
704 1352 856 1413 magnae
869 1353 959 1400 novo
983 1332 1131 1415 quodam
1148 1343 1216 1399 ter·

57 1451 120 1496 rore
132 1453 168 1499 ac
181 1428 282 1500 metu
291 1434 564 1500 concitabantur.
590 1433 727 1509 ¹Noster
742 1444 857 1500 autem
873 1434 1064 1520 exercitus,
1080 1432 1216 1501 tametsi

57 1531 154 1601 uidem
190 1556 234 1602 ex
271 1534 411 1615 Tigrani
439 1554 548 1614 regno
577 1545 717 1615 ceperat
745 1547 780 1601 et
800 1534 939 1617 proeliis
963 1556 1046 1603 usus
1067 1546 1216 1612 erutae·

57 1631 172 1712 caudis,
194 1647 310 1703 tamen
331 1635 434 1701 nimia
454 1633 702 1718 longinquitate
723 1635 880 1703 locorum
897 1657 938 1703 aa
952 1635 1120 1706 desiderio
1136 1658 1216 1704 suo·

56 1751 116 1799 rum
134 1738 426 1803 commovebatur.
473 1736 538 1803 Hic
559 1736 625 1803 iam
648 1735 745 1818 plura
767 1761 835 1804 non
858 1737 984 1805 dicam.
1026 1737 1104 1804 Fuit
1126 1740 1216 1807 euim
1239 1742 1278 1804 td

57 1830 124 1900 illud
143 1850 354 1917 extremum,
385 1848 424 1904 ut
450 1857 494 1904 ex
520 1838 560 1907 iia
588 1837 674 1905 locis
702 1837 905 1906 amilitibus
932 1840 1060 1908 nostris
1087 1838 1217 1908 reditus

58 1937 146 2016 magis
166 1953 321 2007 maturus
343 1961 444 2022 quam
467 1943 642 2023 processio
665 1939 800 2020 longior
821 1952 1058 2022 quaereretur:
1081 1940 1219 2008 Mithri·

59 2033 136 2105 dates
161 2055 275 2108 autem
303 2053 337 2108 et
363 2062 460 2116 suam
491 2065 628 2131 manum
656 2043 724 2107 iam
754 2041 976 2107 confirmarat
1012 2041 1059 2121 [et
1081 2063 1216 2121 eorum,

59 2139 103 2217 qni
120 2161 152 2207 se
172 2164 213 2209 cx
235 2144 345 2226 ipsius
366 2165 473 2223 regno
496 2140 720 2225 collegerant]
743 2154 777 2209 et
798 2143 930 2221 magnis
946 2133 1140 2209 adventitiis
1157 2165 1218 2211 au·

59 2237 131 2307 xiliis
158 2232 348 2313 multorum
379 2262 499 2323 regum
532 2254 565 2308 et
596 2244 773 2308 nationum
805 2245 998 2309 iurabatur.
1047 2242 1120 2308 lam
1152 2242 1219 2308 lroc

57 2339 114 2407 l'ere
132 2346 176 2411 sic
195 2347 273 2412 fieri
294 2345 406 2412 solere
428 2344 662 2426 accepimus„
677 2355 716 2409 ut
742 2364 866 2423 regum
894 2343 1034 2409 afflictae
1061 2343 1219 2408 fortunae
1240 2368 1248 2387 ⁴

57 2439 139 2509 facilc
157 2447 344 2514 nutritorum
366 2468 448 2528 opes
464 2446 613 2512 alliciant
632 2444 673 2511 ad
690 2443 980 2523 miscricordiam,
1002 2446 1220 2526 maximeque

56 2560 173 2633 eorum,
195 2552 252 2631 qui
277 2562 336 2616 aut
357 2569 456 2630 reges
478 2560 557 2615 sunt
580 2559 641 2613 aut
663 2548 783 2613 vivunt
804 2548 838 2612 in
859 2568 982 2628 regno:
1004 2559 1043 2614 ut
1067 2546 1131 2631 [iis]
1155 2570 1219 2614 no-

57 2659 230 2682 Μ

108 2749 119 2811 l
140 2752 181 2800 24.
198 2752 252 2813 fnit
270 2754 347 2799 uicem
364 2753 424 2799 illud
441 2751 471 2797 P.
488 2775 522 2817 7·
542 2752 629 2799 smtrr's
645 2752 745 2795 recensio
762 2753 890 2806 oratorios,
916 2763 985 2812 quam
998 2757 1120 2811 masio
1137 2754 1175 2801 Ρ,-.
1186 2778 1222 2796 .-

56 2835 223 2898 ttmrmnum]
252 2836 365 2892 „Sensus
386 2834 517 2899 impeditus
539 2840 583 2881 est.
625 2833 689 2887 Quid
707 2833 771 2880 enim
788 2833 902 2881 differunt
918 2849 960 2882 sira
977 2850 1058 2882 monus
1076 2845 1101 2884 et
1118 2840 1154 2891 u,
1182 2842 1222 2899 qai

55 2926 73 2956 te
86 2930 111 2961 ss
130 2921 176 2964 eius
192 2934 270 2979 regno
288 2919 447 2975 collegerant?
480 2918 553 2963 Liber
570 2930 636 2961 meus
654 2916 729 2963 habet
750 2930 816 2961 suum
834 2919 936 2962 animum
953 2932 1001 2977 pro
1018 2934 1083 2964 suam
1099 2921 1221 2964 mam.“

56 2993 123 3053 (doni.
148 3002 208 3051 haec
233 3010 387 3050 memoratur
410 3001 460 3048 ianr
483 3001 516 3046 ab
539 2997 639 3057 Sylvius
667 2997 692 3043 in
719 3000 869 3058 eandemque
887 2999 972 3046 incidit
990 3001 1064 3047 etiarn
1081 3000 1221 3062 Graevius).

54 3075 128 3129 „Suum
143 3085 245 3129 animum
263 3083 358 3142 optime
375 3084 481 3142 quadrat
498 3082 530 3127 ad
547 3080 673 3126 sensum.“
707 3078 908 3128 Nueauaauoma
922 3083 947 3139 in
960 3083 1049 3142 Progr.
1068 3084 1221 3142 Campodun.

57 3147 117 3209 luit.
133 3181 157 3224 p.
170 3167 194 3213 5.
228 3167 322 3213 Verum
339 3165 408 3211 nutris
425 3164 545 3213 dissoluta
563 3160 718 3217 essentiam,
744 3169 868 3224 putoque,
886 3165 907 3211 si
924 3166 972 3213 lroc
989 3167 1107 3214 voluisset
1120 3166 1221 3221 Cicero,

54 3242 110 3292 allud
124 3261 210 3296 nomen
219 3247 398 3297 substantivum
411 3238 482 3295 voec.
495 3250 606 3290 eteorum
617 3245 754 3290 additurum
766 3245 847 3292 fuisse.
874 3249 966 3296 Etaute
977 3264 1087 3297 morum
1106 3246 1138 3312 []
1158 3249 1223 3305 Mut-

54 3324 116 3374 iliae.
149 3332 227 3378 Recte
245 3332 363 3378 refutavit
379 3332 445 3377 idern
462 3329 626 3388 Niirnberger.
674 3327 799 3375 laureum
818 3329 880 3377 Cod.
898 3332 1011 3391 Hittorp.
1029 3332 1120 3380 lrabeat
1137 3332 1223 3390 confir·

53 3415 118 3455 morat
138 3398 217 3460 lorum
242 3429 329 3472 opero,
356 3415 397 3472 qui
413 3406 445 3458 orl
460 3425 511 3456 eum
528 3426 558 3456 αα
576 3413 648 3468 ipsius
665 3424 739 3468 reguo
757 3420 931 3469 concesserant,
954 3417 1058 3475 volgata
1075 3423 1157 3462 autem
1173 3429 1223 3461 nou

53 3491 92 3539 aiii
113 3497 243 3545 admodum
266 3503 381 3544 contorte
405 3494 529 3558 explicari
552 3493 643 3554 possit:
673 3502 720 3549 „et
743 3510 802 3553 eos,
826 3510 888 3557 qnos
911 3504 969 3544 ante
991 3513 1072 3545 secum
1090 3500 1224 3552 habuerat,

53 3578 74 3616 el
86 3589 135 3633 aus,
156 3581 198 3640 qui
221 3582 304 3626 denuo
321 3594 347 3629 aa
368 3581 400 3624 ad
420 3592 474 3624 eum
491 3577 654 3623 adiunxerant
665 3577 694 3628 ‚⁶⁴
711 3579 823 3624 concedo
841 3577 865 3623 in
876 3577 994 3625 Beneclffl
1007 3579 1224 3638 sententiam‚,qui

52 3656 159 3716 duplicem
176 3663 398 3722 interpolationem
415 3660 673 3708 Ciceroni'obtrusam
690 3673 743 3707 esse
761 3658 902 3711 arbitratur.
946 3660 1126 3719 latissima,
1150 3675 1225 3721 qnam

52 3739 151 3791 meliores
174 3746 233 3792 iibri
257 3746 391 3804 praebent,
419 3743 527 3804 praetuli
544 3756 600 3791 eum
615 3742 646 3787 P.
670 3746 695 3786 et
712 3739 826 3798 Hittorp.
843 3741 918 3796 ipsius
934 3753 983 3798 pro
1000 3743 1049 3786 eius
1064 3741 1096 3786 Ε.
1114 3741 1172 3786 Ern.
1191 3762 1226 3777 -

51 3843 233 3865 ’.ῆι-...-

52 3933 231 3996 Καππαδοκίας
247 3935 359 4004 topatiis
374 3940 397 3996 dc
409 3933 535 4004 Κόμασα,
552 3930 639 4000 κώμην
656 3926 705 3984 ὕπὸ
724 3931 758 3998 τῷ
769 3929 929 4002 Μιθριδάτῃ
939 3936 1070 4000 μεγίστην,
1089 3931 1225 4001 σεβάσμιον

51 4011 169 4080 ἱερὸνκαὶ
184 4013 311 4072 πλούσιον
329 4023 437 4084 ἔχουσαν
452 4015 594 4075 --εὗθέως
611 4006 750 4080 ἐλεηλάτει·
775 4019 820 4066 καὶ
837 4012 896 4067 ouidi
917 4015 967 4073 ,τῶν
992 4017 1065 4085 ἱερῶν
1088 4012 1226 4086 χρημάτων
1248 4047 1250 4050 -

52 4085 216 4162 ιῖασσχόμεαος
236 4099 365 4167 ἐχείμαζεν
381 4103 406 4148 dr
425 4100 611 4163 Καππαδοκίᾳ.
633 4124 664 4139 ·-
689 4099 778 4161 στῦσαι]
795 4100 976 4160 Tigranocerta
993 4108 1069 4160 caput
1087 4100 1225 4147 Armeniae.
1271 4103 1276 4107 ’

107 4179 178 4241 tat.
196 4180 299 4246 reditus]
326 4184 447 4237 Quantum
470 4191 566 4244 potest,
599 4182 701 4228 militum
724 4183 868 4231 seditionem
893 4186 1005 4231 oratorie
1030 4189 1156 4231 extenuat.
1180 4166 1244 4226 c'irs

51 4257 102 4319 adt
120 4262 158 4308 to.
