2850 4759
228 267 465 344 omarouts
491 273 661 345 omitto
686 275 773 345 ruo
798 276 836 346 r.
863 221 1013 349 suita.
1153 277 1212 346 rso
1292 271 1297 294 ’·

108 433 174 503 Sed
197 455 277 502 ecoe
297 434 340 502 ad
362 456 417 503 me
437 436 618 519 emptionis
633 437 706 504 iure
721 439 893 521 pervenit:
916 436 971 505 M.
991 435 1103 505 Tullii
1117 435 1213 507 Cice.

37 540 134 606 runis
156 536 376 606 orationum
396 537 496 608 Pars
509 539 560 632 Il.
603 539 693 609 Cum
706 541 987 609 correctionibus
1001 538 1112 608 Pauli
1126 542 1213 609 Ma·

36 644 138 709 nutri.
172 641 312 728 Aldus.
333 642 370 711 V
367 645 494 712 aretiis
505 647 595 711 itast.
609 647 657 719 8.,
681 646 777 713 cuius
799 646 944 726 margini
965 646 1111 728 Levinus
1125 646 1213 714 Tor·

37 749 189 827 tentius,
221 748 508 832 Arohiepisoopus
542 748 742 818 Brabantiae
776 750 810 817 in
844 748 991 818 eeclesia
1021 748 1211 829 Leodiensi,

37 850 173 922 illustris
188 851 323 919 Homtii
340 837 470 930 editor,
498 853 609 920 varias
631 851 793 938 lectiones
815 874 860 920 ex
880 853 987 921 Codd.
1009 853 1214 923 Monasterii

37 956 209 1023 Parcensis
236 957 403 1040 ascripsit.
445 956 490 1025 Et
516 955 713 1034 inRSullaua
741 957 876 1042 quidem
907 957 992 1025 duos
1020 958 1213 1038 consuluit3
1302 995 1304 1002 t

36 1048 134 1126 unum
158 1060 410 1142 antiquiorem,
425 1072 463 1127 ut
484 1062 622 1144 opinor,
651 1074 744 1129 certe
766 1061 942 1130 meliorem
964 1061 1047 1130 satis
1069 1061 1211 1142 diligen·

39 1176 83 1229 ter
103 1165 275 1242 excussit;
296 1162 439 1232 alterum
463 1166 572 1232 rarius
595 1166 889 1234 commemoravit.
911 1164 990 1241 (cfr.
1015 1165 1083 1246 §63
1098 1166 1213 1243 otoo.)

36 1267 70 1335 ln
90 1267 141 1335 his
168 1280 284 1335 autem
314 1267 515 1337 lectionibus
542 1268 784 1351 Stephanianas
811 1279 919 1352 prope
941 1290 1061 1336 onmes
1087 1270 1212 1348 inveni,

39 1370 115 1438 adeo
137 1384 176 1439 ut
192 1372 321 1441 summi
343 1372 406 1437 viri
421 1373 543 1441 Manes
564 1396 582 1439 a
603 1394 657 1439 me
678 1385 820 1455 propter
841 1374 978 1441 nimiam
996 1371 1212 1440 diffidentiam

39 1475 218 1561 anquando
234 1474 334 1554 laesi,
357 1479 493 1566 iamlam
516 1478 650 1546 sincera
670 1478 798 1544 erroris
820 1477 1036 1545 consessione
1057 1476 1213 1561 placandi

39 1582 110 1669 sint.
152 1580 315 1648 Diversus
332 1592 444 1676 tamen
459 1581 524 1647 suit
541 1581 717 1649 Parcensis
735 1578 853 1648 Codex
869 1581 931 1658 (P.)
947 1579 1213 1664 astephantanp.

108 1684 182 1752 Iam
211 1705 289 1751 cum
317 1686 508 1752 accuratius
539 1684 700 1751 iudicium
729 1683 770 1752 de
793 1696 864 1753 tota
885 1683 949 1770 hac
971 1683 1099 1752 familia
1121 1686 1213 1751 ferre

41 1785 147 1867 liceat,
180 1789 212 1856 in
242 1809 281 1854 ea
309 1788 478 1871 permulta
506 1790 642 1871 egregia
670 1788 768 1856 nobis
796 1800 930 1857 servata
958 1809 1034 1856 esse
1064 1790 1212 1871 repperi,

42 1892 92 1958 sed
118 1913 236 1975 parem
263 1909 370 1975 prope
397 1891 431 1959 in
460 1914 499 1960 eo
528 1891 670 1959 inveniri
692 1911 874 1958 nurnerum
895 1892 1211 1973 interpolationum,

42 1997 159 2064 eteius
178 1985 315 2079 quidem
337 1996 489 2076 generis,
515 2007 555 2061 ut
576 1996 713 2063 attribui
735 1995 795 2062 vix
815 2006 939 2079 queant
959 1994 1089 2062 mediae
1103 2018 1212 2078 *quam

43 2098 150 2170 dicunt
170 2101 290 2179 aetati,
313 2099 373 2167 sed
393 2100 571 2182 profectae
590 2099 705 2180 potius
727 2100 795 2165 sint
816 2120 835 2165 a
854 2100 1079 2179 grammatico
1100 2100 1212 2184 atiquo
1301 2109 1305 2120 ’

42 2202 207 2279 Gallicano
237 2201 344 2271 seculi
374 2215 454 2286 post
483 2201 656 2269 Christum
684 2214 803 2269 natum
825 2202 932 2286 quinti
955 2202 1008 2270 vel
1030 2205 1139 2283 sexti,
1171 2206 1234 2270 ab'

43 2304 170 2374 homine
195 2308 317 2388 igitur,
349 2309 425 2390 qui,
457 2307 507 2372 uti
534 2305 619 2372 atius
648 2304 801 2371 eiusdem
830 2306 954 2385 ingenii
980 2306 1014 2371 in
1051 2307 1211 2387 Oratore,

44 2411 135 2478 animi
162 2432 266 2481 oausa
292 2432 372 2479 suas
398 2412 541 2493 ineptias
563 2408 676 2478 Tuttio
697 2410 862 2487 obtrusit,
897 2409 969 2477 fato
992 2422 1103 2480 tamen
1126 2434 1212 2495 quo·

45 2511 112 2582 dam
139 2528 297 2595 coaetus,
329 2527 386 2603 ut,
416 2516 494 2599 quia
523 2536 606 2583 casu
633 2526 755 2581 nactus
784 2525 858 2581 erat
877 2516 1212 2596 praestantissimum

46 2619 248 2703 exemplum,
271 2618 379 2687 multa
400 2618 499 2700 louge
521 2619 703 2700 integriora
720 2618 816 2685 nobis
831 2630 1003 2704 servaret,
1027 2641 1125 2700 quam
1143 2629 1211 2686 nou

46 2720 145 2791 diram
166 2723 323 2804 volgares
345 2722 438 2803 iibri,
469 2722 529 2790 sed
551 2724 652 2791 etiam
672 2720 904 2802 Erfurteusis,
935 2735 1101 2805 quatenus
1122 2721 1213 2789 soili-

47 2839 95 2892 cet
111 2826 164 2893 hio
184 2828 282 2895 nobis
303 2828 461 2897 innotuit.
1114 2818 1117 2820 i

110 2932 232 3020 Restat
253 2932 389 3016 tertium
411 2951 518 3013 genus
535 2929 700 2998 Codicum
717 2924 947 3007 deteriorum,
969 2929 1089 3010 quibus
1105 2950 1213 2997 annu-

48 3034 188 3102 merandi
209 3047 289 3102 suut
309 3035 520 3105 Oxonieuses
543 3056 679 3110 omues,
702 3034 882 3101 Beruensis
902 3033 1025 3099 Naso.
1049 3033 1123 3101 Sec.
1136 3032 1214 3105 XV.

48 3136 178 3207 collatus
201 3137 344 3206 mihi-ab
366 3135 736 3222 Usterioatqueidem
758 3136 906 3204 sortasse
927 3158 1007 3203 cum
1028 3157 1086 3212 eo,
1116 3137 1212 3204 cuius

49 3254 197 3325 ,excerpta
226 3239 318 3308 dedit
353 3239 496 3312 Carolus
530 3238 740 3322 Stephanus,
777 3253 873 3307 certo
904 3241 975 3307 eius
1008 3238 1212 3319 simillimus,

50 3341 267 3436 Genevensis,
288 3347 384 3436 cuius
400 3343 562 3411 lectiones
575 3344 612 3411 V.
624 3346 662 3411 C.
673 3346 708 3411 L.
721 3344 894 3424 Vauolmr,
915 3343 1214 3427 professorGene·

50 3450 184 3544 vensis,
199 3457 332 3516 mecum
354 3449 631 3516 communicavit.
673 3449 728 3516 Ex
752 3447 946 3516 huiusmodi
969 3447 1076 3514 Codd.
1100 3449 1212 3515 omnis

51 3538 171 3628 generis
197 3555 387 3629 erroribus,
428 3554 684 3632 otnissionibuS,
727 3552 1046 3636 transpositionibus
1074 3553 1209 3639 refertis

52 3656 165 3732 prodiit
192 3643 456 3737 tectto'votgata
482 3655 677 3725 Editionum
708 3671 785 3727 ante
813 3657 1000 3724 Gruterum
1037 3667 1071 3722 et
1106 3654 1212 3724 Grae·

53 3758 156 3841 vium,
191 3764 246 3846 qui
276 3760 437 3830 nonnulla
464 3782 483 3827 e
514 3760 707 3830 melioribus
730 3760 823 3832 libris
852 3770 1090 3829 correxerunt.
