2850 4759
196 251 420 322 accusat.
442 250 490 320 lN
512 250 550 321 C.
574 249 765 320 VERREM
786 248 867 318 LlB.
891 249 955 332 IV,
977 271 1008 323 c.
1027 252 1079 320 27.
1188 252 1226 315 35

49 432 152 497 nuper
175 411 302 478 titisse:
341 410 398 493 qui
432 419 594 477 venerant
628 431 697 476 nou
733 403 883 492 propter
910 409 1027 492 Syriae
1061 396 1227 491 legumus

48 539 121 583 nam
144 513 179 581 id
204 514 278 581 sine
298 513 535 582 controversia
559 512 773 588 obtinebant,
795 522 873 577 uta
899 522 995 593 patre
1019 523 1054 579 ct
1078 534 1097 579 a
1120 516 1225 581 maio·

49 620 137 686 ribus
156 625 377 699 acceperant:
398 611 459 681 sed
484 632 629 693 regnum
651 613 799 695 Aegypti
820 612 863 679 ad
884 633 921 680 se
944 625 980 680 et
1007 611 1050 680 ad
1071 614 1226 702 Selenen,

51 732 193 787 matrem
214 738 331 794 suam,
354 716 524 798 pertinere
548 716 810 787 arbitrabantur.
851 715 894 781 lii
919 716 982 797 ipsi
1002 730 1227 801 posteaquam

54 820 261 903 teniporibus
290 818 338 886 rei
378 817 533 900 publicae
567 816 699 885 exclusi
735 839 796 900 per
822 829 979 888 senatum
1011 838 1112 899 agere
1142 837 1229 902 quae
1302 861 1307 872 =

56 920 230 991 voluerant
261 943 330 988 nou
364 931 565 1002 potuerunt,
592 911 634 986 in
654 919 806 1000 Syriam,
839 923 873 987 in
909 923 1229 1004 regnumpatrinm

54 1022 195 1105 profecti
222 1035 314 1091 sunt.
367 1022 497 1091 Eorum
529 1021 634 1100 alter,
665 1022 723 1105 qui
746 1021 938 1091 Antiochus
971 1035 1130 1107 vocatur,
1166 1025 1230 1091 iter

52 1147 111 1208 per
132 1123 283 1193 Siciliam
303 1125 423 1209 *facere
444 1122 564 1194 voluit.
602 1123 721 1207 ltaque
742 1125 809 1193 isto
829 1138 989 1208 praetore
1013 1127 1107 1193 veuit
1130 1127 1232 1209 Syra·

53 1247 160 1294 cusas.
206 1227 269 1294 llic
289 1226 430 1298 Verres
449 1225 673 1296 hereditatem
701 1228 764 1298 sibi
796 1228 931 1295 venisse
957 1228 1140 1296 arbitratus
1170 1240 1232 1308 est,
1251 1245 1291 1310 aa

55 1329 142 1418 qnod
166 1330 202 1395 in
226 1328 299 1397 eius
328 1349 472 1411 reguum
502 1349 543 1396 nc
569 1347 691 1395 manus
720 1341 862 1396 venerat
893 1330 941 1410 is,
977 1350 1078 1412 quem
1107 1331 1171 1398 iste
1195 1342 1234 1422 ‘et

57 1430 208 1498 audierat
242 1430 349 1499 multa
375 1420 496 1499 seeum
526 1427 701 1514 praeclara
734 1430 877 1511 habere,
919 1443 952 1498 et
983 1434 1231 1515 suspicabatur.

55 1533 162 1601 Mittit
177 1534 307 1601 homini
322 1554 465 1602 munera
479 1534 561 1603 satis
578 1534 685 1615 large,
708 1532 793 1602 baec
808 1533 851 1601 ad
865 1555 965 1602 usum
981 1533 1229 1612 domesticum:

57 1624 147 1715 olei.
164 1635 250 1713 vini,
281 1635 373 1719 quod
404 1636 516 1704 visum
543 1647 611 1705 est:
643 1638 746 1704 etiam
775 1636 878 1703 tritici
900 1635 993 1721 quod
1014 1638 1097 1706 satis
1124 1649 1232 1715 esset,

56 1736 97 1812 de
113 1740 187 1806 suis
210 1735 376 1808 decumis.
417 1737 547 1805 Deinde
571 1742 682 1823 ipsum
705 1760 822 1821 regem
845 1738 887 1806 ad
912 1741 1231 1807 coenam'vocavit:
1339 1753 1341 1758 ’

57 1852 201 1909 exornat
221 1839 333 1924 ample
358 1840 607 1925 magnificeque
632 1839 833 1909 triclinium:
863 1843 1005 1924 exponit
1022 1862 1078 1923 ea,
1113 1843 1235 1923 quibus
1280 1847 1284 1854 '

59 1941 268 2031 abundabat,
302 1941 449 2025 plurima
477 1955 513 2010 et
545 1942 776 2026 pulcherrima
802 1962 884 2010 vasa
920 1954 1098 2023 argentea:
1136 1944 1234 2021 (narn

59 2042 139 2113 haec
160 2063 263 2113 aurea
287 2044 441 2114 nondum
465 2043 636 2125 fecerati)
675 2045 833 2112 omuibus
863 2057 962 2112 curat
985 2046 1087 2113 rebus
1110 2044 1237 2113 instru-

60 2158 150 2214 ctum
179 2160 213 2214 et
237 2159 393 2229 paratum
421 2160 461 2215 ut
483 2150 529 2217 sit
556 2149 766 2216 corrvivium.
809 2144 902 2237 Quid
925 2146 1060 2215 multa?
1092 2149 1166 2215 Rex
1188 2150 1237 2216 ita

62 2247 236 2327 discessit,
277 2261 315 2317 ut
349 2261 385 2317 et
412 2251 516 2319 istum
547 2253 686 2337 copiose
719 2261 879 2317 ornatum
910 2261 946 2315 et
973 2269 1012 2315 se
1047 2246 1236 2318 honorilice

59 2353 494 2435 acceptumarbitraretur.
535 2353 648 2421 Vocat
668 2352 710 2419 ad
734 2371 876 2418 coenam
902 2348 1024 2417 deinde
1043 2352 1117 2434 ipse
1139 2371 1242 2434 prae·-

60 2449 185 2521 toren'rz
207 2457 351 2538 exponit
371 2476 451 2525 suas
472 2456 590 2539 copias
611 2475 750 2533 omnes,
774 2451 920 2523 multum
945 2466 1145 2535 argentum,
1168 2476 1237 2523 non
1343 2507 1349 2522 «.

59 2578 166 2639 pauca
190 2560 294 2630 etiam
319 2558 441 2643 pocula
468 2580 513 2627 cx
537 2580 638 2637 auro,
674 2578 779 2641 quae,
813 2568 853 2624 ut
878 2578 955 2626 mos
983 2568 1036 2626 est
1064 2559 1179 2641 regius
1204 2569 1239 2626 et

61 2660 208 2730 maxime
230 2660 264 2728 iu
286 2661 402 2752 Syria,
423 2662 569 2744 gemmis
594 2669 693 2729 erant
717 2645 878 2730 distincla
900 2659 1112 2730 clarissimis.
1154 2661 1240 2729 Erat

60 2761 160 2830 etiarn
185 2779 248 2831 vas
271 2764 439 2832 vinarium
462 2785 507 2832 ex
528 2786 595 2833 una
617 2783 754 2845 gemma
774 2761 977 2845 pergrandi,
1013 2761 1115 2830 trulla
1136 2783 1245 2829 exea·-

62 2876 155 2950 πω,
178 2866 359 2935 manubrio
384 2887 511 2945 aureo,
533 2865 575 2932 de
601 2886 668 2948 qua
687 2865 791 2944 satis,
812 2864 934 2944 credo,
955 2864 1135 2941 idoneum,
1156 2864 1240 2931 satis

62 2987 200 3045 gravem
230 2978 368 3048 testem,
401 2970 444 3061 Q.
469 2966 658 3036 Minucium
686 2966 799 3032 dicere
828 2964 984 3033 audistis.
1025 2967 1094 3034 iste
1118 2987 1241 3032 unum·
1260 2987 1302 3051 ω

63 3068 220 3156 quodque
237 3090 298 3138 ras
321 3070 499 3149 insulanus
521 3089 677 3147 sumere,
704 3065 862 3145 laudare,
893 3067 1022 3135 mirari.
1063 3069 1140 3137 Rex
1157 3089 1242 3149 gau·

63 3168 166 3260 dere,
199 3173 360 3256 praetori
384 3172 503 3256 populi
534 3171 679 3241 Romani
704 3170 788 3238 satis
819 3167 1006 3239 iucundum
1038 3182 1073 3238 et
1104 3181 1242 3252 gratum

64 3270 146 3341 illud
161 3295 238 3343 csse
256 3275 465 3342 convivium.
505 3274 734 3358 Posteaquam
753 3271 833 3342 inde
849 3271 1039 3343 discessum
1055 3285 1126 3351 est,
1148 3275 1244 3356 cogi-

67 3386 140 3443 tare
160 3375 243 3444 nibil
270 3378 336 3444 iste
356 3376 447 3444 aliud
471 3376 582 3461 (quod
606 3380 680 3460 ipsa
703 3396 758 3445 res
783 3372 988 3455 declaravit)
1014 3376 1096 3453 nisi,
1122 3396 1244 3458 quem-

65 3474 248 3548 admodum
281 3499 398 3560 regem
430 3499 474 3545 ex
501 3480 679 3562 provincia
707 3477 894 3562 spoliatum
917 3475 1172 3561 expilatumque
1195 3476 1244 3544 di·

66 3580 224 3651 mitteret
265 3583 376 3650 Mittit
401 3593 559 3662 rogatum
582 3602 664 3648 vasa
688 3601 748 3659 ea,
783 3601 871 3663 quae
899 3578 1131 3663 pulcherrima
1153 3579 1246 3674 apud

66 3702 146 3750 eum
161 3683 308 3752 viderat:
331 3686 377 3751 ait
402 3705 439 3751 se
458 3684 528 3752 suis
558 3682 785 3754 caelatoribus
810 3682 896 3749 vellc
921 3681 1115 3750 ostendere.
1157 3683 1245 3760 Rex,

68 3786 128 3865 qui
150 3786 242 3856 illum
265 3805 333 3855 non
354 3798 487 3864 nosset,
507 3786 580 3854 sine
596 3784 664 3853 ulla
684 3786 879 3868 suspicione
897 3784 1118 3854 libentissime
1139 3783 1244 3852 dedit.

140 4050 206 4112 lca.
235 4051 307 4117 baec]
331 4056 506 4116 (praesciant,
534 4053 657 4115 volgaria.
676 4080 708 4111 7-
727 4053 861 4116 marrnbrio]
889 4056 949 4115 lieg.
976 4056 1043 4101 Loid.
1087 4054 1170 4115 Volgo
1197 4069 1247 4098 cnm

72 4136 207 4193 manubrio,
235 4138 260 4185 id
278 4141 344 4200 quod
363 4138 471 4185 defendit
487 4139 560 4185 Hand
578 4140 648 4186 Turs.
666 4140 691 4184 2.
710 4154 736 4198 p.
757 4137 814 4184 tlt.
850 4139 967 4201 Equidem
985 4137 1247 4199 nonnumquam,

74 4222 143 4263 certe
159 4233 204 4267 non
222 4221 383 4269 Ciceroniana
401 4222 436 4269 ita
454 4222 502 4269 dici
520 4236 608 4271 censeo
627 4224 658 4270 dc
675 4235 714 4280 re,
736 4236 801 4285 quae
818 4237 868 4271 nou
885 4223 960 4269 oliam
978 4227 1052 4269 extre
1069 4219 1154 4266 addita
1171 4218 1248 4265 comi·

72 4306 152 4361 tetur,
167 4305 206 4351 sod
223 4304 273 4355 eius
291 4319 348 4366 pars
365 4306 403 4354 sit.
433 4306 548 4353 Manum.
