2850 4759
188 237 852 350 accusar‚1uc.rannsarna.
875 273 940 357 tv,
961 295 993 348 a
1012 275 1065 346 n.
1170 277 1210 343 ιι

38 433 105 502 siue
126 431 293 502 ιιιιιιιιιιιιι.
307 428 428 499 dolore
449 440 630 513 amentum
655 428 826 500 caelatum
851 430 973 510 dorna,
1003 430 1097 517 qaod
1120 432 1211 504 clim*

38 537 194 618 eriperet,
227 532 425 617 protulisse.
466 534 590 602 Omnia
616 530 833 603 terantur.
874 534 1056 615 Cibyratae
1080 538 1209 606 fratrea

21 648 209 704 ›vocantnrz
230 656 340 718 panea
362 636 574 717 improbant:
595 655 681 718 quae
699 635 945 717 probaram,
923 655 965 703 ua
986 648 1126 704 crustae
1146 642 1210 706 ant

35 737 229 812 emblemata
253 736 532 806 detrahebantur
569 737 626 804 ste
652 734 848 816 Haluntini,
877 737 1033 808 excusus
1060 735 1208 818 deliciis,
1289 797 1291 800 .

36 859 110 904 cum
130 850 268 918 argento
288 860 376 920 puro
394 837 536 905 domum
559 847 795 904 revertuntur.

109 940 236 1006 xxiv
290 937 396 1028 Quod
427 959 593 1021 unquam,
626 936 776 1019 iudicer,
810 938 1049 1009 huiuscemodi
1077 942 1263 1010 everri-53

37 1006 141 1106 ardum
165 1038 273 1110 ullum
295 1041 332 1106 in
353 1041 527 1122 provincia
543 1039 636 1106 fuit?
664 1040 833 1107 Avertere
854 1040 980 1125 aliquid
1001 1041 1045 1109 de
1065 1042 1204 1126 publico

35 1162 125 1223 quam
151 1140 400 1208 obscurissime
421 1161 483 1224 per
511 1140 749 1220 magistratum
777 1141 949 1210 solebant:
991 1135 1093 1211 etiam
1122 1166 1202 1236 cunr

34 1240 145 1323 aliquid
169 1263 188 1308 a
213 1244 350 1324 privato
371 1261 634 1326 nonnumquam,
659 1240 796 1308 occulte
813 1243 1031 1311 auferebant:
1054 1256 1088 1312 et
1110 1245 1134 1313 ii
1152 1259 1204 1340 ta·⁴

34 1363 104 1410 tuen
123 1342 452 1412 condemnabantur.
491 1346 552 1420 Et,
581 1344 612 1410 si
635 1344 817 1429 quaeritis,
848 1355 886 1410 ut
908 1345 980 1426 ipse
1000 1343 1043 1411 de
1068 1367 1123 1413 mc
1143 1346 1204 1414 da·

36 1443 170 1523 traham,
191 1443 273 1512 illos
296 1465 360 1524 ego
381 1455 601 1512 accusatores
621 1442 851 1525 putoiuisse,
871 1446 928 1527 qui
946 1446 1116 1514 eiusmodi
1138 1446 1203 1516 ho·

34 1547 150 1613 minum
166 1547 260 1613 furta
278 1545 385 1613 odore
405 1558 466 1613 aut
489 1544 603 1629 aliquo
626 1543 748 1613 leuiter
766 1565 887 1627 presso
909 1547 1056 1628 vestigio
1083 1568 1202 1631 perse·

34 1649 221 1760 quebantur.
264 1649 353 1716 Natu
380 1668 445 1715 nos
468 1647 605 1728 qttidem
628 1648 708 1763 quid
732 1648 878 1716 facimus
896 1650 932 1715 in
952 1647 1077 1733 Verre,
1097 1671 1200 1734 quent

35 1749 63 1815 in
79 1747 144 1816 into
164 1749 358 1817 volutatum
383 1750 489 1816 totius
507 1748 663 1829 corporis
687 1748 842 1828 vestigiis
867 1748 1088 1819 invenimus?
1117 1752 1202 1819 Per·

34 1869 180 1938 inagnum
206 1854 309 1927 est,
299 1872 332 1914 ιιι
358 1869 436 1915 enm
461 1848 573 1916 dicere
589 1848 733 1931 aliquid,
755 1851 812 1928 qui
830 1853 1055 1932 praeteriens,
1077 1852 1200 1921 lectica

34 1948 189 2032 paulisper
212 1950 385 2032 deposita,
411 1974 478 2017 non
499 1972 560 2033 per
580 1952 798 2035 praestigias,
827 1951 889 2020 sed
912 1951 1025 2035 palam
1049 1975 1111 2035 per
1134 1977 1199 2036 po·

35 2060 194 2128 testatem,
229 2072 298 2116 uno
318 2052 484 2133 imperio,
518 2052 668 2118 ostiatim
701 2064 811 2120 toturn
839 2053 1002 2135 oppidum
1034 2055 1199 2137 compila-

33 2153 119 2217 verit.
157 2156 209 2218 Ac
237 2151 370 2227 tamen,
398 2163 436 2217 ut
460 2164 579 2233 posset
602 2152 717 2218 dicere
738 2155 943 2232 aeemisse,
973 2155 1196 2237 Archagatho

33 2251 176 2333 irruperat,
195 2265 237 2320 ut
260 2248 326 2320 iilis
345 2251 489 2334 ahquid,
512 2274 659 2334 quorum
683 2266 859 2333 argentum
884 2254 1015 2333 inerat,
1037 2279 1198 2325 nummu·
1266 2285 1273 2298 ¹

32 2348 134 2417 lorum
155 2353 238 2419 ilicis.
258 2369 361 2422 carisa
383 2354 492 2419 daret.
543 2353 678 2419 invenit
697 2354 940 2435 Archagathus
960 2377 1106 2443 paucos,
1138 2358 1196 2440 qui

32 2451 143 2520 uellent
163 2457 341 2536 accipere:
364 2455 404 2521 iis
427 2452 532 2521 dedit.
575 2457 646 2521 Eos
667 2477 833 2524 nummos·
851 2468 964 2525 tamen
984 2458 1048 2524 istc
1063 2455 1194 2525 Archa·
1237 2531 1240 2535 ,
1364 2541 1365 2548 ¹

32 2554 121 2629 gatbo
146 2580 214 2622 ιιοιι
245 2553 402 2621 reddidit
446 2554 562 2621 Voluit
588 2556 719 2623 Rornae
747 2571 903 2640 repetere
932 2556 1254 2642 Archagathusq
1270 2644 1273 2649 Ι

33 2655 85 2718 Cn
110 2655 274 2732 Lentulus
295 2654 521 2725 Marcellinus
548 2656 724 2736 dissuasit,
757 2662 848 2727 sient
868 2662 980 2742 ipsum
1002 2660 1116 2729 dicere
1136 2683 1196 2730 au·

30 2753 123 2824 distis
164 2759 286 2825 Recita
307 2756 517 2835 Archagathi
537 2770 571 2823 et
592 2758 726 2825 Lentuli
748 2762 993 2831 testimoninm.

22 2848 93 2986 s
94 2857 151 2934 Et,
172 2881 216 2930 tre
238 2860 330 2925 forte
351 2857 525 2926 hominem
547 2861 750 2930 existimetis
771 2859 859 2927 hanc
880 2874 1009 2931 tantam
1031 2864 1100 2934 vim
1122 2885 1195 2933 em·
1213 2868 1272 2936 5⁴v

84 3076 141 3139 iss.
153 3076 259 3154 crustae]
277 3079 407 3137 Uebcrwg,
419 3078 554 3140 praecipue
565 3081 595 3126 de
607 3078 687 3126 aureis
699 3078 795 3139 argenti
807 3079 955 3127 ornamentis
962 3065 1185 3140 intelligendum.
1159 3101 1195 3120 -ι

29 3163 115 3205 errante
130 3162 237 3223 deliciis]
265 3168 419 3224 „postquam
437 3162 495 3208 illac
513 3176 565 3220 rea,
582 3162 668 3222 quibus
685 3175 882 3221 magnoperce
852 3164 882 3208 de
883 3163 1052 3217 luctabantur,
1069 3166 1100 3209 de
1116 3162 1195 3210 mani·

30 3236 64 3283 bus
85 3258 166 3293 eorum
191 3260 316 3294 excussae
341 3245 426 3292 aunt.“
455 3244 526 3292 Haec
552 3243 646 3291 monuit
670 3244 795 3303 Zumpdua
812 3251 916 3306 propter
933 3245 991 3291 Ern.
1010 3244 1193 3296 coniicientenrr

28 3328 110 3373 ttttttti.

81 3431 149 3493 isa.
166 3452 213 3493 per
231 3401 405 3500 magistratum]
432 3399 582 3497 singulorum
600 3436 744 3496 provinciae
761 3437 924 3496 oppidorum
949 3436 982 3483 ab
999 3450 1031 3484 eo
1048 3437 1101 3485 scit.
1118 3438 1194 3487 variis

26 3514 117 3573 autin,
135 3520 286 3575 minitando,
311 3522 491 3578 corrumpendo
510 3520 583 3566 facila
601 3520 758 3573 obtinebant,
785 3524 811 3564 ui
835 3519 935 3564 decreto
953 3517 1038 3577 aliquo
1055 3517 1193 3565 honorifico

26 3591 49 3636 iis
64 3598 151 3658 aliquid
175 3596 208 3646 de
226 3601 326 3659 publico
345 3601 453 3650 civitatis
472 3603 609 3648 offerretur.
635 3601 766 3663 Sequentia
783 3615 797 3647 e
815 3602 877 3660 lieg.
895 3600 964 3646 Leid.
981 3600 1080 3658 egregie
1096 3600 1193 3648 nutarit

26 3675 120 3742 iladvig.
148 3700 174 3744 p.
194 3686 237 3730 68.
264 3687 357 3738 „etiam
375 3700 425 3731 cum
443 3687 533 3743 aliquid
549 3699 564 3728 o
578 3686 676 3741 priuato
700 3696 861 3742 nonunquam
885 3681 1077 3743 (auferebant),
1105 3686 1194 3729 occulto

25 3760 147 3816 auferebant
163 3780 214 3824 pro
231 3766 290 3811 Bru.
308 3773 332 3812 et
350 3766 389 3812 Ζ.ι
418 3769 487 3812 etiam
505 3767 596 3826 aliquid
617 3779 632 3810 ιι
653 3765 750 3821 privato
767 3775 929 3820 nonnunquam
947 3764 1033 3807 occulte
1050 3761 1192 3819 auferebant.

25 3842 55 3897 (ti
67 3845 125 3905 Reg.
143 3847 215 3893 Leid.
233 3862 281 3907 pro
293 3848 335 3905 bi)
346 3870 379 3885 ·-
393 3845 552 3911 accusatores]
571 3861 629 3894 vere
647 3846 733 3905 dignos
750 3844 799 3889 hoc
816 3843 921 3890 nomine.
938 3843 1009 3890 Μιιι.
1019 3870 1052 3882 -
1064 3842 1192 3905 amour]

24 3921 76 3983 Rtg.
92 3911 158 3975 Leid.
184 3933 233 3988 pro
255 3931 387 3975 huiuamodi
403 3930 430 3977 Z.
448 3954 484 3967 -
507 3942 534 3975 ac
556 3924 644 3990 tomen]
668 3927 730 3985 Reg.
749 3930 775 3970 at
790 3929 866 3971 tamen
884 3926 951 3972 Leid.
969 3926 995 3971 Z.
1012 3951 1048 3964 -
1064 3927 1095 3970 ia‘r
1111 3924 1191 3987 dedit]

24 4002 77 4064 Reg.
92 4012 127 4054 tir
145 4011 217 4057 teto.
234 4012 260 4055 Z.
273 4036 307 4049 -
318 4014 417 4056 rictu·-
428 4009 594 4068 testimonium]
606 4009 644 4055 Sic
657 4009 736 4055 codd.
748 4008 870 4053 meliores.
899 4007 933 4053 At
947 4006 1191 4069 deterioresffigatt.)

23 4087 121 4135 amatu:
145 4094 216 4148 atque
236 4093 280 4134 hac
302 4095 351 4135 toto
369 4092 397 4136 de
415 4105 440 4136 re
455 4093 552 4136 audistis
569 4092 719 4149 Archagathi
741 4097 802 4146 cet,
828 4090 853 4137 id
870 4093 936 4152 quod
954 4091 1064 4149 praefert
1081 4089 1191 4147 Madvig.

6 4162 62 4224 Ἐρ.
78 4183 102 4227 p.
119 4171 163 4215 24.
181 4170 345 4219 Nihilominus
368 4187 418 4219 nou
436 4179 473 4219 est
494 4173 540 4220 nisi
558 4173 721 4233 interpolatio
745 4179 802 4220 orta
820 4187 854 4221 ex
872 4172 1020 4231 compendio
1037 4173 1102 4218 baud
1120 4170 1191 4217 intel·

6 4241 75 4314 {lecto
91 4253 120 4298 tt.
140 4252 191 4315 (ita
211 4254 271 4314 Res.
284 4253 365 4314 beid.)
383 4267 430 4315 pro
447 4256 536 4310 Recito.
