2850 4759
253 311 423 386 oestro
443 311 702 383 rutttt’t’toa
714 313 779 395 11..
799 332 832 382 o.
848 313 915 382 tet
927 315 960 380 t.
1124 310 1184 378 369

27 476 231 565 apulosque
247 474 421 547 Romanus
437 473 634 555 collocavit,
654 470 865 557 necessaria,
885 474 1035 560 quidest
1055 473 1184 546 dictum

40 606 101 652 mc
117 605 203 652 cum
218 579 451 651 contumelia?
472 579 551 665 quid
564 603 632 648 non
648 578 849 648 moderate?
870 579 948 663 quid
963 601 1031 648 non
1048 580 1184 650 amice?

25 687 118 783 leod
140 685 281 773 quidem
302 685 399 754 ouius
421 683 662 768 temperantiae
683 683 764 761 suit,
795 681 837 751 de
863 683 915 753 Μ.
935 685 1084 753 Antonio
1106 705 1186 769 que·

25 805 148 860 entem
179 790 348 859 abstinere
374 786 583 859 maledicto?
616 789 817 872 praesertim
845 808 924 856 cum
958 801 994 855 tu
1026 787 1184 874 reliquias

25 898 60 964 ei
79 893 242 980 publicae
263 893 516 974 dissipavisses3
549 913 627 959 curn
656 891 748 960 domi
775 904 853 962 tuae
880 893 1074 976 turpissimo
1097 913 1186 961 mer·

25 1011 92 1068 ratu
123 998 241 1067 omnia
267 1008 381 1065 essent
406 994 557 1075 renaliat
587 1017 664 1063 cum
686 994 778 1078 leges
799 1017 875 1078 eas,
908 1018 992 1081 quae
1012 1016 1185 1081 nunquam

25 1100 255 1184 iromulgatae
275 1112 406 1178 essent,
435 1109 469 1167 et
489 1099 531 1167 de
552 1111 585 1167 te
606 1110 639 1167 et
659 1122 677 1168 a
700 1113 733 1168 te
752 1099 838 1169 latas
860 1101 1082 1180 confiterere3'
1106 1121 1185 1170 curn

25 1207 169 1290 'auspicia
191 1226 317 1288 augur,
338 1206 615 1273 intercessionem
631 1202 749 1274 consul
764 1201 978 1284 sustulissess
998 1220 1185 1272 cumesses
1292 1214 1294 1221 '

25 1310 217 1378 bedissime
236 1311 380 1394 stipatus
401 1308 558 1389 armatis3
592 1329 670 1377 cum
692 1329 810 1378 omnes
831 1309 1042 1393 impuritates
1063 1307 1187 1391 pudiea

27 1402 178 1484 ndomo
205 1412 357 1498 quotidie
383 1413 573 1496 susciperes
601 1412 679 1485 rino
708 1411 890 1495 lustrisque
910 1411 1099 1486 conlectus.
1139 1409 1228 1481 att

25 1538 102 1605 ego,
125 1527 298 1601 tamquam
318 1514 397 1584 milti
418 1537 497 1583 cunt
516 1516 566 1584 Μ.
582 1517 706 1585 Crasso
722 1517 893 1583 contentio
908 1527 1015 1595 esset,
1038 1532 1186 1599 quocum

25 1620 147 1689 multae
169 1632 203 1689 et
223 1636 365 1703 magnae
387 1619 540 1698 fuerunt,
569 1640 638 1687 non
658 1641 736 1687 curn
758 1641 826 1686 uno
847 1618 1032 1701 gladiatore
1053 1620 1187 1704 nequis-
1264 1646 1271 1650 ·

25 1726 130 1803 simo,
151 1723 250 1793 dere
270 1722 403 1807 publica
423 1723 572 1804 graviter
593 1743 754 1806 querens,
782 1722 824 1789 de
843 1721 979 1791 homine
999 1721 1081 1790 nihil
1102 1722 1186 1790 dini.

25 1828 141 1913 ltaque
164 1827 264 1896 hodie
285 1827 475 1910 perficiam,
504 1837 543 1895 ut
561 1823 745 1908 intelligat,
766 1836 927 1910 quantum
948 1851 968 1897 a
988 1849 1043 1896 me
1064 1827 1188 1896 beneti-
1268 1858 1271 1867 ¹

25 1934 113 2000 cium
136 1944 208 2001 turn
229 1931 409 2014 acceperit:

101 2038 163 2108 lv.
202 2039 249 2104 nt
275 2036 376 2102 etiam
402 2031 550 2115 litteras,
585 2054 668 2119 quas
699 2054 754 2102 me
787 2035 849 2104 silei
882 2035 1014 2104 mistase
1047 2036 1188 2118 diecret,

29 2139 199 2227 recitavit,
235 2138 339 2206 harno
368 2149 402 2206 et
428 2137 646 2207 humanitatis
673 2159 796 2224 expers
824 2151 857 2206 et
883 2141 971 2207 vitae
998 2143 1188 2212 communis

31 2242 176 2323 ignarus
218 2243 304 2335 Quis
325 2243 598 2325 enimunquam‚
621 2240 677 2324 qui
697 2239 883 2324 paullulum
904 2243 1007 2311 modo
1022 2246 1189 2319 bonorum

32 2343 303 2413 consuetudinem
323 2358 450 2424 nosset,
472 2345 602 2414 litteras
623 2345 665 2412 ad
687 2367 724 2414 se
743 2348 784 2413 ab
805 2347 915 2419 anrice
938 2347 1059 2415 missas
1080 2351 1189 2417 offens

34 2449 124 2517 sione
151 2448 258 2533 aliqua
284 2450 484 2532 interposita
512 2451 546 2516 in
575 2447 725 2517 medium
745 2449 888 2533 protulit
908 2447 1084 2535 palamque
1106 2452 1191 2519 reci·

36 2553 140 2620 tavit?
162 2551 252 2645 Quid
272 2566 325 2623 est
344 2552 433 2621 aliud
456 2552 575 2622 tollere
597 2576 615 2621 e
635 2554 703 2623 vita
723 2556 813 2622 vitae
832 2556 1050 2645 societatem,
1073 2554 1190 2624 tollere

38 2657 216 2725 amicorum
230 2655 397 2741 colloquia
411 2657 627 2725 absentium?
656 2656 767 2748 Quam
783 2657 887 2725 multa
902 2660 977 2726 ioca
991 2657 1102 2728 solent
1116 2680 1190 2729 esse

39 2759 69 2826 in
89 2759 251 2844 epistolis,
279 2782 384 2846 quae,
411 2760 591 2845 prolatasi
613 2761 700 2838 sint,
728 2762 840 2846 inepta
862 2761 1055 2830 videantur-l
1090 2784 1189 2847 quam

40 2862 139 2931 nurlta
163 2866 266 2944 aeria,
300 2885 408 2947 neque
436 2878 549 2933 tamen
575 2865 643 2932 ullo
672 2865 775 2935 modo
804 2864 1020 2948 divolgandai
1054 2866 1103 2933 Sit
1124 2865 1231 2934 hoeB

41 2964 299 3037 inlrumanitatiss
335 2966 511 3037 stultitiam
540 2969 768 3037 incredibilem
795 2968 919 3036 ridete.
962 2969 1190 3060 Quidlrabeo,

43 3069 124 3150 quod
144 3070 222 3138 milti
242 3074 411 3156 opponas,
441 3072 543 3141 horno
566 3073 710 3154 diserte,
739 3084 778 3140 ut
797 3072 965 3141 Mustelae
985 3073 1134 3140 'lamisio
1156 3081 1191 3141 et

45 3170 150 3241 Tironi
176 3164 328 3244 Numisio
356 3174 506 3246 rideris?
541 3175 596 3260 qui
623 3197 701 3243 cum
731 3174 797 3244 hoe
825 3180 899 3260 ipso
926 3188 1079 3259 tempore
1099 3186 1191 3244 stent

46 3295 114 3345 cum
134 3265 250 3360 gladiis
270 3280 303 3348 in
325 3292 509 3362 conspectu
531 3291 687 3366 senatus,
721 3300 785 3361 ego
813 3300 945 3364 quoque
973 3292 1006 3347 te
1026 3280 1190 3348 disertum

46 3383 175 3469 putabo,
195 3383 221 3450 ai
244 3382 450 3461 ostenderis,
474 3382 645 3468 quomodo
666 3383 712 3452 sis
735 3405 793 3452 eos
814 3385 901 3451 inter
919 3384 1058 3455 sicarios
1074 3381 1192 3450 delen·

48 3501 149 3554 turns.
193 3486 256 3555 Sed
283 3486 363 3570 quid
390 3509 538 3572 opponas
567 3488 722 3566 tandem,
752 3488 781 3556 si
807 3502 927 3570 negem
960 3509 1016 3555 me
1041 3502 1191 3570 unquam

46 3583 119 3657 istas
141 3589 266 3660 litteras
294 3590 336 3659 ed
364 3604 397 3658 te
424 3591 581 3660 misisset
615 3615 681 3676 quo
708 3613 763 3660 me
793 3602 878 3660 teste
898 3591 1104 3660 corrrincas?
1137 3593 1192 3658 An

42 3687 285 3781 *chirographos
321 3695 354 3762 in
382 3717 448 3778 quo
477 3695 579 3765 habes
611 3698 787 3765 scientiam
821 3706 1068 3779 quaestuosum.
1124 3694 1191 3786 Qui

42 3797 171 3895 {meist
191 3810 268 3866 sunt
289 3801 377 3867 enim
399 3798 524 3868 librarii
546 3822 658 3871 manu.
697 3799 770 3866 Iam
792 3798 924 3867 invideo
941 3801 1103 3881 magistro
1118 3810 1191 3875 tuo,

43 3898 99 3999 {qui
117 3912 147 3968 tc
167 3913 256 3970 tanta
276 3902 448 3991 mercede,
480 3917 639 3988 quantam
660 3903 726 3971 iarn
746 3902 941 3990 proferam,
970 3901 1052 3970 nihil
1072 3921 1191 3984 sapere

44 3980 223 4063 ι.,....ό

45 4092 48 4183 l
109 4136 156 4199 io.
171 4139 252 4196 partica
269 4140 293 4185 in
310 4135 455 4199 domo].Cns
473 4136 602 4197 Pompeii,
619 4142 691 4199 quatri
707 4142 844 4199 oecdparat
860 4130 987 4186 Antonias.

111 4246 157 4310 l⁸·
174 4243 352 4315 indemnitatis]
370 4246 427 4294 Vnt.
445 4246 555 4307 Madvig.
572 4249 744 4293 inhumanitatis
759 4253 817 4293 reae.
835 4246 866 4293 0.
877 4273 910 4285 -·
926 4244 1035 4291 dtartelac
1052 4241 1110 4305 cet]
1127 4243 1193 4304 prin·

59 4328 134 4389 cipite·
148 4335 312 4394 gladiatorum.
335 4332 386 4380 cn.
402 4346 460 4392 cap.
476 4332 519 4378 rt.
536 4350 570 4370 -·
585 4334 699 4391 magistro
716 4330 767 4393 tato]
790 4322 858 4378 Sexi
868 4330 958 4378 Clodio
976 4330 1081 4383 rhetori,
1099 4329 1192 4376 Siculo.

60 4408 115 4465 Stet
128 4419 192 4467 utar.
208 4420 232 4466 t.
247 4443 283 4459 -
299 4415 395 4479 doceat]
414 4416 494 4465 vitici
512 4417 620 4478 Madvig.
638 4414 689 4464 Cle·
706 4407 770 4473 (lap.
790 4410 829 4460 lta
846 4414 926 4458 doerit
939 4410 989 4458 trec
1005 4410 1060 4457 mei.
1077 4411 1109 4457 0.

844 4518 884 4579 24
