2850 4759
222 279 281 345 212
431 356 433 360 .
696 272 953 343 CICERONIS.

223 461 379 526 possem,
410 442 495 510 istos
523 441 616 524 ipsos
645 438 821 520 eiicerem,
853 439 909 524 qui
936 438 1021 506 haec
1047 437 1246 522 loquuntur.
1287 440 1386 509 Homo

223 544 381 642 videlicet
399 544 535 613 timidus
553 556 612 611 ant
628 545 729 612 etiarn
745 543 984 626 permodestus
1002 563 1122 611 vocem
1140 542 1292 613 consulis
1311 546 1386 630 ferre

133 645 134 654 ’
222 645 291 718 non
313 650 442 733 potuit:
472 647 574 716 simul
601 659 700 732 atque
729 648 779 714 ire
802 648 836 714 in
861 647 1000 715 exilium
1025 650 1138 716 iussus
1163 660 1235 726 est,
1266 651 1386 730 paruit,

223 755 297 822 ivit.
338 754 503 830 Hesterno
523 753 593 832 die,
614 773 691 819 eum
710 750 803 820 domi
822 774 916 820 meae
932 773 1038 835 paene
1055 752 1257 821 interfectus
1276 774 1385 832 essen,

224 870 380 926 senatum
410 858 444 925 in
474 855 592 925 aedem
621 854 712 924 Iovis
744 857 889 924 Statoris
917 857 1123 936 convocavi,
1157 876 1231 923 renr
1261 855 1412 925 omnen}

223 961 269 1032 ad
295 974 409 1045 patres
438 961 665 1049 conscriptos
681 958 799 1026 detuli.
852 960 929 1052 Quo
957 983 1035 1029 cum
1064 957 1206 1027 Catilina
1232 962 1386 1038 venisset,
1411 933 1412 1000 l

223 1068 298 1150 quis
319 1088 396 1133 enm
422 1080 558 1133 senator
585 1061 794 1147 appeltavna
828 1065 902 1147 quis
930 1063 1116 1133 salutavit-⁰?
1150 1056 1412 1149 qurs'denique³

154 1169 159 1192 ⁸
223 1170 270 1238 ita
292 1167 448 1253 adspexit
468 1180 506 1234 nt
525 1168 693 1250 perditum
722 1167 849 1245 civem,
882 1188 922 1235 ac
942 1190 1008 1235 non
1033 1167 1148 1250 potius
1169 1180 1208 1235 ut
1228 1169 1386 1252 importu·

222 1274 401 1341 nissirnum
414 1270 584 1339 hostem?
607 1269 698 1362 Quin
719 1272 821 1338 etiam
839 1271 1007 1359 principes
1029 1273 1099 1340 eius
1118 1270 1248 1340 ordinis
1265 1286 1385 1355 partem

223 1375 315 1444 illam
341 1374 598 1453 subselliorum,
618 1375 672 1442 ad
697 1397 798 1459 qnam
823 1372 878 1441 ille
903 1381 1111 1452 accesserat,
1146 1374 1273 1445 nudam
1297 1390 1384 1461 atque

162 1493 203 1556 13
224 1482 358 1549 inanem
376 1480 595 1563 reliquerunt.
636 1479 700 1547 Hic
717 1499 781 1560 ego
798 1477 980 1556 vehemens
996 1477 1054 1559 iile
1071 1478 1197 1561 consul,
1218 1486 1277 1564 qni
1294 1484 1383 1548 verbo

127 1573 131 1582 ⁵
225 1585 373 1656 cives-in
403 1583 541 1651 exilium
566 1581 682 1661 eiicio,
715 1582 866 1665 quaesivi
889 1602 909 1648 a
934 1580 1102 1659 Catilina,
1122 1596 1294 1654 nocturno
1316 1606 1385 1653 cou-

222 1700 328 1766 ventu
347 1686 436 1770 apud
453 1689 505 1755 Μ.
523 1687 666 1754 Laecam
683 1686 806 1756 suisset
821 1706 938 1752 necne.
970 1686 1148 1766 camille,
1170 1687 1277 1756 homo
1296 1689 1385 1757 auda-

224 1793 400 1868 cissimus,
433 1789 638 1860 conscientia
664 1791 840 1857 convictus
868 1790 978 1872 primo
1004 1791 1214 1872 reticuisset,
1250 1793 1384 1879 patefeci

212 1908 356 1982 pectora,
385 1893 466 1977 quid
489 1916 527 1961 ea
555 1905 655 1961 noete
683 1894 825 1973 egisset,
858 1892 937 1976 qnid
961 1894 1119 1976 proxima
1144 1895 1382 1979 constituisset,

224 1997 510 2085 quemadmodum
532 2009 621 2065 esset
649 1996 680 2063 ei
702 1998 789 2064 ratio
816 1996 919 2064 totius
944 1996 1020 2063 belli
1042 1996 1229 2080 descripta,
1265 1998 1383 2069 edocui.

224 2104 310 2172 Cum
345 2100 544 2178 haesitaret,
582 2111 878 2178 cnmteneretnr,
916 2102 1083 2183 quaesivi,
1111 2101 1383 2184 'quid-dubitaret

222 2207 392 2290 proficisci
411 2227 466 2283 eo,
490 2228 555 2295 qno
574 2203 773 2287 iampridem
793 2198 942 2287 pararet:
964 2226 1041 2270 cnm
1062 2226 1176 2283 arma,
1198 2226 1279 2274 eum
1298 2230 1384 2275 secu·

221 2332 294 2388 res,
315 2332 394 2377 ‘cnm
414 2310 541 2393 fasces,
564 2330 641 2375 eum
666 2308 781 2385 tubas,
803 2329 880 2373 cnm
898 2309 995 2388 signa
1013 2308 1188 2395 militaria,
1210 2331 1290 2377 curn
1306 2311 1384 2393 aqui·

221 2412 290 2483 lam
321 2411 413 2482 illam
442 2423 668 2494 argenteam,
707 2412 762 2477 cni
789 2409 846 2476 ille
879 2412 980 2479 etiarn
1007 2413 1196 2492 sacrarium
1225 2413 1383 2482 scelerum
1411 2475 1412 2478 ,

158 2667 160 2672 '
222 2668 253 2715 Ρ.
271 2661 328 2714 Era.
346 2647 415 2713 domo
439 2661 499 2713 euim
521 2668 629 2713 uidelicet
648 2662 700 2714 TR.
718 2692 751 2705 -
768 2672 809 2713 aut
830 2669 900 2712 etium
921 2668 1037 2727 permod]
1054 2660 1108 2713 ΤΒ.
1125 2672 1149 2713 et
1160 2669 1270 2725 pennoti.
1287 2667 1341 2714 Em.
1355 2689 1383 2704 -
1411 2677 1412 2734 t

196 2792 197 2795 ,
220 2756 314 2812 paruit,
340 2755 390 2799 tuit.
417 2752 542 2814 Hesterno]
561 2755 622 2801 Cnd.
640 2753 725 2800 Duisb.
742 2753 801 2799 Ero.
819 2750 884 2814 (eum
901 2739 1064 2812 corruptionis
1081 2752 1151 2812 signo
1168 2753 1292 2814 Madvig.)
1305 2752 1382 2810 parsit.
1411 2755 1412 2764 ¹

146 2869 148 2878 .
226 2839 271 2893 om
288 2843 313 2894 ut
328 2840 431 2886 desterno
445 2839 498 2886 Tu.
515 2841 600 2896 paruit.
635 2840 750 2908 Hesterna
767 2835 825 2897 (eie)
842 2840 932 2899 quidem
948 2838 986 2882 die
996 2837 1026 2883 Ρ.
1040 2839 1135 2895 paruit,
1153 2840 1247 2898 quieuit,
1281 2839 1382 2883 Hermo

223 2924 285 2972 Cnd.
311 2925 408 2971 Mureti.
443 2924 569 2974 Exciuieso
589 2924 629 2972 hic
653 2938 734 2973 versus
757 2924 854 2985 aliquos
876 2928 942 2982 ratus
966 2927 1001 2968 est
1025 2920 1150 2969 Bulrerius.
1200 2922 1293 2990 Verum
1313 2921 1380 2967 derla-

222 3010 323 3058 mutoris
346 3009 420 3071 ipsius
443 3012 516 3070 culpa
535 3010 618 3056 hiulca
638 2995 788 3056 est'orutIo.
810 3033 845 3044 -
870 2998 1013 3069 cortuocaui]
1037 3007 1067 3051 li.
1090 3008 1171 3051 uocaui
1188 3004 1217 3052 T.
1235 3007 1294 3053 Ern.
1311 3031 1342 3043 -
1356 3005 1380 3048 tu

222 3109 269 3142 noa
286 3097 394 3153 adspexit
411 3097 442 3141 R.
460 3094 520 3155 (non
537 3093 579 3154 Τ.)

290 3203 301 3266 ᾗ
320 3202 360 3249 13.
378 3199 501 3265 nocturno]
525 3202 643 3248 Priscian.
667 3202 708 3248 lib.
730 3201 768 3248 18.
794 3208 819 3261 p.
840 3201 896 3246 144.
920 3200 966 3246 ΚΓ.
990 3200 1014 3244 iu
1036 3204 1148 3245 nocnrrno
1166 3200 1217 3246 TP.
1235 3215 1267 3245 aa
1284 3204 1380 3244 nomo

222 3286 279 3333 Em.
297 3307 332 3323 ⁶-
349 3286 479 3346 (quueslvi,
497 3297 537 3346 nn⁸
546 3282 646 3329 Catilina
663 3290 775 3331 nocturno
793 3284 839 3347 R.)
873 3284 955 3349 Habet
972 3286 1005 3330 Μ.
1017 3285 1118 3329 Laecam
1135 3285 1164 3329 T.
1177 3284 1240 3344 (non
1251 3285 1285 3328 Μ.
1298 3285 1379 3328 Letoa

203 3417 205 3420 ,
222 3369 294 3429 Era.)
311 3397 345 3408 -
363 3362 600 3430 egissetJPriscian.
619 3370 649 3414 lt.
667 3371 762 3426 egisset,
781 3368 830 3429 [uli
841 3369 943 3428 suisset]
961 3370 1018 3414 Ern.
1035 3370 1119 3415 Habet
1131 3385 1170 3416 vr.
1181 3375 1303 3436 ⁸suspectu
1318 3368 1380 3412 Τ.-

137 3474 142 3481 ·
220 3453 345 3514 proximo]
363 3454 482 3500 Priscian.
500 3456 524 3497 in
537 3456 651 3511 proximu
670 3454 699 3499 R.
718 3457 742 3499 in
757 3456 892 3510 proximam
910 3456 939 3499 T.
957 3455 1014 3499 Ern.
1031 3481 1057 3491 -
1073 3456 1145 3499 docnt
1162 3454 1192 3499 R.
1211 3454 1273 3515 (non
1287 3451 1380 3510 ΤΡ.)-
1411 3507 1412 3520 ¹

224 3544 337 3585 teneretur
354 3535 428 3584 ΤΗΙ).
446 3554 494 3585 nun
513 3543 656 3584 cunctaretur
674 3538 782 3597 (Lamb.)
799 3565 833 3576 -
847 3540 967 3598 preficisct
984 3537 1021 3599 eo]
1040 3540 1092 3594 Tu.
1110 3553 1137 3582 eo
1150 3538 1218 3598 prof.
1237 3538 1296 3583 Ern.
1310 3536 1378 3582 Madv.

223 3638 277 3670 curn
296 3624 407 3672 Chariclo
425 3638 451 3682 p.
469 3625 527 3669 202.
545 3630 569 3669 et
586 3603 705 3670 Diomede
724 3633 749 3683 p:
767 3623 825 3668 387.
843 3648 877 3659 -
895 3621 1007 3682 pararet]
1026 3622 1081 3670 Tu.
1099 3626 1201 3680 pararat
1218 3623 1276 3668 Ern.
1295 3647 1324 3659 -
1340 3631 1379 3663 eun

222 3720 318 3754 secures.
335 3722 387 3753 cum
403 3709 513 3766 tigrellus.
532 3706 588 3767 (sic)
607 3722 656 3753 cum
668 3707 748 3773 fasces
765 3705 794 3752 T.
830 3706 891 3753 Item
904 3709 933 3753 Ρ.
950 3708 1004 3753 sed:
1022 3721 1072 3751 cum
1089 3708 1214 3774 dignitates
1232 3707 1292 3767 (nun
1306 3704 1343 3765 R.)
1354 3725 1378 3736 -

217 3789 286 3848 faces
304 3789 334 3835 R.
353 3815 384 3827 -
402 3792 481 3835 dorlani
498 3789 550 3835 ΤΒ.
571 3814 600 3824 -
621 3790 653 3833 Et
669 3792 693 3835 in
710 3793 807 3836 eatltrrm
825 3787 855 3837 li.

226 3920 449 3937 *dd—dnn*

223 4011 252 4074 (8
269 4013 361 4073 Nouil3
378 4030 412 4061 ex
427 4017 477 4062 troc
494 4019 575 4060 autern
591 4015 650 4062 loco
669 4014 727 4062 vlt.
739 4016 776 4061 ld.
788 4014 853 4062 Nor.
872 4013 1068 4076 (tueremur.)
1086 4013 1115 4058 ln
1132 4012 1177 4059 tali
1194 4021 1274 4060 autem
1292 4027 1319 4059 re
1333 4020 1378 4069 pet·

223 4104 322 4145 senatus
339 4099 427 4145 Cleero
445 4098 517 4146 tacito
536 4113 618 4146 errare
635 4106 747 4160 poterat;
764 4113 813 4146 non
830 4098 887 4145 item
904 4113 981 4146 verus.
997 4121 1029 4137 -a
1048 4100 1136 4144 tabutas
1153 4096 1236 4159 nonos]
1254 4098 1301 4144 Sal.
1315 4110 1333 4141 c.
1345 4091 1377 4137 9¹·
1411 4107 1412 4110 ’

158 4231 163 4238 ,
226 4184 326 4229 Catilina
341 4186 451 4240 polliceri
468 4184 556 4228 tabulas
574 4199 659 4252 rennos,
683 4185 878 4241 proscriptionem
896 4186 1042 4240 locupletium
1059 4188 1104 4229 eet.

292 4291 303 4351 t
323 4290 362 4335 18.
385 4292 440 4347 quid
463 4292 488 4335 in
504 4294 641 4350 proximam
664 4292 832 4350 constituisset]
858 4291 882 4337 in
906 4291 985 4350 prima
1008 4292 1120 4339 oratione
1136 4291 1196 4339 nihil
1214 4296 1299 4348 extat,
1323 4282 1378 4348 ΨΜ

225 4374 272 4428 huc
289 4373 373 4422 reterri
391 4379 478 4440 queat,
504 4380 604 4421 notante
621 4373 716 4422 Cludio.
