2850 4759
226 286 284 356 240
685 284 917 358 CICERONIS

228 448 375 530 turritis,
407 458 594 533 conputet
622 468 695 518 esse
722 471 804 520 suae
825 448 995 533 dignitatis
1015 473 1186 526 recusare.
1225 456 1378 541 Adiungit

226 574 366 635 gravem
385 575 529 638 poenam
551 556 759 639 municipiis.
792 557 821 624 si
847 560 922 640 quis
948 578 1065 626 eorum
1085 558 1220 627 vincula
1240 564 1377 645 ruperit;
1412 645 1413 650 ἵ

226 657 403 728 horribiles
423 658 592 729 custodias
614 659 802 728 circumdat
821 671 856 726 et
870 660 968 742 digna
982 660 1109 730 scelere
1121 660 1300 732 hominum
1314 686 1380 748 per·

227 763 375 831 aliturum
401 764 525 850 sancit,
555 783 598 831 ne
625 764 697 847 quis
725 784 842 831 eorum
868 786 1031 847 poenam,
1064 791 1150 853 quos
1171 768 1377 855 condemnat,
1412 857 1413 860 Ἴ

227 878 286 935 aut
304 888 365 951 per
384 879 537 936 senatum
558 877 616 934 aut
634 886 695 950 per
714 866 878 951 populum
898 865 1010 936 levare
1025 873 1153 953 possit3
1172 874 1274 956 eripit
1287 875 1377 943 etiam
1412 915 1413 940 i

227 994 341 1056 spem,
369 993 453 1057 quae
477 970 550 1040 sola
574 969 725 1039 homiues
747 971 781 1038 in
802 971 945 1040 miseriis
966 971 1133 1041 consolari
1152 975 1252 1044 solet.
1294 978 1378 1047 Bona
1412 963 1413 1042 ζ

227 1090 401 1161 praeterea
420 1074 581 1161 publicari
601 1075 708 1143 iubet:
734 1075 838 1142 vitam
859 1074 968 1143 solam
988 1076 1145 1162 relinquit
1163 1082 1304 1150 nefariis
1324 1081 1379 1151 bo-

227 1182 391 1262 minibus,
411 1201 510 1265 quam
531 1180 559 1247 si
580 1178 774 1263 eripuisset,
795 1178 917 1247 multas
937 1202 1006 1249 uuo
1026 1179 1144 1250 dolore
1154 1185 1267 1272 animi
1289 1199 1379 1270 atque

227 1286 381 1370 corporis
407 1295 441 1354 et
467 1303 583 1352 omnes
608 1280 775 1351 scelerum
803 1304 930 1366 poenas
961 1283 1152 1359 ademisset.
1205 1287 1324 1373 ltaque
1344 1300 1379 1357 ut

227 1388 336 1473 aliqua
361 1390 395 1457 in
421 1388 491 1455 vita
516 1385 664 1455 formido
688 1387 851 1470 improbis
879 1400 969 1458 esset
989 1389 1117 1473 posita,
1148 1392 1236 1475 apud
1259 1394 1377 1461 inferos
1412 1463 1413 1468 ,

192 1473 198 1490 “
228 1492 392 1561 eiusmodi
413 1490 575 1576 quaedam
595 1490 644 1559 illi
662 1492 788 1575 antiqui
808 1490 970 1575 supplicia
989 1493 1099 1577 impiis
1113 1496 1300 1566 constituta
1314 1518 1379 1565 esse

226 1593 426 1678 voluerunt,·
456 1594 546 1678 quod
566 1594 723 1663 videlicet
741 1593 970 1677 intelligebant
988 1593 1040 1666 his
1060 1598 1201 1667 remotis
1221 1623 1293 1669 nou
1312 1622 1379 1671 esso
1412 1617 1413 1626 ’

227 1712 373 1770 mortem
393 1701 498 1782 ipsam
518 1698 832 1783 pertimescendam.
1289 1789 1291 1798 y

187 1805 208 1870 9
306 1804 346 1871 V.
385 1803 499 1880 Nunc,
521 1805 637 1872 Patres
650 1804 849 1888 conscripti,
871 1823 935 1885 ego
948 1823 1023 1872 mea
1035 1803 1133 1874 video
1150 1805 1229 1890 quid
1242 1808 1379 1877 intersit

227 1912 263 1983 si
288 1910 381 1978 eritis
406 1908 514 1977 secuti
540 1907 742 1975 sententiam
763 1908 801 1975 C.
825 1905 997 1987 Caesaris,
1018 1911 1176 1992 quoniam
1197 1914 1285 1977 banc
1303 1912 1379 1984 isia

227 2037 265 2085 re
285 2013 417 2100 publica
437 2012 545 2091 uiam,
572 2008 847 2095 quaepopularis
868 2010 1028 2092 babetur,
1055 2026 1193 2083 secutus
1214 2025 1288 2094 est,
1306 2015 1380 2084 ¹sor·

228 2131 319 2190 tasse
338 2118 448 2187 minus
469 2127 569 2184 erunt
580 2113 645 2182 boe
661 2127 801 2183 auctore
814 2127 849 2182 et
862 2117 1041 2197 cognitore
1050 2116 1188 2185 huiusce
1201 2121 1380 2187 sententiar

228 2221 310 2293 mibi
336 2218 518 2306 populares
543 2219 686 2302 impetus
718 2219 991 2300 pertimescendi:
1026 2222 1077 2289 sin
1109 2220 1200 2290 illam
1235 2222 1379 2301 alteram,

125 2323 128 2336 ‘
228 2328 360 2403 uncio,
394 2346 435 2392 an
462 2321 605 2405 amplius
635 2318 720 2389 mihi
746 2322 873 2403 negotii
902 2323 1134 2392 contrahatur.
1178 2326 1245 2395 Sed
1276 2342 1380 2398 nmen

228 2451 382 2499 meorum
409 2424 637 2514 periculorum
664 2425 813 2494 rationes
840 2425 964 2495 utilitas
998 2429 1047 2495 rei
1081 2428 1233 2512 publicae
1260 2433 1380 2500 vineat.

227 2535 399 2603 Habemus
419 2531 506 2598 enirn
529 2550 548 2595 a
569 2529 608 2595 C.
631 2528 792 2605 Caesare,
821 2530 909 2597 sicut
934 2532 1038 2613 ipsius
1061 2532 1203 2614 dignitas
1226 2547 1262 2603 et
1281 2537 1380 2604 maio·

227 2662 304 2708 rum
325 2638 396 2703 eius
410 2630 594 2717 amplitudo
608 2629 815 2714 postulabat,
836 2634 1033 2704 sententiam
1048 2649 1219 2721 tamquam
1234 2640 1379 2708 obsidem

228 2753 411 2827 perpetuae
430 2738 465 2805 in
484 2757 553 2803 rem
574 2734 741 2819 publicam
763 2734 953 2807 voluntatis.
989 2739 1201 2809 Intellectum
1217 2756 1287 2823 est,
1308 2741 1380 2828 quid

229 2844 361 2914 intersit
380 2842 467 2908 inter
487 2840 658 2907 levitatem
679 2841 949 2913 contionatorum
971 2855 1006 2911 et
1024 2845 1174 2913 animum
1188 2868 1268 2914 vere
1281 2869 1379 2931 popu·

171 2949 210 3016 10
230 2947 355 3027 larem,
388 2943 486 3015 saluti
513 2943 628 3028 populi
654 2943 896 3014 consulentem.
944 2946 1048 3015 Video
1075 2947 1232 3030 deictis,
1267 2953 1324 3036 qui
1347 2972 1379 3019 se

229 3050 409 3137 populares
431 3050 543 3117 baberi
563 3048 698 3128 volunt,
719 3049 835 3117 abesse
856 3072 923 3138 nou
943 3055 1127 3140 nerninem,
1147 3074 1189 3119 ne
1211 3052 1253 3121 de
1279 3055 1379 3138 capite
1411 3089 1412 3146 5

233 3179 456 3202 --—--·-···

231 3244 304 3293 etlam
320 3243 393 3290 TRP.
409 3241 461 3288 Erf.
479 3241 571 3292 Orator
587 3246 666 3294 tamen
683 3238 737 3300 lpse
753 3239 874 3302 scripsisse
891 3240 998 3301 videtur,
1023 3229 1053 3290 ol
1066 3243 1126 3293 vidit
1142 3244 1275 3294 Graevius:
1303 3248 1377 3305 mador
1411 3225 1412 3258 l

230 3343 275 3375 uno
293 3330 374 3374 dolore
390 3328 481 3374 dolores
497 3327 569 3372 animi
586 3332 632 3374 eet.
665 3324 774 3372 Habent:
792 3329 858 3386 atque
875 3340 939 3385 corp.
955 3325 1007 3374 Til.
1025 3343 1085 3377 nour
1101 3344 1129 3375 ce
1146 3344 1212 3389 corp.
1223 3358 1258 3370 .-
1276 3332 1377 3391 mprobis

225 3413 333 3475 formido
350 3412 379 3458 Ρ.
395 3436 428 3451 -·
445 3425 494 3458 cm.
511 3413 584 3468 ipram
601 3410 631 3458 P.
887 3446 898 3473 ⁸
1052 3413 1056 3417 ’

298 3521 351 3585 bl).
368 3525 460 3566 auctore
476 3525 499 3565 et
514 3517 643 3580 cognitore]
666 3516 696 3565 P.
719 3520 776 3568 Era.
798 3524 890 3567 aucum
907 3525 929 3566 et
943 3523 1047 3580 genitore
1064 3522 1116 3571 'rit
1132 3549 1167 3561 -
1180 3540 1239 3583 pop.
1257 3528 1313 3586 ἔαρ.
1329 3528 1378 3573 ruffi

231 3607 262 3655 P.
279 3629 314 3644 -
331 3608 427 3652 alteram
443 3607 513 3650 uenti
529 3606 594 3649 eritis
611 3603 663 3650 ΒΡ.
680 3602 740 3665 (non
756 3603 799 3666 Τ.)
815 3628 848 3644 -·
865 3609 952 3664 negotii
967 3609 1025 3652 mibi
1040 3607 1068 3653 P.
1080 3633 1113 3645 -
1124 3611 1183 3667 reip.
1200 3611 1376 3659 salutarunt.

231 3691 284 3740 irs.
308 3687 400 3753 (uincet
419 3691 498 3744 firmat
519 3686 676 3750 scholiasta.)
695 3714 724 3728 -·
742 3704 758 3735 a
783 3690 877 3737 Caeacre
898 3690 972 3738 TRP.
993 3691 1045 3738 Eri.
1060 3716 1095 3731 -·
1110 3696 1166 3753 quid
1182 3697 1299 3744 interam
1312 3696 1376 3743 Tur.

231 3776 284 3824 Eri.
301 3800 333 3815 -
349 3778 418 3821 satuti·
435 3777 517 3821 ciuium
533 3773 639 3831 ‚,alias“
651 3775 736 3833 populu·
751 3774 781 3822 P.

299 3886 311 3949 t
329 3887 368 3936 10.
385 3888 452 3933 ouer.
475 3887 531 3931 esu
552 3873 653 3931 mmo
674 3883 704 3931 Ρ.
721 3909 754 3923 -
771 3886 796 3929 n
817 3878 942 3931 ebroarum
963 3885 992 3933 c.
1010 3888 1042 3932 P.
1058 3888 1120 3933 aian
1142 3887 1200 3950 (ue)
1224 3889 1255 3937 a.
1272 3906 1306 3939 ex
1322 3890 1376 3936 nau

232 3973 355 4024 intellecto
378 3972 522 4032 compendio
547 3971 571 4017 G.
594 3972 638 4026 1t,
663 3971 729 4032 quod
750 3975 785 4017 eet
807 3969 832 4015 iu
856 3970 917 4018 eor.
936 3971 966 4017 lt.
982 3995 1015 4009 -
1028 3973 1146 4022 ,nmmo
1162 3972 1192 4024 T.
1210 4000 1243 4012 -
1256 3977 1375 4034 promia

233 4059 332 4105 decrerit
352 4056 459 4118 Madvig.
483 4070 536 4103 cum
552 4055 614 4104 (lod.
631 4055 655 4103 in
671 4070 748 4116 marg.
764 4070 817 4121 rep.
833 4056 917 4102 bamb.
950 4055 1000 4103 Mei
1017 4056 1105 4104 babent
1121 4059 1232 4107 decreuit
1248 4085 1283 4097 -
1299 4062 1374 4108 Mica·
1410 4113 1411 4116 Ἰ

232 4167 456 4190 ..Ρ-..-
553 4127 555 4130 l
1126 4167 1129 4168 γ

300 4227 312 4289 5
336 4229 435 4275 10.uou
456 4228 575 4291 neminem]
594 4230 733 4278 Scholiasta
748 4228 917 4277 Groucrianus
934 4231 963 4284 Q.
978 4230 1101 4278 Metellum
1118 4233 1240 4293 Nepotem
1258 4231 1373 4297 significori

234 4318 317 4372 putata
331 4297 375 4358 'sed
391 4310 531 4361 Bobieusisr
551 4315 623 4359 Ενωιτ
637 4319 710 4359 uatem
727 4316 758 4360 P.
777 4315 883 4370 Clodiam
900 4318 929 4362 1..
949 4317 1085 4374 Calpurnius
1101 4320 1159 4364 Piso
1175 4324 1199 4364 et
1214 4321 1246 4365 A.
1261 4321 1373 4367 w.

235 4397 274 4454 qur·
291 4396 315 4440 iu
331 4399 432 4442 seudum
446 4397 522 4441 mune
538 4400 671 4452 nolanum,
687 4412 714 4444 rue
732 4399 791 4457 qaod
808 4400 832 4444 iu
843 4401 974 4446 miraretur
985 4404 1121 4459 supplicium
1133 4404 1267 4462 depromere
1278 4416 1374 4465 rogem
