2850 4759
185 289 251 353 ‘st
681 282 917 353 CICERONIS
945 339 948 346 .
976 295 977 298 ’

212 446 387 517 racusanis
414 445 614 514 reservavit.
634 519 636 522 ,
654 445 800 511 Romam
822 462 912 525 quac
936 452 1116 525 apportata
1135 451 1232 518 sunt,
1267 438 1310 507 ad
1336 461 1382 507 ac·

213 548 290 615 dem
330 549 478 616 Honoris
505 560 540 615 ot
572 547 721 613 Virtutis
755 546 902 627 itemque
932 542 1006 611 aliis
1036 544 1070 609 in
1102 541 1185 609 locis
1217 542 1381 609 videmus.

211 649 302 717 Nihil
324 651 357 717 in
376 650 531 725 aedibus,
559 648 640 717 nihil
665 650 700 714 in
725 646 834 713 hortis
857 647 987 731 posuit,
1010 643 1091 711 nihil
1115 645 1149 711 in
1174 645 1383 711 suburbano:

211 754 364 834 putavit,
385 754 412 820 si
441 752 534 820 urbis
556 761 758 818 ornamenta
780 747 921 814 domum
947 768 1044 815 suarn
1070 768 1134 812 noo
1163 743 1379 830 contulisset,

212 853 353 919 domum
382 874 480 920 suam
518 863 720 919 ornamento
752 851 827 917 urbi
855 850 1020 918 futuram.
1061 846 1251 929 Syracusis·
1272 858 1382 913 auten

210 954 386 1036 permulta
404 966 505 1036 atquc
524 953 660 1036 egregia
680 949 832 1034 reliquit:
854 950 955 1017 deum
976 970 1058 1016 vcro
1081 948 1212 1015 nullum
1233 947 1383 1023 violavit,

211 1054 344 1121 nullum
379 1054 513 1133 attigit·
554 1053 717 1120 conferte
747 1052 905 1118 Verrem:
939 1074 1008 1118 non
1038 1062 1078 1117 ut
1104 1049 1277 1116 hominem
1311 1072 1383 1116 cunr

211 1156 349 1222 homino
370 1155 594 1237 comparetis,
615 1175 740 1237 nequa
761 1152 818 1220 tali
835 1154 908 1219 viro
928 1165 1066 1219 mortuo
1088 1152 1148 1217 liat
1166 1152 1311 1230 iniuria3
1333 1151 1383 1219 sul

212 1268 251 1323 ut
274 1278 392 1339 pacem
417 1279 494 1323 cum
515 1255 622 1337 bello,
644 1256 737 1336 leges
755 1276 833 1321 oum
855 1255 906 1331 vi,
928 1255 1041 1321 forum
1065 1266 1099 1320 ct
1118 1252 1384 1320 iurisdictionem

212 1382 291 1428 oum
314 1360 408 1425 ferro
434 1371 467 1424 ct
490 1357 819 1441 armis‚‘adventum
844 1368 879 1424 et
906 1358 1106 1423 comitatum
1131 1375 1209 1423 cum
1233 1355 1383 1421 exercitu

213 1474 248 1527 et
271 1462 415 1528 victoria
444 1460 640 1526 conferatis.
826 1517 829 1521 .
1134 1484 1157 1512 ’-

127 1576 253 1643 ww
290 1561 360 1627 LV.
401 1561 505 1629 Aedis
532 1562 711 1630 Minervae
740 1571 792 1627 est
815 1560 849 1627 in
874 1558 1005 1635 Insula,
1041 1558 1083 1626 dc
1108 1571 1278 1641 quavante
1306 1559 1385 1625 dixi:

213 1683 312 1744 quarn
334 1661 521 1730 Marcellus
546 1685 614 1728 non
639 1661 769 1740 attigit,
810 1684 911 1743 qnam
940 1661 1074 1744 plenam
1105 1676 1206 1743 atquc
1231 1676 1385 1728 ornatam

213 1764 363 1846 reliquit,
391 1786 476 1847 quae
493 1766 533 1834 ab
552 1766 618 1831 isto
642 1767 692 1829 sic
719 1760 863 1842 spoliata
884 1777 983 1845 atquc
1011 1761 1140 1845 direpta
1160 1776 1229 1846 cst,
1262 1785 1334 1829 non
1357 1775 1388 1828 ut

213 1868 254 1932 ab
280 1865 378 1932 hoste
401 1865 533 1947 aliquo,
566 1866 621 1947 qui
643 1876 757 1931 tamen
780 1864 812 1930 in
842 1862 930 1930 bello
959 1863 1160 1943 religionum
1190 1877 1225 1930 et
1246 1887 1387 1931 consuc-

215 1966 339 2036 tudinis
357 1968 429 2033 iura
446 1968 653 2041 contineret,
674 1964 736 2031 scd
757 1977 795 2030 ut
815 1987 833 2032 a
852 1966 1003 2033 barbaris
1022 1966 1247 2047 praedonibus
1268 1979 1389 2033 vexata

214 2089 289 2134 esse
314 2068 478 2134 virlcatur.
520 2067 639 2146 Pugna
668 2079 741 2131 erat
768 2068 933 2148 equestris
964 2066 1147 2146 Agathocli
1173 2068 1263 2146 regis
1284 2067 1320 2133 in
1345 2081 1388 2141 ta·

144 2223 146 2229 ,
214 2168 301 2236 bulis
325 2170 434 2250 picta:
469 2166 651 2234 bisantem
674 2166 795 2234 tabulis
820 2169 999 2234 interiores
1027 2166 1141 2248 templi
1164 2170 1307 2249 parietes
1333 2191 1391 2234 vc·

214 2271 411 2338 sticbantur.
463 2268 554 2335 Nihil
575 2281 648 2335 erat
677 2289 717 2333 ea
741 2271 874 2348 pictura
897 2268 1061 2343 nobilius,
1092 2267 1174 2334 nihil
1198 2270 1389 2349 Syracusis,

215 2371 306 2455 quod
328 2373 436 2450 magis
459 2370 638 2437 visendum
660 2380 848 2450 putaretur.
890 2369 959 2435 Has
978 2367 1108 2435 tabulas
1126 2370 1175 2436 M.
1190 2370 1389 2448 Marcellus,

215 2497 293 2542 curn
325 2475 436 2539 omnia
466 2471 609 2537 victoria
642 2470 698 2535 illa
727 2491 790 2536 sua
818 2471 958 2550 profana
988 2470 1144 2551 fecisset,
1176 2483 1290 2539 tamen
1318 2474 1390 2539 reli-

161 2627 165 2630 ,
200 2577 317 2653 ,ginno
341 2572 523 2653 impeditus
548 2591 617 2634 non
639 2571 768 2649 attigit:
792 2572 872 2648 isto,
896 2594 973 2638 cum
997 2571 1053 2637 illa
1071 2573 1137 2637 iarn
1159 2587 1304 2655 propter
1323 2576 1391 2642 din·

218 2688 352 2740 turnarn
378 2677 496 2754 paoem
523 2670 788 2753 fidelitatemque
816 2672 931 2755 populi
960 2675 1163 2755 Syracusani
1192 2697 1291 2742 sacra
1319 2678 1390 2743 roli-

216 2776 380 2855 giosaquo
412 2773 617 2854 accepisset,
649 2793 768 2840 onmes
796 2794 853 2842 cas
884 2776 1013 2844 tabulas
1042 2775 1197 2845 abstulit:
1229 2781 1390 2860 parietes,

216 3092 248 3137 N.
271 3091 329 3138 543.
351 3092 375 3137 C.
394 3091 509 3135 Murius·
524 3109 536 3124 ·
552 3091 580 3134 de
597 3087 710 3135 manebis
733 3088 855 3134 Cimbricis
873 3095 896 3135 et
911 3091 1041 3145 Teutonicis
1057 3056 1135 3146 certem
1152 3092 1251 3152 Honori
1269 3099 1293 3140 et
1310 3096 1392 3152 Virtuti

216 3176 292 3218 uictor
307 3172 375 3230 fecit.
392 3172 473 3232 (llic,
491 3178 517 3218 nt
536 3187 581 3231 per
596 3188 621 3218 ec
638 3173 794 3231 intelligitur,
811 3185 890 3221 sermo
910 3179 946 3220 est
962 3175 991 3219 (lo
1012 3171 1108 3233 templis
1120 3188 1136 3219 s
1156 3175 1280 3222 Marcello
1298 3182 1392 3221 exstru-

217 3254 261 3301 ctis
279 3254 322 3299 cfr.
340 3252 419 3313 5123.
437 3255 544 3299 Honoris
561 3260 627 3313 atque
649 3257 754 3300 Virtutis.
775 3253 846 3312 Ern.)

285 3372 297 3433 l
320 3375 375 3419 122.
400 3376 464 3419 nortis
481 3390 514 3421 ex
540 3377 681 3423 melioribus
706 3375 785 3422 Codd.
811 3369 845 3422 Z.
865 3385 911 3432 pro
932 3373 1007 3416 cecles-
1025 3394 1060 3406 -
1084 3372 1237 3430 religionum]
1255 3375 1395 3431 religionem

142 3505 144 3509 ι
218 3454 279 3512 Reg.
298 3455 363 3499 Leid.
399 3455 444 3499 Sed
466 3459 575 3513 praestat
600 3457 741 3512 religionum
767 3458 827 3501 iuro.
846 3479 879 3489 -
900 3453 1043 3510 contineret]
1068 3455 1128 3512 llcg.
1145 3456 1212 3500 Leid.
1233 3456 1259 3499 id
1279 3462 1316 3502 est
1338 3471 1395 3500 con·

217 3538 331 3585 seruaret,
350 3548 386 3592 pr.
405 3538 620 3587 cremnensium,
633 3535 769 3591 fcstltclten.
791 3539 821 3582 cle
839 3538 948 3590 Offiffl,
965 3536 1006 3580 24.
1023 3537 1085 3579 nulla
1104 3549 1141 3579 res
1154 3541 1306 3582 rrelremeutins
1321 3554 1395 3596 remp.

185 3661 192 3673 ,
217 3619 357 3662 continet
372 3630 439 3675 quom
457 3603 527 3675 fides.
563 3616 652 3676 (Quom
672 3620 873 3678 cognmentum
892 3629 944 3664 curn
964 3618 1118 3677 ignorarent,
1136 3619 1318 3677 interpolatum
1338 3627 1396 3667 reti·

217 3703 281 3744 neret
300 3699 373 3759 sgan.
397 3695 443 3760 Z.)
461 3725 495 3735 -
512 3693 659 3758 proruente]
687 3702 747 3759 Reg.
774 3698 800 3747 Z.
835 3702 875 3747 Ex
903 3703 951 3747 hoc
980 3702 1071 3745 lactum
1099 3702 1138 3747 vol
1159 3705 1231 3759 pictis
1253 3707 1300 3748 tuiis
1327 3707 1396 3751 Leid.

142 3798 145 3801 ’
217 3784 257 3828 vel
271 3786 403 3838 praeclaris
426 3783 500 3841 Sgall.
535 3782 592 3826 Hoc
613 3795 692 3827 rursus
710 3798 726 3827 a
741 3784 820 3841 Naug.
837 3787 999 3829 emendatum:
1014 3786 1079 3839 picta
1089 3787 1278 3840 praeclareenn
1291 3789 1348 3833 Ero.
1361 3814 1398 3827 -

213 3864 318 3922 profana
334 3864 441 3923 fecisset]
467 3864 561 3907 Constat
588 3873 665 3907 omnes
688 3865 754 3908 ucles
774 3868 797 3907 in
817 3868 914 3910 alicuius
936 3868 973 3909 det
999 3880 1045 3909 csse
1065 3869 1135 3911 tutela
1157 3882 1288 3927 moremque
1306 3873 1398 3915 Rorna-

216 3962 299 3993 norum
321 3960 431 3991 arcannm
449 3948 567 3990 simultis
587 3949 690 4004 ignotum
704 3946 795 4003 scisse,
813 3952 851 4000 ut,
875 3962 926 3992 curn
943 3948 1074 3992 obsiderent
1088 3950 1165 3993 urbem
1181 3952 1281 3995 tortium
1301 3967 1399 4010 eamque

217 4032 264 4075 ium
284 4031 337 4086 capi
355 4043 424 4085 posse
445 4028 595 4085 confiderent,
622 4034 684 4074 certo
700 4031 802 4073 carmine
816 4033 938 4075 evocarent
957 4033 1065 4075 tutelares
1087 4034 1158 4086 rienes
1183 4036 1245 4090 qnorl
1263 4040 1304 4078 eret
1323 4037 1400 4078 aliter

216 4113 294 4155 urbem
322 4114 375 4166 capi
397 4125 467 4167 posse
491 4125 540 4157 non
561 4113 691 4164 crederent,
718 4115 773 4162 cut,
799 4112 821 4154 si
838 4118 933 4167 posset,
963 4111 1029 4169 nefus
1050 4115 1212 4158 eristtmcrmt
1230 4118 1285 4160 eleos
1309 4117 1399 4161 tubere

217 4194 329 4250 captivos.
347 4193 458 4239 Macrob.
476 4194 526 4258 Set.
547 4194 577 4250 3,
595 4196 618 4241 9.
654 4195 684 4240 In
708 4194 766 4239 urbe
782 4192 855 4253 igitur
875 4197 950 4250 capla
970 4192 1121 4239 altomonte
1147 4193 1206 4238 nihil
1237 4195 1287 4240 iarn
1313 4198 1398 4262 sueri⁸

216 4277 322 4343 protono
342 4277 424 4328 omnia
445 4285 520 4331 crunt·
