2850 4759
380 211 780 291 praesensum,
810 234 841 280 c.
863 214 912 282 u.
1179 215 1238 278 m
1272 292 1275 303 ,

129 373 271 445 XXXI.
315 371 400 439 Cum
432 372 537 438 verbe
564 392 628 437 uos
655 390 696 438 eo
725 368 872 451 ducunt,
907 381 977 436 tum
1000 389 1054 436 res
1075 370 1148 452 ipsa
1169 367 1239 437 hoe

65 479 183 544 sentire
204 488 302 557 atque
323 471 512 551 intelligere
534 472 638 552 cogit.
681 470 834 547 Etenim,
867 471 967 555 Piso,
1003 469 1123 545 (redeo
1145 492 1238 539 nune
1302 488 1307 494 ’

64 577 98 642 ad
117 576 176 643 illa
197 575 361 656 principia
383 573 591 639 defensionis
614 580 744 647 meae),
772 572 799 637 si
816 571 891 652 quis
909 573 1000 641 te‘ex
1014 571 1153 638 aedibus
1171 573 1237 639 tuis
1273 562 1274 566 ¹

63 679 105 753 vi,
123 675 319 742 hominibus
342 674 483 738 armatis
503 671 684 750 deiecerit,
708 671 788 754 qnid
811 672 913 754 agee?
935 672 1083 754 Opinor,
1106 671 1171 739 boe
1186 673 1237 739 iu·

65 777 219 850 terdicto,
241 796 307 857 quo
329 795 390 840 nos
412 775 463 842 usi
486 794 624 851 sumus,
646 792 860 854 persequere.
904 771 1023 861 Quid?
1055 774 1082 840 si
1098 773 1154 855 qui
1168 773 1237 840 iam

64 877 99 944 de
117 876 198 942 foro
227 874 426 940 redeuntem
455 877 596 941 armatis
624 872 818 940 hominibus
846 871 987 939 domum
1017 883 1109 938 tuam
1134 885 1166 939 te
1186 875 1238 941 in-

66 980 164 1052 troire
178 976 417 1059 prohibuerit?
439 978 518 1059 quid
536 974 644 1057 ages⁴.>
665 974 770 1042 Utere
786 969 908 1038 eodem
923 973 1117 1041 interdicto.
1144 975 1238 1065 ¹Cum

64 1079 162 1157 igitur
179 1091 318 1160 praetor
339 1078 571 1152 interdixerit,
594 1073 684 1141 uude
704 1074 856 1140 deiectus
879 1094 933 1160 es,
955 1086 1055 1142 uteo
1077 1076 1239 1143 restitua-

63 1180 118 1257 ris,
154 1190 189 1244 tu
213 1178 279 1244 hoo
299 1178 407 1258 idern,
440 1177 531 1260 quod
560 1197 622 1255 ego
651 1172 727 1239 dieo
757 1175 901 1256 etquod
923 1175 1143 1263 perspicuum
1165 1189 1238 1260 est,

63 1280 344 1361 interpretabere:
375 1301 453 1344 cum
477 1277 558 1360 iliud
581 1276 742 1351 verbum,
765 1277 886 1354 Uunn,
909 1277 943 1342 in
964 1288 1142 1361 utramque
1165 1290 1238 1346 rem

63 1482 153 1546 stitui
173 1491 352 1561 oportere,
374 1480 402 1545 si
424 1499 443 1543 e
464 1475 652 1555 vestibulo,
682 1477 833 1558 quamsi
855 1496 901 1543 ea
921 1479 1081 1545 interiore
1103 1479 1238 1567 aedium

62 1593 153 1660 parte
175 1580 326 1645 deiectus
348 1579 405 1646 sis.

137 1680 183 1748 Ut
212 1701 295 1747 vero
323 1681 410 1760 iam,
445 1690 723 1764 recuperatores,
755 1677 849 1746 nulla
876 1679 1040 1749 dubitatio
1067 1684 1131 1760 sit,
1166 1683 1238 1750 sive
1259 1676 1300 1740 90
1396 1710 1406 1721 ·

62 1799 127 1845 rem
151 1781 223 1845 sire
245 1781 347 1846 verba
367 1793 524 1862 spectare
544 1778 663 1856 voltis,
685 1781 765 1861 quin
789 1780 977 1848 secundum
993 1804 1056 1850 nos
1073 1782 1240 1862 iudicetis,

64 1879 212 1944 exoritur
233 1878 287 1943 hio
307 1880 374 1945 iam
396 1881 527 1946 obrutis
550 1881 650 1969 rebus
672 1881 829 1948 omuibus
852 1898 882 1947 et
897 1882 1037 1965 perditis
1053 1880 1108 1949 illa
1123 1883 1242 1953 defeu-

63 1982 128 2056 sio,
151 1999 228 2046 eum
252 1974 349 2045 deiiei
371 2000 489 2067 posse,
511 1981 566 2062 qui
590 1992 661 2068 turn
682 1969 876 2062 ⁴possideam
897 1985 1037 2064 quinon
1054 1983 1241 2066 possideat,

64 2079 285 2165 nullomodo
312 2099 432 2169 posset,
465 2081 593 2162 itaque,
627 2082 656 2150 si
684 2102 748 2163 ego
771 2079 836 2149 sim
858 2105 876 2150 a
900 2084 966 2151 mie
988 2080 1128 2153 aedibus
1151 2085 1242 2152 dete·

66 2173 152 2265 etus,
172 2180 305 2259 restitui
327 2202 395 2247 uon
417 2193 596 2262 oportere:
624 2182 651 2249 si
675 2184 748 2263 ipse
770 2182 838 2259 sis,
861 2196 1031 2266 oportere,
1071 2187 1239 2265 Numera,

64 2303 159 2362 qaiarn
181 2279 289 2358 nauita
310 2282 343 2347 in
365 2283 429 2348 ista
452 2280 650 2349 defensione
671 2280 758 2346 falsa
780 2285 868 2363 sint,
888 2285 979 2350 Piso.
1023 2288 1075 2350 Ae
1090 2286 1240 2365 primum

63 2381 142 2447 iilud
163 2380 319 2459 attende,
352 2395 384 2448 te
412 2385 478 2476 iam
509 2404 553 2448 ex
582 2380 637 2446 iiia
665 2383 894 2451 rationeesse
916 2383 1116 2471 depulsum,
1148 2385 1242 2468 quod

62 2485 205 2562 negabas
235 2504 438 2566 quemquam
468 2483 566 2550 deiici
593 2483 709 2562 posse,
741 2484 804 2549 nisi
827 2482 918 2559 inde,
945 2487 1008 2560 irbi
1031 2497 1103 2565 tum
1126 2498 1238 2552 esset:

62 2585 123 2651 iam
144 2604 249 2672 posse
269 2583 449 2667 comedim
481 2604 576 2662 eum,
609 2586 761 2664 quinon
789 2584 982 2666 possideat,
1015 2608 1119 2666 negas
1142 2587 1242 2668 deiiei

62 2707 170 2770 ppsse.
214 2686 284 2757 Cur
300 2705 388 2764 ,ergo
411 2686 516 2775 autin
528 2683 615 2751 iilud
630 2684 864 2768 quotidianum
881 2685 1115 2769 interdictum,
1136 2687 1239 2757 Uror
1260 2716 1301 2780 91

64 2807 139 2853 rnen
152 2809 206 2853 ΜΕ
220 2808 260 2852 vr
274 2806 436 2863 DEJEctr,
459 2783 612 2860 additur,
636 2786 718 2852 Cum
736 2806 807 2852 noo
825 2808 1072 2867 rossrnnnsar,
1094 2791 1121 2854 si
1141 2789 1241 2854 deiici
1272 2864 1273 2867 Ἴ

63 2907 157 2954 nemo
180 2899 312 2968 potest,
335 2888 391 2968 qui
413 2909 480 2953 non
503 2885 685 2966 possidere
708 2899 768 2952 aut
788 2888 821 2952 in
843 2885 908 2951 hoe
930 2889 1165 2964 interdictum,
1187 2889 1239 2970 De

65 3006 260 3055 noumrnus
283 3007 462 3061 armaris,
485 3009 552 3051 non
575 2986 727 3071 additur,
750 2989 778 3052 si
801 2978 939 3068 oportet
961 2975 1093 3069 quaeri,
1121 2982 1240 3069 posse-

66 3085 165 3165 derit,
201 3088 335 3153 necne?
366 3087 481 3166 Negas
504 3086 620 3162 deiici,
652 3089 714 3154 nisi
746 3088 800 3168 qui
830 3086 1034 3167 possideat?
1072 3077 1238 3166 Ostendb,

66 3187 92 3251 si
119 3190 189 3255 sine
217 3189 357 3255 armatis
386 3190 558 3254 coactisve
585 3186 778 3253 hominibus
807 3182 959 3254 deiee'tus
987 3177 1153 3269 quispiam
1181 3191 1237 3265 sit,

66 3306 156 3371 enm,
178 3291 233 3373 qui
249 3291 400 3356 fateatur
411 3311 448 3356 se
462 3289 642 3358 deiecisse.
668 3290 804 3353 vincere
817 3291 1058 3372 sponsionem,
1079 3290 1107 3354 si
1125 3301 1242 3357 osten·¹
1337 3277 1340 3285 ’

68 3386 139 3466 dat,
159 3412 237 3456 eum
259 3414 328 3456 non
349 3389 555 3472 possedisse.
594 3390 708 3469 Negas
732 3391 848 3483 deiiri,
875 3393 938 3457 nisi
960 3393 1014 3473 qni
1037 3389 1238 3477 possideat?

68 3486 211 3571 Ostende
235 3513 279 3559 ex
298 3493 365 3558 hoe
379 3489 582 3570 interdicto,
605 3490 657 3581 Dn
673 3513 831 3559 tamaris
849 3484 1067 3585 noumurus,
1087 3492 1142 3575 qui
1161 3482 1240 3575 pos·

71 3650 283 3668 Ἣ

22 3836 24 3841 ⁴
83 3766 87 3775 ⁴
129 3771 198 3832 §9st
222 3772 269 3820 nisi
286 3776 353 3827 inde,
380 3771 419 3820 ubi
434 3780 481 3819 tum
500 3781 575 3830 esset3
598 3777 645 3820 ium
662 3782 733 3832 poree
754 3773 870 3834 concedis]
896 3774 935 3820 Si'c
955 3773 1080 3822 emendavi
1101 3788 1163 3820 nunc
1178 3783 1239 3820 ‘cor-

70 3862 157 3912 ruptam
181 3858 328 3916 scripturam
347 3859 398 3903 Erf.
423 3866 447 3904 et
468 3859 514 3903 Ed.
538 3859 599 3904 Vera.
623 3861 670 3902 uiri
691 3859 808 3902 indubium
827 3871 874 3901 erre
894 3861 964 3902 etium
982 3871 1008 3914 p.
1028 3871 1048 3903 e.
1083 3857 1158 3915 Apud
1180 3857 1239 3902 Ern.

70 3932 100 3978 tic
115 3945 162 3984 est:
178 3942 239 3998 quod
261 3941 363 3998 negabor
385 3940 520 3999 quemquem
540 3943 611 3985 deidei
626 3954 710 3999 posse,
737 3943 783 3983 nisi
800 3943 840 3998 qui
857 3943 881 3985 in
901 3955 928 3984 eo
947 3939 1100 3997 locosuerit3
1122 3949 1181 3982 nuere
1200 3941 1241 3997 qui

66 4014 189 4077 possidear,
211 4024 302 4067 etiamsi
318 4036 364 4067 non
373 4014 452 4081 suerit
468 4025 492 4067 in
510 4030 536 4067 eo
554 4016 622 4077 loco,
640 4018 711 4069 deidei
723 4034 794 4078 posse
807 4025 918 4068 concedes.
945 4023 1059 4079 Curergo
1072 4025 1118 4065 cet.
1148 4018 1239 4072 Verba,

69 4106 223 4168 quaesierunt
239 4108 305 4166 apud
328 4105 386 4151 Em.
408 4121 457 4150 eum
472 4108 512 4165 qni
524 4119 570 4150 aon
588 4107 725 4162 possideat,
743 4117 813 4162 negas
828 4104 897 4149 deiicr'
909 4120 981 4162 posse
998 4106 1123 4151 firmantur
1138 4102 1170 4173 ab
1185 4099 1238 4146 Erf.

129 4207 141 4269 ᾗ
162 4213 202 4258 91.
219 4211 346 4274 quispiam]
367 4213 420 4260 Erf.
437 4187 604 4273 quisperant).

903 4312 924 4374 8
