2850 4759
280 292 451 363 ORATIO
479 296 725 365 PHlLlPPlCet
749 301 866 378 XIV„
889 321 918 364 e.
942 305 973 369 8.
1160 306 1219 367 tt‘s

111 454 214 517 vltt.
257 451 340 539 Sed,
373 452 461 534 quod
486 465 556 521 tum
578 474 645 522 nort
667 452 778 534 licuit,
811 457 929 524 Patres
952 462 1152 542 conscripti,
1185 461 1218 526 id

33 552 98 619 boc
121 565 280 636 tempore
305 577 371 621 non
393 555 504 622 solum
528 556 621 634 lieet,
645 576 764 623 verum
780 561 881 625 etiam
897 581 1037 628 necesse
1052 574 1122 636 est,
1145 583 1216 647 eos,

34 656 89 736 qui
111 676 151 720 re
173 668 254 747 sunt
276 656 409 732 hostes,
442 657 554 725 verbis
576 660 704 737 notari,
738 663 917 728 sententiis
944 665 1073 730 uostris
1101 664 1216 731 hostes

31 755 204 847 iudicari.
230 760 340 823 Antea
363 779 442 825 cum
465 757 596 826 bostem
618 760 821 829 autbellurn
838 765 1088 843 nominassem,
1111 766 1217 833 semel
1238 763 1278 823 22

34 870 66 924 et
84 861 224 940 saepius
246 861 448 926 seutentiam
471 882 581 929 ineam
604 862 646 928 de
669 885 812 931 numero
834 867 1079 934 sententiarum
1101 881 1217 934 sustu·

33 957 162 1039 terum,
193 959 283 1042 quod
310 960 436 1028 inhae-
456 983 560 1029 eausa
580 966 646 1030 iam
668 966 741 1032 fieri
762 989 831 1032 non
852 979 977 1049 potest.
1019 968 1074 1034 Ex
1097 968 1217 1037 litteris

34 1064 121 1129 euim
144 1064 186 1129 C.
204 1065 350 1142 Pansae,
370 1065 412 1130 A.
429 1064 546 1148 Hirtii,
570 1066 768 1146 consulum,
792 1069 827 1135 C.
846 1070 1019 1147 Caesaris,
1041 1093 1103 1152 pro
1118 1094 1217 1152 prac-

35 1176 124 1243 tore,
157 1163 201 1230 de
230 1164 360 1231 horrore
387 1165 450 1231 dria
478 1167 726 1236 immortalibus
749 1169 903 1237 habendo
925 1175 1111 1239 seutentias
1134 1175 1216 1240 dici·

35 1270 119 1335 um's.
158 1262 453 1347 'supplicationem
483 1267 587 1337 inodo
616 1272 673 1352 qui
701 1269 871 1350 decrerit,
906 1273 994 1363 idem
1017 1275 1216 1356 imprudens

35 1366 146 1434 hostes
176 1367 354 1447 iudicavit3
394 1382 567 1459 nun-quam
596 1372 685 1437 enim
713 1372 747 1438 iu
775 1372 864 1440 civili
895 1374 983 1442 bello
1012 1375 1216 1458 supplicatio

36 1469 170 1536 decreta
191 1480 260 1537 est:
291 1468 430 1536 decreta·
450 1469 555 1538 dico?
577 1490 619 1538 ne
640 1474 781 1541 victoris
803 1475 937 1557 quidem
962 1476 1082 1544 litterIs
1098 1491 1216 1559 postu·

37 1566 99 1636 lata
126 1583 190 1638 est.
248 1569 357 1648 Civile
381 1569 510 1638 bellarm
538 1573 659 1641 consul
685 1574 778 1641 Sulla
805 1579 930 1667 gesan,
964 1576 1152 1657 legionibus
1182 1581 1213 1646 in
1236 1583 1274 1643 23

37 1672 147 1737 urbem
172 1672 349 1751 adductis,
370 1695 455 1754 qtros
478 1673 601 1750 voluit,
624 1674 785 1756 expulit,
808 1700 894 1760 quos
918 1680 1046 1763 potuit,
1068 1682 1216 1760 occidit,

38 1773 289 1855 supplicationis
311 1776 438 1841 mentio
461 1775 563 1841 nulla.
607 1776 721 1843 Grave
743 1777 867 1845 bellum
884 1782 1107 1847 Octavianum
1126 1783 1215 1848 iose-

39 1885 148 1941 outum
171 1887 243 1954 cst3
273 1874 476 1958 supplicatio
500 1878 737 1967 ‘Cinnaenulla
760 1881 913 1947 victoris.
957 1883 1084 1948 Cirmae
1106 1883 1213 1951 vieto·

40 1974 114 2041 riam
142 1977 331 2059 imperator
360 1977 451 2044 ultus
480 1995 533 2045 est
553 1977 664 2055 Sullas
695 1978 787 2046 nulla
809 1980 1012 2062 supplicatio
1035 1983 1172 2050 decreta
1194 2009 1214 2052 a

39 2090 162 2169 senatu.
207 2079 261 2145 Ad
285 2090 316 2146 te
344 2080 474 2163 ipsum,
506 2082 544 2146 P.
573 2080 712 2159 Servili,
744 2104 826 2148 num
854 2084 946 2149 misit
973 2083 1059 2151 ullas
1081 2084 1214 2165 collega

43 2195 228 2213 ...ι-.-

40 2270 74 2317 bie
89 2273 214 2334 insperato
232 2290 246 2322 e
263 2274 381 2322 librorum
398 2275 504 2322 tenebris
521 2268 632 2331 emeisit,
662 2274 726 2322 idem
750 2280 786 2322 est
809 2291 864 2324 eum
881 2278 910 2326 C.
924 2277 1059 2326 Volusieno
1070 2281 1211 2337 Quadrato,

39 2355 126 2405 tribuno
137 2360 241 2406 militnm
251 2360 296 2406 sub
308 2359 416 2406 Caesare
433 2362 510 2413 „etro
527 2363 550 2404 et
565 2360 660 2403 comitii
676 2360 759 2417 magui
775 2365 799 2404 et
811 2362 939 2409 virutum
956 2362 1050 2409 Caesar
1063 2363 1092 2409 B.
1105 2365 1136 2410 G.
1149 2366 1174 2421 3,
1187 2365 1212 2412 5.

41 2439 66 2493 8,
81 2438 120 2488 28.
154 2443 224 2489 ldem
248 2443 378 2489 attributus
401 2440 512 2488 Antonio
536 2442 674 2501 praefectus
699 2442 808 2503 equitum
830 2444 888 2489 ibid.
911 2459 934 2490 c.
958 2445 1000 2490 48.
1025 2445 1054 2492 Β.
1073 2447 1151 2502 (1.3,
1170 2450 1212 2493 od.

41 2521 118 2572 Quidni
135 2525 210 2585 igitur
227 2524 330 2572 Antonii
348 2525 455 2579 assecla,
480 2525 588 2571 tribuous
606 2527 641 2584 pl.
659 2540 683 2571 a.
702 2540 725 2572 u.
743 2540 765 2571 e.
784 2526 842 2571 tlt.
860 2526 946 2583 luerit,
969 2529 1014 2574 etsi
1032 2531 1062 2575 de
1080 2531 1127 2575 hoc
1145 2531 1213 2576 nullu

41 2605 83 2649 alia
99 2610 215 2656 memoria
234 2610 323 2655 restat?
360 2606 441 2667 Volgo
465 2607 499 2654 sic
517 2607 611 2654 edituri
642 2609 702 2652 idem
729 2610 859 2653 Ventidium
877 2625 927 2655 eum
945 2613 989 2655 atti
1006 2613 1121 2657 tribunum
1136 2614 1213 2670 pratu

40 2689 168 2747 mutuae,
198 2706 247 2737 noa
268 2707 314 2750 ego
334 2704 424 2748 semper
446 2693 553 2737 hostem?
588 2689 628 2736 Ad
653 2705 676 2738 r.
694 2693 783 2737 doatem
805 2698 830 2738 et
848 2695 1022 2751 praecedentes
1039 2695 1213 2743 eiusdemmodi

41 2775 182 2823 mandros
200 2777 288 2836 supple
310 2774 427 2831 „ceusui,
453 2773 613 2830 nominari,“
640 2776 707 2834 quod
725 2775 787 2821 inest
804 2774 828 2821 iu
847 2790 886 2822 vr.
904 2777 1127 2825 tormentandus
1143 2793 1213 2826 mue

98 2880 167 2942 §22
191 2867 300 2943 dicbnss]
326 2896 389 2929 nune
416 2897 471 2928 enan
488 2883 605 2928 maxime.
640 2883 679 2929 Sic
703 2882 801 2943 egregie
824 2882 853 2928 B.
878 2897 926 2942 pro
947 2883 1028 2930 dcv.
1047 2887 1161 2933 dirimas.
1178 2912 1214 2928 .-

40 2960 133 3017 deereta,
153 2966 245 3026 dicut]
264 2973 290 3013 ut
306 2973 374 3012 recte
391 2967 662 3019 conieceratFadruus,
680 2966 782 3012 Oxonn.
800 2969 864 3022 deo,
882 2972 908 3012 ut
925 2980 1000 3025 supra
1016 2966 1078 3026 iffi·
1097 2972 1212 3022 tortium,

41 3043 105 3101 dieat
128 3049 193 3095 Nam
214 3051 240 3096 in
261 3051 298 3096 leis
321 3050 346 3096 id
370 3051 452 3110 agitur
469 3053 613 3105 dumtaxat,
641 3054 720 3094 utrum
738 3056 806 3093 recto
825 3048 948 3096 'vocabulo
965 3050 990 3094 in
1008 3051 1139 3109 praeeedd.
1157 3064 1212 3098 usus

41 3124 67 3169 sit
82 3136 164 3179 orator
182 3147 276 3190 neene3
300 3130 358 3180 ideo
376 3133 427 3181 sine
445 3134 496 3179 ulla
513 3132 649 3178 mutatione
667 3134 825 3190 repetendum
842 3138 886 3179 est.
922 3134 1006 3179 Nostri
1023 3148 1078 3179 cum
1096 3134 1209 3193 volgatas

41 3207 141 3260 decretam
158 3218 220 3263 dieo.
266 3256 270 3265 ,
418 3212 422 3215 ’

96 3317 166 3379 528.
185 3326 269 3370 bellum
291 3324 452 3384 Octauianum]
471 3324 558 3378 „Sulla
573 3325 689 3380 primus
706 3325 785 3368 ariera
801 3325 901 3370 Romam
918 3329 1021 3370 armatus
1038 3326 1154 3383 ingressus
1170 3330 1211 3378 est,

42 3394 155 3452 Sulpiciam
178 3405 308 3464 interfecit,
336 3407 439 3455 Mariam
458 3403 570 3472 fugauit'r
597 3408 665 3465 utque
688 3407 722 3451 ita
749 3408 813 3455 Cosa.
831 3410 947 3453 ordinatis
964 3407 1109 3466 infuturum
1127 3422 1213 3452 narrum

41 3476 71 3532 (⁸-
87 3495 107 3528 u.
124 3500 146 3531 c.
163 3488 235 3547 667.)
256 3490 297 3535 (aa.
318 3490 415 3535 Octauio
433 3492 455 3532 et
466 3489 501 3533 L.
520 3489 628 3534 Cornelio
644 3490 717 3534 &aaa
735 3493 759 3534 in
771 3492 854 3536 Asiane
870 3490 989 3549 proflatur
1006 3497 1071 3549 cett·
1105 3492 1212 3550 Eutrop.

42 3556 66 3609 5·
81 3564 104 3610 4·
136 3571 211 3623 „lam
229 3587 283 3618 curn
302 3573 379 3619 Cinna
398 3573 493 3618 faveret
510 3573 581 3622 novis
599 3571 705 3628 uiribus,
733 3574 831 3633 (quibus
852 3582 910 3633 post
928 3575 1015 3621 bellurn
1034 3575 1135 3621 Sociale
1153 3577 1212 3622 citi·

42 3646 72 3687 ta's
87 3645 119 3694 ita
137 3652 194 3700 datu
214 3664 280 3721 erat,
305 3663 332 3701 ot
348 3656 371 3701 iu
385 3663 444 3703 octo
458 3650 532 3703 tribus
545 3659 756 3711 contribuerentur
767 3660 882 3704 adversus
895 3658 997 3704 XXXV.
1010 3659 1086 3705 tribus
1098 3663 1211 3715 veteres),

41 3722 79 3771 ¹¹⁰⁸
100 3737 206 3783 omnibus
230 3740 338 3785 tribubus
363 3740 497 3789 immiscetis
521 3744 599 3790 voluit
624 3745 750 3803 legemque
773 3747 901 3800 praeterea
925 3743 956 3787 de
979 3742 1093 3788 exulibus
1111 3742 1212 3801 (Mario

41 3813 105 3868 etque
127 3818 177 3866 eius
194 3806 289 3881 amicis)
309 3826 454 3893 revocandis
473 3826 539 3883 tulit,
567 3826 653 3888 quibus
671 3840 725 3871 cum
743 3825 867 3871 restitisset
886 3825 930 3868 Cn.
947 3826 1080 3881 (ictarius,
1104 3826 1145 3886 qni
1163 3840 1211 3884 pro

41 3897 149 3945 veteribus
166 3905 257 3952 civibus
275 3906 370 3963 stabat,
399 3907 476 3953 Cinna
503 3909 597 3956 honore
621 3909 732 3968 privatus
757 3907 815 3954 urbe
833 3908 943 3967 profugit
961 3909 1121 3967 exercituque
1138 3908 1211 3952 Carn-

40 3984 98 4028 l¹³¹¹0
114 3988 245 4035 conciliato
264 3976 430 4052 arcessitoque
443 3992 526 4037 lilerio
543 3992 640 4050 patriae
659 3993 747 4038 bellurn
765 3991 859 4047 intulit,
877 3992 1032 4038 adversarios
1046 3991 1116 4042 vicit,
1135 3991 1211 4034 Oeta-

42 4054 95 4104 rium
113 4070 302 4134 compluresque
313 4076 435 4121 interfecit
454 4082 478 4122 et
495 4075 611 4121 ferociter
629 4074 726 4121 saeviit.
753 4075 823 4119 llaec
842 4074 966 4132 copiosius
985 4074 1101 4118 exhibent
1113 4071 1211 4130 Appia·

42 4148 77 4183 '¹¹¹³
93 4141 120 4192 1l·
138 4151 348 4218 C.,l,fil'seqq.
384 4154 530 4204 Plutarchus
553 4159 576 4203 in
600 4158 682 4204 Mario
700 4158 742 4203 41.
770 4158 852 4203 Vellei·
872 4161 902 4211 e,
919 4159 961 4201 20.
980 4155 1080 4200 Orosius
1099 4155 1129 4208 5,
1151 4156 1210 4199 192⁶
1253 4186 1262 4203 .

41 4214 173 4281 'strabona
196 4264 229 4277 ·-
253 4240 354 4301 colligo]
380 4241 470 4287 Caesar
496 4257 547 4287 cor.
569 4241 656 4286 iterum
679 4256 733 4287 curn
759 4240 789 4287 Ρ.
814 4239 919 4286 Seruilio
945 4238 1018 4282 Vatia
1042 4235 1152 4284 Isaurico
1177 4238 1210 4282 lil.

42 4314 61 4347 ἢ·
78 4321 97 4355 ¹²·
114 4329 134 4362 t·
152 4319 209 4367 706.
226 4347 261 4362 -
278 4324 410 4383 incoluistis]
429 4322 483 4370 AB.
500 4328 522 4369 et
539 4326 661 4369 incolumis
680 4325 732 4370 CV.
