2850 4759
216 276 273 348 att
442 315 447 322 ·
679 271 912 344 CICERONIS

214 437 425 522 impendent,
448 438 509 505 nisi
530 434 738 520 providetis,
764 437 841 506 Non
858 437 910 506 Ti.
925 434 1123 516 Gracchus,
1143 436 1233 519 quod
1250 438 1361 504 iterum

217 544 368 614 tribunus
389 540 476 625 plebi
497 542 568 608 lieri
589 539 713 621 voluit,
744 563 810 608 non
832 541 868 610 C.
889 541 1080 624 Gracchus,
1107 542 1196 623 quod
1219 545 1361 621 agrarios

214 648 385 716 correitare
399 660 539 714 coriatus
554 658 621 732 est,
643 669 708 713 non
724 645 760 711 L.
776 646 990 722 Saturninus,
1010 644 1100 727 quod
1115 646 1153 712 C.
1167 645 1360 713 Memmium

216 750 355 829 occidit,
377 752 408 817 in
431 750 608 823 discrimen
630 748 763 833 aliquod
784 760 882 832 atque
903 750 937 816 in
958 762 1089 816 vestrae
1109 751 1300 817 severitatis
1321 752 1360 817 iu-

215 853 338 922 dicium
359 853 552 922 adducitur:
588 865 743 920 tenentur
764 854 803 938 ii,
838 854 892 935 qui
913 852 955 919 ad
974 854 1066 920 urbis
1088 853 1299 939 incendium,
1328 854 1362 921 ad

214 970 360 1027 vestram
382 959 531 1025 oinrrium
553 956 707 1035 caedem,
730 955 771 1026 ad
792 954 968 1023 Catilinam
990 956 1220 1038 accipiendum
1237 959 1362 1024 vRomae

213 1065 419 1130 restiterunt.
461 1061 632 1127 Tenentur
659 1058 789 1127 litterae
816 1062 1072 1140 signamanus,
1108 1060 1252 1143 denique
1273 1063 1360 1130 sinim

132 1179 134 1186 “
214 1167 374 1249 cuiusque
401 1166 590 1243 confessio;
622 1163 845 1234 sollicitantur
870 1160 1088 1245 Allobrogem
1120 1166 1259 1231 servitia
1280 1167 1359 1232 exci-
1412 1203 1414 1206 -

210 1260 344 1350 tantur,
366 1268 503 1338 Catilina
525 1269 726 1346 arcessitum
746 1267 778 1333 id
800 1279 852 1335 est
870 1268 987 1336 initum
1004 1268 1198 1343 consilium,
1219 1282 1258 1335 ut
1271 1270 1360 1336 inter·

211 1375 310 1443 fectis
332 1375 486 1442 omnibus
506 1394 605 1440 nemo
626 1393 667 1438 ne
687 1372 730 1439 ad
751 1370 990 1466 deplorandum
1012 1371 1145 1453 quidem
1168 1371 1285 1454 populi
1308 1376 1360 1440 llo·
1411 1388 1414 1428 1

212 1479 302 1545 mani
323 1499 445 1545 nolimu
466 1488 563 1560 atquc
584 1477 625 1544 ad
640 1475 888 1544 lamentandam
903 1476 985 1543 tanti
1000 1477 1128 1558 imperii
1143 1478 1359 1545 calamitatem
1412 1495 1414 1530 ³

153 1575 155 1580 ’
211 1581 430 1666 relinquatur.
1051 1592 1055 1600 ’

173 1687 219 1766 5,
288 1685 347 1752 111.
385 1671 476 1751 Haec
502 1685 613 1751 omnia
642 1682 768 1752 indices
797 1682 1004 1762 detulerunt,
1037 1684 1084 1750 rei
1105 1685 1254 1753 confessi
1275 1696 1361 1765 snm,

213 1810 274 1856 vos
295 1788 409 1855 multis
429 1790 493 1855 iam
516 1789 645 1870 iudiciis
665 1788 858 1855 iudicastisa
889 1789 1054 1871 primurn,
1080 1788 1169 1871 quod
1194 1791 1274 1856 milii
1294 1813 1360 1869 gra·
1412 1809 1414 1836 ³

45 1946 46 1954 .
130 1918 132 1924 ’
212 1896 276 1962 tias
296 1892 642 1974 egistissingularibns
663 1892 787 1968 verbis„
806 1903 845 1957 et
859 1912 933 1957 mea
947 1889 1070 1957 virtute
1084 1904 1184 1975 atque
1199 1892 1360 1973 diligentia
1411 1914 1413 1949 2

211 1997 419 2081 perditorum
448 1996 619 2068 hominum
650 1996 912 2062 coniurationem
935 1996 1135 2077 patefactam
1158 2017 1234 2064 esse
1256 1997 1360 2063 decre·

211 2103 321 2170 vistis:
352 2101 469 2169 deinde
490 2099 578 2185 quod
605 2102 641 2168 Ρ.
663 2098 859 2177 Lentulum,
892 2112 931 2165 ut
950 2121 986 2166 se
1007 2100 1177 2167 abdicaret
1197 2115 1358 2183 praetura,
1411 2155 1413 2158 .

211 2207 389 2286 coegistisq
424 2220 492 2273 tum
512 2204 604 2288 quod
627 2225 703 2269 enm
726 2216 759 2270 et
779 2215 929 2287 ceteros,
965 2204 1005 2269 de
1033 2207 1152 2286 quibus
1182 2206 1357 2278 iudicastis,

131 2381 135 2396 Χ
210 2307 243 2375 in
265 2309 449 2377 custodiam
471 2308 598 2376 dandos
620 2308 812 2385 censuistis,
844 2310 1072 2393 oramineque,
1099 2308 1189 2391 quod
1210 2332 1287 2378 meo
1307 2334 1358 2376 no·

169 2435 175 2444 ¹
211 2416 299 2481 mine
327 2414 603 2496 supplicationem
632 2412 847 2489 decrevistis,
879 2412 933 2493 qui
960 2410 1068 2478 liorros
1098 2425 1213 2493 togato
1235 2414 1357 2481 habitus

210 2507 361 2583 ante'me
381 2528 433 2582 est
452 2518 593 2594 nerniniq
626 2527 799 2596 postremo
821 2514 978 2580 hesterno
1006 2516 1057 2580 dic
1079 2519 1228 2597 praemia
1251 2517 1356 2598 legatis
1412 2541 1414 2552 ¹

210 2619 429 2699 Allobrogum
455 2621 598 2701 Titoque
628 2617 800 2685 Volturcio
830 2619 967 2686 dedistis
996 2620 1215 2702 auiplissima.
1270 2624 1354 2714 Quae
1411 2650 1413 2655 ·

210 2734 289 2796 sarrit
309 2725 420 2789 urnula
441 2722 622 2797 eiusmodi,
644 2736 682 2787 ut
702 2724 739 2800 ii,
759 2725 815 2805 qui
836 2724 866 2788 in
881 2723 1069 2800 custodiam
1086 2728 1283 2791 nominatim
1298 2726 1355 2791 dati
1412 2775 1413 2780 1

209 2838 307 2906 sunt,
338 2827 408 2893 sine
434 2825 501 2892 ulla
527 2825 732 2893 dubitatione
759 2828 893 2893 avobis
915 2825 1059 2892 damnati
1081 2847 1156 2894 esse
1177 2830 1352 2895 videantur.
1411 2854 1413 2885 τ

168 2939 189 3002 6
286 2930 348 2996 Sed
372 2949 433 3011 ego
456 2930 582 2997 institui
602 2929 731 2995 referre
752 2928 794 2994 ad
815 2951 893 3015 vos,
916 2933 1033 2999 Patres
1055 2933 1260 3015 conscripti,
1283 2947 1352 2998 tam·

209 3025 308 3119 quarn
338 3035 504 3117 integrum
532 3048 565 3100 et
592 3034 633 3100 de
660 3037 770 3112 lacto,
804 3033 883 3115 quid
911 3033 1080 3111 iudicetis,
1116 3049 1149 3100 et
1178 3037 1219 3117 de
1249 3060 1350 3120 poeria,
1412 3079 1413 3092 2

209 3138 287 3262 quid
315 3141 487 3208 censeatis.
532 3136 591 3215 llla
617 3138 827 3220 praedicam,
862 3159 946 3219 quae
972 3152 1051 3204 sum
1076 3142 1239 3209 consulis.
1290 3142 1349 3220 Ego

208 3335 316 3376 mesonc
333 3332 369 3387 ti,
383 3332 423 3389 qut*
438 3330 468 3380 P·
485 3354 516 3369 -
534 3330 641 3394 vespam]
658 3330 710 3377 Tu.
728 3331 785 3377 Em.
801 3334 898 3374 uacuam
916 3329 976 3376 Edd.
994 3336 1049 3384 autc
1064 3329 1135 3376 Grut.
1152 3355 1186 3369 -
1201 3341 1282 3377 munes
1296 3333 1349 3389 algu

207 3416 239 3466 R.
255 3436 289 3454 ι·
306 3418 430 3487 necesitas
447 3415 476 3460 11.
494 3413 553 3474 (uon
570 3413 610 3471 T.)
621 3432 655 3452 r-
666 3416 752 3474 populi
768 3416 868 3459 limanda·
882 3414 974 3474 ramea]
991 3414 1064 3460 Τ11Ρ.
1082 3415 1133 3490 Erf.
1150 3419 1187 3462 rei
1201 3419 1304 3474 publicae
1316 3428 1348 3460 ao-

207 3516 257 3547 mca
276 3500 332 3546 Ero.
348 3525 381 3537 -
399 3501 564 3548 lamentandum
581 3499 611 3545 tt.

275 3609 327 3674 15.
353 3612 400 3655 tom
425 3610 502 3654 multu
527 3608 662 3656 Scholiasta
687 3615 711 3655 et
736 3611 765 3656 11.
791 3608 853 3670 (nou
870 3608 912 3669 Τ.)
937 3622 985 3658 out.
1002 3611 1050 3654 iam
1065 3609 1095 3655 P.
1111 3635 1146 3647 -
1169 3612 1306 3657 imticooist‘u
1324 3607 1346 3653 Τ.
1412 3603 1414 3624 ³

207 3688 251 3741 bis.
268 3720 300 3732 -
317 3696 405 3740 contar.
419 3693 494 3753 pates.
511 3693 568 3762 csse]
586 3693 659 3741 TRP.
675 3694 727 3740 Erf.
742 3693 815 3752 pates,
834 3703 879 3739 este
896 3696 955 3739 coni.
966 3693 1030 3757 *Eum
1047 3722 1078 3733 -
1097 3698 1127 3741 Ρ.
1146 3697 1266 3743 hamtuna
1280 3711 1301 3742 se
1314 3694 1346 3739 ai·
1412 3707 1414 3712 ·

206 3776 286 3825 dicore
309 3779 359 3825 ul’.
383 3779 508 3840 (Excidit
524 3780 570 3825 lroc
592 3778 720 3832 membrum
741 3788 775 3824 ex
795 3777 841 3839 T.)
860 3797 894 3822 —'-.
909 3793 957 3825 om.
977 3784 1088 3837 pandura
1110 3781 1192 3827 11.-
1209 3787 1256 3828 mm
1270 3780 1346 3842 quiden

206 3878 258 3911 enm
273 3876 323 3910 curn
339 3864 369 3911 Ρ.
402 3859 498 3911 Habent
513 3868 631 3922 postvmo
652 3862 761 3920 desterno
771 3860 846 3910 TRP.
862 3888 897 3899 -
913 3865 1001 3923 ntiqui
1017 3864 1090 3912 ane.
1166 3913 1169 3919 ,

274 3956 286 4019 q
303 3959 326 4003 6.
344 3961 427 4002 aientes
444 3962 531 4003 uestrae
548 3957 577 4002 tt.
588 3981 623 3992 -
640 3947 767 4018 inclinant]
786 3956 823 4002 Sic
840 3957 891 4018 ΤΒ.
908 3956 966 4002 Era.
983 3970 1007 4001 se
1022 3960 1078 4004 duct.
1095 3959 1123 4004 P.
1141 3925 1193 4005 lert
1212 3959 1346 4019 Madvig.-

205 4043 349 4089 rtutuundnnt
365 4044 394 4088 T.
411 4067 443 4081 -
458 4043 545 4099 putatis
559 4040 647 4102 affines]
666 4041 704 4087 Sic
721 4036 773 4086 Τ11.
790 4040 847 4087 Ilm.
864 4043 941 4102 affim
958 4045 1044 4100 putatis
1058 4040 1111 4091 Eri.
1135 4044 1244 4105 manvu.

273 4209 320 4275 qt,
337 4199 423 4258 Paullo
440 4213 491 4258 anm
503 4209 612 4271 frequens
628 4219 717 4259 cenatus
734 4213 929 4262 indicaverat
944 4229 982 4263 eos
993 4224 1073 4265 contra
1084 4234 1134 4265 reon
1145 4217 1343 4277 puottcamfectas

206 4302 230 4368 et
247 4298 332 4356 paullo
350 4299 418 4341 anter
435 4293 529 4353 Legata
546 4296 697 4356 Allobrogum
714 4304 736 4344 ct
754 4300 781 4346 Τ.
797 4301 915 4346 Volturcio
929 4303 1077 4358 comprobato
1094 4315 1172 4347 eorum
1189 4303 1271 4347 indicio
1282 4310 1344 4357 prae

160 4406 162 4410 <
206 4381 251 4425 mia
270 4381 425 4424 decernuntur.
443 4379 490 4425 Sal.
509 4392 529 4425 e.
547 4379 587 4425 511.
