2850 4759
165 344 169 345 *
211 280 270 346 uo
320 218 556 348 orcunorus
577 244 748 346 ortano
774 273 1274 356 rururrrcaxrv.,e.1a.

211 424 256 504 A.
277 436 427 516 Hirtius,
448 434 627 517 consules,
648 436 890 517 imperatores,
913 433 999 501 alter
1020 435 1164 502 ambove
1185 446 1260 512 aut,
1280 436 1308 502 si
1327 437 1374 503 ab

212 551 330 621 crurrt,
366 540 424 606 M.¹
449 541 640 614 Cornutus,
676 549 814 618 praetor
841 539 1010 623 urbanus,
1043 528 1306 619 supplicationes
1321 552 1375 620 per

80 676 84 683 ·
153 649 192 710 38
212 641 285 710 dies
310 641 553 724 quinquaginta
579 636 620 703 ad
648 639 760 706 ornrria
787 638 977 721 pulvinaria
1005 640 1209 709 constituat:
1247 661 1372 724 cumque

211 738 321 813 rictus
351 741 524 823 lcgiouum
554 739 655 821 digna
689 738 886 810 clarissimis
920 742 1182 823 imperatoribus
1211 742 1370 819 exstiterit,

211 857 387 923 serratum,
422 864 507 927 quae
528 843 572 910 sit
593 854 691 908 antea
712 840 883 923 pollicitus
904 842 1093 924 legionibus
1115 845 1371 925 exercitibusque

211 948 358 1024 uostris,
390 966 429 1012 ea
450 966 585 1012 summo
608 943 720 1010 studio
741 965 778 1010 re
799 942 934 1027 publica
955 955 1155 1026 recuperata
1178 943 1373 1023 soluturum3

214 1070 360 1132 euinque
380 1047 468 1127 legio
485 1046 608 1114 Martia
630 1045 786 1128 princeps
808 1044 1062 1114 outnhostibus
1084 1036 1280 1112 conflixerit
1293 1058 1373 1128 atquc

178 1218 187 1233 ,
211 1154 257 1219 ita
285 1173 364 1219 cum
392 1149 520 1217 maiore
546 1167 688 1214 numero
716 1145 866 1214 hostium
895 1146 1125 1224 contenderit,
1161 1159 1202 1213 ut
1229 1147 1375 1230 plurimos

212 1251 414 1331 caederent,
448 1260 609 1332 caperent
634 1245 835 1327 nonnullosq
869 1269 1016 1330 ournque
1042 1248 1113 1314 sine
1140 1245 1210 1317 ulla
1233 1262 1375 1316 retracta·

214 1356 306 1421 tione
334 1376 397 1437 pro
423 1353 532 1436 patria
558 1351 662 1419 vitam
694 1348 927 1431 profuderunt
962 1370 1108 1433 euinque
1138 1349 1244 1416 simili
1271 1353 1376 1416 virtute

212 1455 419 1538 reliquarum
448 1452 620 1533 legionum
650 1450 773 1519 milites
800 1472 863 1532 pro
891 1451 1001 1518 salute
1034 1464 1069 1518 et
1095 1450 1255 1518 libertate
1280 1451 1374 1536 populi
1409 1484 1410 1537 ῃ

211 1558 356 1624 Romani
379 1568 526 1623 mortcm
549 1554 790 1636 appetiverint:
819 1554 951 1620 senatui
973 1551 1126 1635 placere,
1148 1565 1189 1619 ut
1211 1555 1250 1622 C.
1271 1556 1372 1632 Pausa,

212 1660 257 1725 Α.
279 1652 428 1735 Hirtius,
457 1653 634 1734 consules,
660 1655 906 1736 imperatores,
932 1654 1018 1721 alter
1039 1655 1204 1734 ambove,
1227 1658 1256 1722 si
1276 1658 1319 1723 cis
1336 1657 1375 1721 ri-

214 1757 352 1836 deatur,
374 1757 432 1842 iis,
462 1757 516 1838 qui
537 1756 737 1836 sanguinem
760 1778 821 1838 pro
843 1757 911 1822 vita
932 1754 1087 1822 libertate
1107 1756 1259 1826 fortunis
1278 1757 1374 1841 populi
1409 1802 1410 1861 q

212 1858 367 1936 Romani,
386 1880 448 1939 pro
464 1858 560 1936 urbo,
578 1857 711 1941 templis
728 1859 870 1926 deorum
885 1857 1130 1925 immortalium
1147 1859 1372 1940 profudissent,
1409 1884 1410 1891 ¹

214 1971 475 2037 rrronumentum
503 1981 602 2042 quam
633 1959 881 2042 amplissimum
902 1958 1095 2027 ⁴locandum
1129 1960 1376 2042 faciundurnque
1409 1986 1410 2051 q

214 2070 352 2142 curentq'
387 2074 585 2145 quaestores
613 2063 687 2131 urb.
717 2061 759 2129 ad
787 2083 861 2128 eam
890 2082 961 2127 rom
991 2062 1171 2144 pecuniam
1203 2063 1284 2130 dare
1304 2061 1377 2129 attri·
1409 2064 1410 2145 q

212 2165 317 2231 buere
344 2163 658 2242 solverefiubeant,
693 2176 732 2230 ut
760 2174 874 2231 exstet
901 2163 941 2229 ad
965 2163 1165 2230 memoriam
1189 2163 1377 2245 posteritatis

214 2267 474 2348 sempiternam,
491 2263 532 2331 ad
548 2263 660 2332 scelus
671 2263 986 2332 crudelissimorum
998 2264 1167 2351 hostium,
1184 2264 1377 2346 militumque

156 2418 160 2421 v
215 2367 361 2435 diviuarn
390 2369 571 2445 virtutem;
610 2367 743 2452 utique,
776 2386 861 2448 quoe
889 2366 1038 2448 praemia
1063 2377 1205 2433 sotiatus
1232 2357 1377 2433 ⁴militibus

214 2482 293 2536 ante
314 2470 511 2545 constituit,
535 2489 573 2534 ea
594 2467 772 2535 solvantur
794 2489 930 2552 eorum,
953 2468 1009 2550 qui
1023 2467 1087 2533 hoc
1103 2465 1193 2535 bello
1209 2491 1277 2550 pro
1292 2466 1379 2550 patria
1409 2464 1410 2505 ³

216 2568 433 2647 occiderunt,
464 2571 662 2649 parentibus
683 2568 815 2647 liberis,
850 2569 1049 2648 coniugibus
1071 2569 1260 2648 fratribus3
1294 2571 1379 2651 iisque
1409 2556 1410 2651 Ῐ

217 2668 423 2753 tribuantur,
445 2692 531 2752 quae
553 2670 712 2738 militibus
735 2671 815 2753 ipsis
838 2671 937 2736 tribui
960 2680 1150 2754 oporteret,
1172 2674 1204 2738 si
1226 2671 1277 2739 illi
1297 2673 1381 2738 rixis·

167 2858 174 2869 l
216 2779 308 2846 scut,
331 2771 705 2852 quimortericcruut.
1409 2764 1410 2769 ἵ

212 2942 215 2946 ’
285 2951 356 3013 538.
374 2938 513 3012 sulcaturum]
531 2948 562 2998 d.
580 2954 734 2998 resoluturum
752 2953 826 3000 sscv.
845 2959 964 3013 repugnet
982 2953 1150 2999 consuetudini
1171 2967 1219 2999 nec
1243 2969 1304 3002 vero
1323 2950 1379 3010 sigui·
1409 2990 1410 3015 ,

216 3039 290 3083 ficare
308 3043 404 3097 potest,
426 3051 530 3094 „rursus
544 3037 587 3092 rel
606 3041 691 3095 postes
710 3038 877 3082 soluturum.“
911 3036 1019 3097 Tertium
1037 3050 1063 3100 re
1081 3042 1162 3081 orturn
1180 3051 1196 3081 e
1215 3037 1341 3096 prioribus.
1354 3053 1378 3069 ··

150 3144 157 3150 ’
215 3120 387 3182 retractatione]
406 3118 615 3179 tergiversatione.
633 3144 668 3156 -
678 3119 787 3178 fortunis
860 3117 962 3178 temptr's]
981 3117 1012 3164 Α.
1030 3117 1060 3163 r'd
1083 3121 1150 3178 quod
1174 3126 1289 3177 praestat
1304 3118 1326 3164 iu
1339 3117 1377 3162 tor·
1409 3104 1410 3171 l

214 3207 331 3251 mularum
355 3204 525 3263 conceptione.
543 3202 692 3260 fortunisque
716 3226 727 3236 ·
750 3225 761 3237 ·
783 3204 917 3260 teoprtisqua
938 3200 1014 3259 BC-V.
1038 3225 1071 3237 -
1093 3200 1283 3265 faciundamque
1303 3203 1376 3249 curule
1409 3178 1410 3243 l

121 3284 123 3287 ’
214 3293 345 3347 quaestores
363 3289 413 3333 urb.
430 3288 462 3332 ad
478 3300 528 3330 eam
545 3285 604 3346 rem]
624 3286 685 3332 Cum
703 3285 750 3331 urei
767 3299 865 3346 quoque
883 3285 961 3330 Codd.
980 3285 1104 3330 hocloco
1122 3287 1240 3344 corrupti
1257 3276 1301 3332 slat
1316 3280 1376 3342 (faci-

213 3373 339 3431 undamque
357 3371 434 3416 urbem
452 3372 483 3415 art
499 3384 550 3415 eam
567 3369 643 3426 rear),
662 3383 743 3417 rursus
760 3374 856 3414 secutus
872 3383 923 3414 sum
941 3367 1118 3419 Garatouiuras
1143 3367 1234 3428 itaque
1252 3369 1319 3415 arian
1332 3364 1375 3410 Em

212 3452 259 3497 uisi
276 3455 354 3514 quod:
366 3453 511 3510 faciendum.
526 3479 553 3490 -
568 3456 657 3512 utique,
675 3450 742 3512 quac]
762 3452 795 3497 Ut
808 3465 855 3510 ego
870 3464 1061 3511 proposueram,
1078 3450 1152 3495 babet
1165 3451 1198 3496 A.
1213 3467 1263 3510 pro
1275 3456 1375 3509 atqua·-

213 3533 254 3577 Bx
272 3534 301 3578 iis
319 3549 382 3594 quac
394 3536 482 3582 Cicero
500 3537 524 3580 h.
541 3536 559 3580 l.
576 3537 710 3582 sententiae
729 3537 787 3597 loco
805 3535 910 3587 censuit,
929 3535 974 3581 vix
991 3535 1122 3594 quidquam
1140 3542 1249 3592 propter
1262 3541 1374 3592 temporam
1409 3518 1410 3575 l

164 3656 174 3662 ,
210 3615 363 3674 iniquitatem
382 3626 510 3666 exsecutus
528 3627 563 3665 cst
581 3625 692 3665 senatus:
723 3613 768 3663 uisi
791 3619 857 3678 quod
880 3618 961 3663 statim
979 3625 1036 3676 post
1053 3617 1162 3662 nuntium
1181 3619 1214 3662 de
1234 3613 1374 3677 proeliator

212 3694 342 3744 Mutinensi
359 3707 486 3760 acceptum
504 3702 554 3746 cusi
571 3709 625 3748 suut
643 3700 750 3756 denarii,
775 3701 860 3760 quales
882 3701 996 3747 describit
1019 3699 1217 3758 Harcrcampius
1240 3701 1265 3746 iu
1288 3691 1373 3743 Morattii

212 3780 338 3826 Tbeseuro
356 3783 463 3828 numism.
482 3799 507 3843 p.
520 3784 582 3829 444.«
591 3787 752 3832 Lruunrarrr.
772 3782 866 3841 (Caput
876 3785 939 3829 deae
951 3782 1080 3828 Libertatis
1092 3783 1254 3844 laurentum.)
1273 3784 1296 3827 G
1307 3782 1373 3823 PM

147 3848 156 3863 ‘
215 3863 239 3908 G.
258 3863 286 3907 F.
308 3863 332 3907 0.
351 3865 383 3909 N.
401 3865 494 3923 (Roma
514 3867 596 3913 babitu
615 3867 714 3913 militari
731 3865 818 3925 spoliis
835 3865 935 3920 insidet,
958 3868 1055 3927 dextra
1077 3866 1185 3920 bustam,
1214 3868 1288 3912 laeva
1309 3869 1374 3906 taren

210 3945 372 4003 parazouium
395 3948 467 4005 (istc.
493 3949 598 3995 balteum
621 3964 674 3995 cum
697 3947 809 4008 gladio),
837 3949 914 3994 laevo·
937 3950 999 4006 pedo
1022 3948 1105 3993 orbem
1127 3955 1254 3994 terrarum
1275 3951 1372 4005 prem*

177 4039 181 4046 ’
211 4025 339 4075 Aduolans
360 4030 469 4099 Victoria
488 4031 614 4078 uictricem
628 4033 695 4079 orbis
713 4040 832 4082 terrarum
850 4031 940 4078 Urbem
958 4029 1084 4088 coronat).

639 4285 944 4309 *w-
