2850 4759
140 575 180 636 31
201 573 291 636 nem.
334 551 426 642 Quid
449 561 518 630 est,
541 550 647 618 Piso?
678 548 790 632 placet
812 552 868 617 tibi
891 571 955 618 nos
975 573 1129 634 pugnare
1146 548 1295 625 verbis?v
1312 551 1371 634 pla·

201 666 258 721 oet
284 674 422 721 causam
453 654 533 719 iuris
560 663 595 718 et
620 652 797 734 aequitatis
823 663 857 717 et
884 674 953 719 non
978 664 1115 719 nostrae
1141 653 1370 733 possessionis,

201 755 261 823 sed
290 755 429 821 omuino
458 750 718 835 possessionum
757 753 911 820 omnium
946 753 1156 820 constituere
1183 755 1218 820 in
1251 755 1370 821 verbo?

201 859 296 951 Ego,
321 853 401 933 quid
425 852 506 920 milri
527 852 719 928 videretur,
740 852 818 934 quid
834 875 853 920 a
869 855 1054 935 maioribus
1070 854 1284 933 factitatum,
1304 857 1370 938 quid

200 953 323 1022 horum
353 955 576 1030 anoton-irate,
610 954 732 1035 quibus
761 954 979 1023 iudicandum
1008 968 1078 1033 est,
1109 956 1250 1038 dignum
1281 967 1372 1037 esset,

202 1054 355 1134 ostendi,
377 1055 411 1122 id
432 1076 568 1131 verum,
594 1054 627 1120 id
653 1075 817 1137 aequum,
841 1056 873 1122 id
900 1055 982 1124 utile
1007 1051 1281 1143 omnibusesse,
1305 1077 1370 1138 spe·

108 1162 111 1166 ’
201 1159 309 1239 utari,
341 1178 408 1239 qno
436 1155 581 1223 consilio
613 1167 647 1222 et
674 1177 741 1240 qua
773 1158 959 1235 sententia,
990 1180 1060 1225 non
1089 1146 1210 1241 qnibns
1237 1158 1372 1241 quidque

200 1257 314 1324 verbis
343 1270 434 1324 esset
468 1269 595 1324 aetum.
639 1260 693 1322 Tu
724 1279 778 1325 me
806 1258 1015 1325 adverbum
1050 1280 1172 1326 voc-us:
1203 1282 1273 1324 non
1305 1271 1371 1324 ante

200 1360 352 1436 veniam,
367 1380 467 1442 qrrurn
483 1378 660 1435 recusato,
701 1352 991 1441 Nego'oportere,
1007 1379 1095 1438 nego
1111 1360 1255 1425 obtineri
1272 1379 1371 1441 posse,

200 1481 289 1541 nego
311 1459 415 1527 ullum
435 1481 508 1527 rem
529 1456 619 1537 esse,
640 1480 727 1542 quae
747 1472 806 1527 aut
826 1457 1070 1542 comprehendi
1089 1460 1172 1526 satis
1190 1472 1251 1556 aut
1270 1460 1370 1525 caveri

161 1608 164 1619 ·
201 1562 261 1631 aut
279 1563 390 1644 excipi
409 1562 538 1643 possit,
559 1563 588 1628 si
609 1573 669 1627 aut
668 1562 871 1647 praeterito
891 1560 1004 1644 aliquo
1026 1560 1130 1627 serbo
1148 1551 1208 1624 aut
1225 1561 1371 1638 ambigue

199 1664 329 1758 posito,
362 1684 398 1730 re
426 1675 460 1730 et
486 1663 655 1730 sententia
681 1665 839 1749 cognita,
871 1685 941 1730 non
970 1660 1019 1740 id,
1055 1660 1147 1761 quod
1169 1660 1371 1772 intelligitur,

157 1765 261 1832 sed
286 1765 335 1842 id,
357 1763 448 1847 quod
467 1762 610 1843 dieitur,
632 1761 768 1829 valebit.

138 1871 179 1934 82
280 1866 419 1934 XXIX
425 1865 634 1982 Quoniam
656 1866 739 1932 satis
763 1866 937 1945 recusavi,
958 1866 1058 1932 uenio
1079 1865 1145 1932 iarn
1170 1888 1239 1947 quo
1260 1885 1370 1940 nouas,

199 1990 327 2052 quaero
350 1969 408 2035 abs
436 1977 536 2043 te,s
518 1967 628 2033 simne
661 1966 830 2051 deiectus,
862 1988 930 2032 non
962 1965 1005 2033 de
1035 1966 1230 2033 Fulciniano
1257 1967 1370 2033 fundo:

199 2075 323 2152 (neque
348 2069 437 2136 enim
454 2079 613 2151 praetor,
635 2067 664 2134 si
685 2088 730 2133 ex
751 2089 791 2135 eo
811 2066 917 2134 fundo
938 2089 1049 2152 essem
1072 2068 1243 2148 deiectus,
1264 2071 1370 2144 itame

198 2172 332 2251 restitui
357 2171 476 2245 iussit„
495 2168 556 2237 sed
580 2158 639 2256 eo,
672 2169 763 2236 unde
789 2168 939 2257 deiectus
965 2172 1110 2247 essem):
1140 2190 1216 2236 sum
1238 2189 1280 2233 ex
1300 2188 1371 2250 pro·

198 2273 293 2339 ximo
317 2271 419 2338 vieini
445 2268 551 2336 ftundo
576 2267 746 2346 deiectus,
768 2290 833 2352 qua
858 2269 991 2358 adibam
1020 2269 1062 2335 ad
1085 2271 1189 2337 istum
1219 2268 1370 2350 fundum:
1414 2298 1423 2319 ι-

198 2395 274 2442 sum
299 2372 340 2440 de
372 2373 441 2451 via,
475 2393 552 2439 sum
568 2383 676 2439 'certo
702 2368 879 2448 alicunde,
912 2371 985 2436 sire
1011 2368 1053 2435 de
1081 2371 1216 2450 privato
1242 2370 1313 2435 sire
1335 2366 1369 2447 de

151 2497 161 2501 ·
197 2474 355 2562 public03
376 2494 417 2539 eo
439 2472 573 2539 restitui
593 2492 670 2537 sum
691 2470 815 2537 iussus·
855 2461 1059 2543 Restituisse
1082 2483 1114 2537 te
1135 2471 1270 2536 dixisti:
1291 2487 1370 2546 nego

199 2596 254 2642 me
276 2596 320 2640 ex
342 2574 479 2640 decreto
508 2572 676 2656 praetoris
697 2572 895 2637 restitutum
918 2593 1004 2640 esse.
1048 2571 1140 2661 Quid
1162 2570 1204 2637 ad
1226 2569 1309 2635 haee
1329 2568 1372 2633 di·

169 2674 333 2748 cimus?
363 2685 423 2742 aut
446 2685 521 2751 tuo,
556 2670 844 2756 quemadmodum
871 2671 1013 2748 dieitur,
1044 2672 1157 2753 gladio
1178 2683 1238 2737 aut
1260 2683 1370 2737 nostro

138 2781 178 2842 83
199 2775 352 2843 defensio
373 2789 432 2842 ma
453 2775 653 2842 conficiatur
670 2793 812 2839 necesse
833 2784 896 2839 ost.
938 2773 972 2845 Si
991 2773 1032 2840 ad
1055 2772 1224 2840 interdicti
1245 2783 1372 2838 senten·

199 2877 280 2944 tiam
307 2877 466 2956 entilugis
489 2887 539 2950 et,
560 2875 602 2941 de
624 2897 692 2959 quo
716 2873 826 2940 fundo
845 2887 960 2940 aetum
983 2877 1028 2941 sit
1053 2887 1145 2952 turn,
1168 2894 1247 2939 eum
1268 2872 1373 2939 Aebu-

199 2980 267 3046 tius
297 2980 478 3045 restituere
510 2977 707 3056 iubebatur,
742 2974 776 3042 id
802 2975 1034 3058 quaerendum
1060 2996 1135 3044 esse
1159 2973 1371 3053 dieisneque

196 3081 399 3163 aequitatem
433 3078 482 3144 rei
509 3077 603 3144 verbi
628 3077 749 3161 laqueo
777 3077 851 3159 capi
884 3088 984 3159 putas
1017 3088 1195 3157 oportere,
1230 3077 1265 3140 in
1293 3072 1369 3139 meis

118 3268 123 3272 .
197 3182 318 3249 castris
341 3179 584 3262 praesidiisque
608 3180 778 3258 versaris3
812 3197 906 3246 mea,
943 3196 1018 3242 mea
1042 3188 1096 3244 est
1119 3177 1183 3243 ista
1209 3173 1370 3241 defensio:

197 3303 261 3362 ego
284 3279 348 3370 boe
369 3280 558 3347 vociferor:
580 3290 644 3359 ego
665 3299 784 3345 omnes
803 3277 958 3343 hominos
978 3275 1128 3359 deosque
1153 3289 1277 3343 testor:
1296 3295 1368 3340 curn

197 3383 343 3450 maiores
373 3382 442 3449 vim
467 3392 634 3447 armatam
659 3374 856 3455 nullaiuris
883 3376 1081 3443 defensione
1110 3378 1276 3449 texerint,
1308 3393 1370 3439 nou
1419 3400 1420 3447 j

197 3483 379 3562 vestigium
403 3482 491 3557 eius,
513 3480 568 3564 qui
592 3477 744 3545 deiectus
769 3478 830 3560 sit,
852 3477 912 3544 sed
931 3480 1061 3544 factum
1084 3476 1188 3552 illius,
1210 3477 1265 3558 qui
1287 3475 1370 3540 deie-
1419 3516 1420 3559 4

197 3584 300 3657 cerit,
334 3583 368 3648 in
396 3580 558 3647 iudicium
587 3579 722 3656 venire3
752 3576 921 3645 deiectum
947 3598 1040 3656 esse,
1067 3578 1124 3659 qui
1149 3577 1290 3657 fugatus
1310 3575 1368 3649 sit3
1419 3638 1420 3661 ἶ

199 292 259 363 tto
658 286 910 384 ,ctcnsottts

201 449 305 518 modo
332 468 370 517 se
394 397 584 516 restituisse
603 446 707 526 dixit,
729 467 870 515 neeesse
898 460 951 517 est
971 448 1060 516 male
1080 449 1203 516 lecerit
1226 451 1371 531 sponsio

201 3744 418 3756 „nn—n.—

263 3845 274 3907 1
299 3847 341 3893 81.
359 3859 402 3899 nos
421 3841 537 3905 pugnare]
556 3844 612 3890 nrt.
627 3857 735 3909 pugnare
752 3833 783 3890 O.
796 3843 914 3910 equid]
934 3845 1028 3891 duobus
1047 3844 1226 3904 posterioribus
1246 3843 1304 3890 loeis
1321 3852 1367 3897 pro
1418 3828 1420 3893 1

194 3931 255 3988 quod
275 3929 326 3975 Eri.
362 3930 408 3974 Sed
428 3935 466 3973 ter
486 3932 539 3973 erat
560 3931 732 3986 reponendum.
748 3952 778 3963 ·—
792 3928 892 3985 verrium]
917 3928 968 3974 tart.
990 3933 1057 3975 vento
1077 3930 1195 3976 O.-re
1214 3931 1237 3970 et
1252 3918 1366 3979 sorim]
1419 3974 1420 3977 1

194 4011 245 4057 nrt.
259 4015 370 4057 sententia
387 4016 410 4055 et
430 4026 455 4055 re
475 4010 506 4056 0.
524 4056 527 4062 Δ

261 4133 336 4195 182,
353 4135 444 4179 restitui
466 4134 569 4177 iussisset
585 4133 685 4180 Ascenn.
715 4133 789 4179 1581.
828 4134 923 4185 Deinde
940 4140 978 4179 tor
992 4136 1036 4178 sim
1054 4147 1101 4193 pro
1118 4148 1167 4177 sum
1182 4133 1323 4191 Pantugu-
1299 4139 1367 4167 -22
1419 4150 1420 4157 ¹

192 4213 295 4274 decreto]
321 4215 415 4261 Firmat
439 4216 490 4261 Eri.
512 4229 542 4259 ex
559 4215 634 4259 edicto
649 4214 749 4267 Quintil.
774 4216 803 4267 9,
820 4214 849 4270 3,
867 4216 908 4260 22.
935 4229 965 4259 ex
992 4217 1115 4260 interdicto
1139 4215 1229 4259 Lamb.
1251 4215 1275 4259 in
1294 4221 1365 4264 marg
1419 4276 1420 4287 ἵ

193 4295 312 4353 Repetitt.
