2850 4759
200 268 276 331 ιιι
429 288 434 295 -
652 213 897 336 ncrouuours

200 429 392 512 pontificem
415 429 601 497 trraximtrm
624 428 788 507 vidimus,
810 452 887 497 curn
911 430 1064 498 tribunus
1085 428 1172 513 plebi
1192 430 1245 501 M·
1267 430 1362 500 Scau<-

106 616 108 621 .
201 555 274 597 rum
306 533 490 614 principem
519 535 663 624 ciuitatis
684 536 718 602 iu
746 536 906 602 iudicium
935 532 1051 618 populi
1081 544 1237 604 vocasset
1269 536 1362 604 Scau·

201 638 295 729 rique
321 657 440 702 servus
469 635 508 702 ad
538 660 614 705 eum
644 638 731 707 clam
764 640 904 706 domurn
934 642 1083 707 venisset
1111 651 1146 706 et
1174 639 1363 707 criminaiu

158 808 161 813 ,
201 740 374 809 dominum
409 738 599 809 delaturum
632 763 668 810 se
701 764 778 811 esse
812 744 970 821 dixisset,
1005 741 1170 834 prehendi
1199 743 1364 811 hominem

201 846 303 937 iussit
318 843 359 912 ad
374 843 604 929 Scaurumque
618 846 752 915 deduci.
794 846 897 923 vide,
918 847 996 930 quid
1012 849 1163 925 intersit,
1183 848 1245 915 etsi
1262 848 1365 930 inique

202 951 379 1027 Castorem
402 970 479 1016 cum
496 949 643 1017 Domitio
664 971 843 1032 comparo:
865 950 927 1018 sed
948 963 1060 1019 tamen
1077 950 1133 1018 ille
1147 952 1288 1019 inimico
1302 972 1366 1018 ser-

202 1076 282 1121 vum
304 1052 448 1133 remisit,
482 1066 516 1120 tu
545 1056 585 1121 ab
612 1074 674 1120 avo
698 1053 886 1134 abduxisti,
921 1053 976 1120 ille
996 1056 1235 1138 incorruptum
1257 1053 1368 1121 audire

170 1234 172 1241 ⁴
202 1156 327 1241 noluit,
351 1170 386 1222 tu
406 1158 606 1241 corrupisti,
625 1158 680 1225 ille
702 1159 892 1231 adiutorem
906 1180 1043 1226 servum
1060 1173 1181 1227 contra
1194 1159 1366 1227 dominum

143 1265 182 1340 32
203 1260 408 1344 repudiavit,
444 1273 478 1327 tu
501 1263 602 1329 etiam
624 1276 857 1331 accusatorem
878 1262 1073 1331 adhibuisti.
1114 1268 1163 1334 Aa
1178 1261 1292 1331 semet
1309 1263 1366 1330 iste

203 1379 254 1435 est
274 1377 455 1447 corruptus
477 1384 504 1432 ιι
520 1366 644 1434 vostra
673 1367 796 1435 Nonne
817 1387 894 1435 eum
914 1378 1007 1433 esset
1026 1366 1217 1457 productus
1239 1379 1274 1432 et
1294 1389 1366 1433 oum

203 1483 313 1537 tecum
342 1470 481 1549 fuisset,
518 1470 645 1551 refugit
670 1470 718 1538 ad,
746 1470 906 1550 legatos?
942 1493 1054 1539 nonne
1079 1472 1183 1543 etiam
1213 1470 1366 1538 adhunc

203 1575 262 1641 Cn.
285 1575 474 1661 Domitium
491 1573 608 1639 venit?
640 1595 751 1641 nonue
773 1576 929 1645 audiente
949 1563 1021 1643 hoe¹
1037 1574 1111 1640 Ser.
1134 1572 1284 1656 Sulpicio
1306 1579 1366 1640 cla·

202 1678 337 1744 rissimo
358 1679 449 1754 viro,
472 1679 528 1759 qui
549 1689 618 1754 turn
641 1699 723 1744 casu
745 1677 832 1758 apud
851 1678 1032 1745 Domitium
1054 1678 1236 1764 coenabat,
1257 1690 1294 1743 et
1308 1677 1366 1743 hoc

116 1814 124 1837 ι
204 1781 246 1846 Τ.
269 1780 458 1864 Torquato,
488 1783 615 1863 optimo
638 1781 870 1868 adolescente,
901 1802 938 1848 se
960 1802 979 1846 a
1002 1793 1033 1847 te
1054 1794 1275 1864 corruptum,
1304 1783 1365 1848 tuis

203 1886 379 1973 promissis
400 1885 433 1950 in
455 1884 608 1951 fraudem
629 1885 813 1968 impulsum
835 1905 909 1952 esse
931 1885 1109 1954 confessus
1130 1885 1209 1953 est-⁶?
1263 1934 1266 1939 -
1346 1878 1352 1887 ’

235 2039 238 2045 .
281 1986 359 2055 Xll.
403 1988 499 2079 Quae
527 2000 579 2055 est
606 1990 667 2058 ista
691 2001 758 2055 tam
781 1989 963 2070 impotens,
1000 2003 1068 2055 tam
1099 1987 1267 2066 erudelis,
1301 1999 1364 2054 tam

204 2091 426 2160 immoderata
445 2091 699 2159 inhumanitas?
721 2093 844 2160 iccirco
866 2094 899 2158 iu
921 2091 1009 2160 lrauc
1028 2092 1155 2187 urbem,
1169 2094 1312 2169 venisti,
1330 2105 1365 2158 ut

205 2195 301 2262 huius
323 2197 414 2263 urbis
437 2197 511 2262 iura
532 2208 566 2262 et
588 2195 744 2278 exerupla
764 2214 1016 2279 corrumperes,
1039 2196 1294 2279 domesticaque
1310 2199 1365 2262 im·

127 2319 184 2380 aa
206 2302 363 2371 monitate
384 2313 519 2369 nostrae
540 2300 683 2368 civitatis
703 2300 947 2367 humanitatem
966 2300 1186 2384 inquinaresa
1207 2305 1253 2366 At
1268 2324 1364 2383 qnam

185 2418 303 2478 ,acute
331 2404 474 2483 collecta
503 2402 658 2475 crimina!
688 2403 893 2491 Blesamius,
925 2404 1050 2487 inquit,
1081 2404 1167 2478 (eius
1196 2406 1285 2470 enim
1310 2427 1366 2470 no-

108 2501 136 2585 ,”
205 2510 310 2594 mine,
330 2509 451 2590 'optimi
476 2509 537 2572 viri
558 2530 624 2573 uec
652 2508 709 2573 tibi
734 2509 858 2587 ignoti,
881 2507 1104 2579 maledicebat
1125 2507 1228 2585 tibi,)
1251 2505 1293 2572 ad
1316 2527 1365 2570 re·

206 2633 284 2691 gem
312 2602 467 2679 scribere
487 2608 616 2697 solebat
645 2621 676 2675 te
704 2611 739 2676 in
771 2613 894 2678 invidia
921 2632 1014 2689 esse,
1049 2624 1231 2691 tyrannum
1255 2610 1366 2675 existi-

184 2706 311 2793 mari,
331 2725 442 2780 statua
462 2714 664 2797 interreges
687 2714 795 2795 posita
813 2713 943 2780 animos
960 2713 1132 2781 hominnm
1153 2712 1366 2779 vehementer

207 2805 374 2897 offensos;
409 2817 520 2900 plaudi
546 2818 602 2883 tibi
623 2814 691 2882 uon
717 2816 839 2887 solere.
879 2818 1003 2884 Nonne
1021 2817 1209 2900 intelligis,
1235 2819 1366 2900 Caesar,

274 3015 344 3078 §aa
363 3030 436 3062 nonne
453 3017 484 3062 ud
507 3016 564 3059 hunc
589 3018 619 3061 el.
654 3015 754 3062 Servavi
771 3029 825 3060 cum
844 3014 906 3060 Cod.
924 3013 947 3060 b.
967 3030 990 3062 v.
1007 3016 1091 3069 etium
1118 3014 1231 3067 videlicet
1248 3015 1367 3075 significat,

207 3103 269 3158 „vel
288 3101 413 3162 adipsum
431 3098 476 3146 Ch.
494 3092 914 3165 Domitium,‚caesarirrmimn,
940 3099 1031 3155 venisse
1049 3098 1212 3160 Phidippum,
1237 3101 1274 3147 sui
1291 3099 1365 3146 indidi

209 3185 305 3232 iamlam
324 3186 520 3246 poeuitentem.“
531 3211 565 3221 -
577 3165 699 3248 impotens]
719 3186 780 3232 Cod.
798 3183 883 3245 steph.
901 3185 996 3244 (polens
1007 3183 1043 3244 b.)
1061 3186 1181 3241 impudens
1191 3187 1222 3231 el.
1235 3183 1265 3231 E.
1299 3185 1365 3245 Igno·

209 3271 296 3317 rabant
312 3272 365 3317 scil.
383 3271 514 3328 scriptores
532 3269 624 3315 librarii
643 3284 709 3316 eum.
729 3269 770 3330 qui
788 3269 827 3314 hic
846 3269 951 3325 obtinet,
968 3254 1366 3329 significatumvoesimpotcnu-

209 3357 374 3414 domesticaque
392 3358 554 3400 arriomanitae
571 3357 601 3400 el.
620 3355 758 3403 Steinmetz.
777 3356 942 3412 domesticaque
959 3359 997 3399 tra
1014 3356 1155 3398 inumerare
1172 3354 1197 3401 b.

277 3464 348 3526 sss.
369 3467 451 3521 opums
470 3465 531 3523 ιιι]
548 3464 665 3510 uisscias.
686 3465 730 3521 rs,
751 3465 790 3509 m.
807 3479 833 3523 p.
854 3464 909 3508 res.
927 3462 1012 3508 meu.
1023 3448 1117 3522 <suam
1129 3463 1192 3510 eon.
1203 3460 1298 3525 curre.)
1311 3460 1364 3510 coa.

209 3550 295 3596 Dresd.
313 3552 359 3594 oiri
376 3541 458 3607 optimi
469 3549 492 3594 h.
511 3553 593 3607 optimi
611 3552 708 3593 hominis
726 3550 759 3594 ol.v
774 3548 819 3603 E„
831 3548 854 3593 id
862 3550 932 3610 quod
945 3548 1017 3594 etiam
1028 3562 1090 3595 sono
1102 3550 1206 3607 (nomine
1217 3569 1229 3583 -
1241 3571 1252 3583 -
1263 3546 1364 3606 Ιιυιιιιιιιι)

210 3649 280 3681 aures
297 3634 405 3681 offendit.
421 3657 450 3670 —-
465 3633 555 3692 Nouus]
574 3634 620 3679 elb.
639 3633 693 3678 Non
709 3633 740 3679 E.
756 3634 821 3680 coni.
834 3658 868 3670 -
880 3635 956 3690 capita
972 3632 1067 3694 civium]
1085 3633 1133 3679 elh.
1151 3636 1235 3679 ciuium
1253 3636 1327 3691 capita
1339 3632 1363 3679 R

278 3823 289 3884 b
307 3820 347 3869 39.
366 3822 435 3884 huuc]
454 3814 604 3884 praesentem
622 3823 666 3870 Gn.
684 3820 817 3872 Domitium
836 3824 971 3871 Calvinum.
1006 3824 1054 3870 Ser.
1073 3821 1203 3882 Sulpicius,
1232 3824 1364 3872 clarissimus

210 3906 296 3962 Ictus,
315 3915 421 3956 mortuus
438 3922 462 3955 u.
479 3925 503 3955 ιι.
522 3924 542 3955 c.
560 3908 618 3954 ιιι.
658 3911 684 3956 Τ.
702 3911 803 3954 Metellus
823 3909 964 3969 Torquatus,
990 3907 1040 3956 eius
1062 3911 1091 3957 T.
1108 3909 1229 3972 Torquati
1246 3912 1318 3967 lilius,
1339 3911 1364 3954 de

211 4010 261 4058 quo
278 3997 386 4057 loquitur
403 3996 426 4039 in
446 3994 522 4039 Bruto
540 4009 561 4039 c.
581 3994 622 4039 70.
773 3992 775 3995 ’

222 4154 232 4166 ⁴
279 4104 348 4165 133.
374 4100 512 4160 Blesamius]
536 4103 636 4171 legatus
651 4101 764 4151 Deiotari
787 4118 839 4151 cum
862 4104 941 4150 Hiera
964 4112 988 4151 et
1003 4084 1137 4166 'Antigono
1160 4104 1172 4166 h
1194 4106 1235 4152 41.
1259 4130 1292 4143 -·
1313 4108 1363 4150 iales

212 4189 287 4248 reges]
305 4189 354 4237 Dio
372 4187 439 4232 Cass·
458 4185 504 4237 43,
522 4184 562 4229 45·
597 4187 729 4251 Καίσαρος
751 4181 833 4235 εἰκόνα
853 4170 888 4246 ἐς,
898 4183 928 4238 τὸ
948 4182 1111 4239 Καπιτώλιον
1130 4186 1201 4258 παρὰ
1220 4185 1281 4246 τοὺς
1297 4194 1363 4254 βασι·

210 4266 348 4326 laboraverit
369 4285 429 4318 nora
445 4270 470 4316 ar
490 4262 519 4332 rip
532 4260 618 4335 Ῥώμῃ
641 4256 767 4317 dardania
784 4275 829 4319 nul
841 4291 889 4338 μοι
902 4267 1040 4338 &retrusione
1058 4272 1104 4339 τῆς
1123 4278 1256 4335 συντυχίας
1275 4277 1363 4341 luipra-

212 4371 262 4429 ται.
281 4348 345 4405 ὀκτὼ
364 4347 413 4418 γὰρ
432 4344 485 4414 ἅμα
506 4344 587 4401 uitur
600 4351 673 4432 lintri
692 4356 738 4417 μὲν
758 4356 871 4421 ἐκείνοις,
890 4350 972 4424 ὀγδόῳ
991 4358 1017 4409 δὲ
1037 4355 1071 4424 τῷ
1090 4377 1119 4423 ys
1136 4354 1244 4427 Βρούτῳ
1264 4355 1297 4423 τῷ
1313 4352 1362 4412 τοὺς
