2850 4759
99 317 103 326 ·
168 263 171 268 ’
260 282 427 360 enarro
448 282 507 349 tv.
529 283 578 352 in
599 282 870 363 caeteruin,
893 288 967 354 ea.
1046 361 1047 364 Ὺ
1134 288 1193 353 ru

33 441 182 509 videlicet
201 441 324 509 civium
338 444 571 511 Rouranorum
592 446 793 513 sententiam
815 445 914 515 ferat.
957 447 989 514 ls
1004 461 1037 514 et
1052 448 1191 518 nudius·

33 548 144 615 tertius
166 548 198 614 in
219 545 410 614 custodiam
437 549 528 616 cives
551 549 720 616 Ronrauos
743 550 834 615 dedit
856 562 892 615 et
909 550 1191 632 supplicationem

31 651 105 717 milri
126 651 276 717 decrevit
290 664 324 717 et
337 651 463 718 indices
478 651 636 720 hesterno
653 651 706 718 die
721 654 877 720 maximis
893 656 1050 735 praemiis
1065 657 1189 723 affecit.

30 755 94 822 lam
115 754 184 822 hoo
204 755 326 822 nemini
348 753 486 821 dtrbiurn
507 768 578 831 est,
611 757 666 838 qui
688 778 745 822 reo
767 758 974 838 custodiam,
1006 759 1190 840 quaesitori

31 857 301 943 gratulationem,
328 852 428 928 indici
451 862 636 941 praemium
659 859 826 932 decrevit,
849 862 926 943 quid
950 861 991 928 de
1013 874 1083 929 tota
1104 884 1140 928 re
1157 876 1192 930 et

32 983 124 1029 causa
145 962 314 1029 iudicarit.
354 967 403 1030 At
422 984 503 1030 vero
525 964 561 1030 Ο.
582 965 706 1031 Caesar·
726 962 881 1044 intelligit
901 964 1010 1045 legem
1033 966 1190 1048 Sempro-

32 1069 111 1132 niam
139 1088 215 1132 esse
244 1064 285 1131 de
312 1067 440 1134 civibus
466 1068 626 1135 Romanis
656 1068 896 1146 corastitutam3
927 1070 980 1150 qni
1009 1082 1121 1136 atatem
1144 1072 1191 1136 rei
1249 1143 1252 1162 ι

33 1167 175 1251 publicae
196 1170 241 1237 sit
262 1168 387 1246 hostis,
421 1190 498 1238 eum
520 1172 628 1238 civem
649 1191 725 1237 esse
746 1168 838 1237 nullo
862 1171 962 1238 modo
983 1193 1096 1256 posse:
1132 1172 1191 1239 de·
1244 1188 1248 1198 “

33 1274 121 1354 nique
145 1277 259 1353 ipsum
287 1271 431 1340 latorem
447 1274 675 1357 ,Semproniae
703 1271 787 1353 legis
814 1275 908 1342 iussu
929 1275 1043 1357 populi
1065 1297 1190 1359 poenas

34 1377 73 1441 rei
94 1375 244 1458 publicae
266 1376 474 1459 dependisse.
515 1378 609 1448 Idem
626 1380 735 1461 ipsum
755 1378 949 1459 largitorem
965 1379 1141 1447 Lentulum
1157 1392 1192 1448 et

34 1481 203 1561 prodigum
224 1505 293 1549 non
314 1495 429 1564 putet,
451 1505 529 1552 cum
551 1483 592 1550 de
613 1483 761 1564 pernicie
775 1482 889 1565 populi
906 1485 1063 1557 Romani,
1085 1485 1210 1566 exitio,

35 1581 121 1651 huius
146 1586 240 1653 urbis
270 1598 339 1653 tam
360 1588 486 1655 ‚acerbe
514 1600 649 1668 tamque
675 1584 856 1654 crudeliter
878 1590 1055 1668 cogitarit,
1088 1588 1190 1655 etiam

37 1796 85 1838 uerit
95 1795 122 1841 ll.
137 1820 164 1833 -
179 1781 327 1851 Semproniae
345 1792 414 1855 tegre]
430 1793 482 1840 Til.
502 1794 554 1840 Eri.
572 1797 631 1853 tegis
645 1796 793 1852 Semproniae
810 1795 867 1842 Era.
879 1821 912 1833 -
925 1796 996 1854 iussn]
1013 1795 1087 1842 Tne.
1106 1798 1192 1842 tutum
1227 1804 1231 1813 “

37 1876 120 1925 lluherii
131 1878 267 1926 etEruestii
280 1880 352 1935 coni,
370 1879 553 1940 quaruforsitan
566 1881 653 1941 aliquis
666 1883 743 1927 firmet
756 1897 789 1928 en
797 1881 936 1928 Scholiasta
949 1898 973 1941 p.
982 1882 1040 1927 412.
1048 1883 1093 1928 Ed.
1107 1897 1189 1928 meae:

38 1946 108 2021 „tegi
129 1966 264 2021 Sempronia
283 1965 409 2009 'iniussu
428 1966 513 2022 popuii
537 1979 582 2010 non
605 1966 687 2009 licebat
703 1969 783 2024 praaeri
800 1968 827 2010 de
845 1943 993 2023 capacitate
1010 1969 1140 2012 Romani.“
1159 1991 1190 2003 -

38 2047 157 2105 largitorem
175 2041 311 2117 mirtulam]
328 2047 386 2107 ΤΡ.
411 2027 505 2094 Manui,
523 2049 643 2093 Lentulum
662 2052 724 2107 larg.
744 2051 773 2095 ll.
790 2051 849 2096 Ern.
868 2077 899 2087 -·
918 2052 945 2094 de
962 2055 1063 2107 pernicie
1080 2065 1100 2095 r.
1116 2065 1141 2107 p.
1160 2049 1190 2096 T.

38 2129 150 2194 (noulll'.)
161 2160 190 2170 -
208 2130 293 2194 exitio]
305 2133 358 2179 ΤΒ.
370 2133 427 2180 Ern.
445 2139 468 2179 et
478 2136 551 2178 esitio
564 2129 625 2179 End.
638 2123 694 2182 ante
706 2135 849 2188 Gruterum,
867 2135 907 2196 qui
920 2134 993 2180 tacito
1005 2135 1147 2181 amandavit.
1159 2160 1192 2174 -

39 2219 76 2260 lem
97 2221 155 2267 crud.
179 2222 211 2267 R.
235 2234 302 2279 quum
325 2221 389 2266 oud.
413 2218 492 2264 ‘l's-
512 2221 580 2263 etiam
603 2218 736 2281 appellari]
759 2220 812 2265 ΤΒ.
834 2219 886 2265 urs.
904 2220 1020 2277 afflictioni
1037 2219 1095 2265 Em.
1112 2244 1150 2256 -»
1166 2220 1192 2264 ire
1228 2207 1236 2260 ἶ
1269 2213 1270 2216 ’

39 2305 121 2355 pennen
138 2320 159 2355 r.
175 2320 201 2362 p.
220 2303 272 2351 Tu.
291 2331 322 2343 —
335 2306 460 2376 popularia
474 2303 619 2361 porliaci).
989 2291 993 2294 ’

40 2423 214 2438 ξ-

41 2509 83 2563 m,
107 2525 160 2569 piros
176 2477 438 2560 scilicetndeeututoree
459 2511 570 2558 Catilinae
581 2511 658 2571 fuine
675 2517 815 2569 compertum
832 2516 872 2558 eet.
914 2512 974 2558 Cum
993 2511 1112 2558 Ahreusio
1130 2511 1191 2557 haec

41 2602 76 2635 tou
94 2599 199 2642 neminem
225 2612 270 2644 auo
293 2598 410 2646 arbitratu
435 2596 521 2642 linxise
546 2596 666 2662 rhetorem
689 2605 759 2656 pute.
791 2591 896 2663 {tropon
919 2597 1032 2657 deinceps
1050 2613 1100 2642 esne
1119 2610 1190 2655 pron,

41 2674 109 2736 singul.
126 2684 144 2725 ii
161 2685 192 2728 ad
212 2697 258 2727 non
275 2685 385 2727 neminem
403 2684 505 2728 relatum
522 2685 587 2725 recte
605 2681 731 2728 adnotavit
750 2680 850 2727 alluens.
875 2708 900 2717 -
919 2678 1061 2744 peruenturi]
1088 2683 1189 2737 „erae-

42 2756 107 2807 attone
122 2779 207 2812 nomen
226 2781 275 2812 non
292 2767 406 2815 conuenit
424 2765 537 2812 Ciceroni
555 2780 633 2826 neque
650 2767 775 2812 exercenti
793 2766 905 2812 indicium
925 2766 1044 2824 publicum
1062 2773 1105 2811 aut
1116 2781 1191 2827 quae-

42 2843 127 2894 stionem
142 2866 221 2912 neque
239 2853 271 2898 nd
288 2852 313 2898 id
330 2851 453 2911 negotium
471 2854 556 2897 creato
573 2851 705 2910 apopulo.
740 2851 845 2898 Omnino
863 2865 893 2896 ue
909 2851 1024 2897 iudicium
1040 2850 1148 2911 quidem,
1165 2852 1190 2896 iu
1242 2879 1246 2887 -

43 2940 81 2987 tlte
96 2934 122 2980 de
138 2936 271 2983 coniuratis
287 2936 447 2992 indiceretur,
465 2939 577 2983 coactum
595 2940 677 2980 erat.“
694 2937 808 2982 Annene.
820 2961 854 2971 -
872 2935 1017 2991 Sitnproniae
1034 2935 1103 2993 legia]
1123 2934 1190 2980 Verr.
1274 2936 1277 2943 '

43 3010 89 3061 Ace.
105 3017 132 3076 5,
149 3023 189 3069 63.
221 3021 293 3067 ozee
308 3022 397 3066 Porcia
413 3023 516 3080 legesque
531 3020 689 3078 Semproniae!
714 3036 761 3080 pro
773 3020 836 3067 Rah.
848 3021 964 3080 perduell.
979 3033 1000 3064 c.
1013 3018 1038 3064 4.
1076 3019 1101 3063 C.
1116 3019 1190 3063 Grac-

44 3097 85 3143 1111
100 3103 165 3161 legem
185 3109 251 3160 tulit,
282 3122 308 3152 ne
325 3109 353 3153 de
370 3108 444 3163 copiie
461 3108 545 3152 ciuium
568 3108 613 3154 Ro.
632 3109 718 3152 iniussu
737 3109 810 3151 nestro
828 3106 935 3167 (populi
955 3104 1021 3164 tto.)
1039 3105 1191 3155 iudicaretur,

44 3178 121 3242 11111,
151 3204 180 3237 ne
204 3191 258 3251 quia
280 3197 341 3237 cenet
366 3191 530 3251 magistratus,
558 3192 599 3253 qui
616 3193 704 3239 iniussu
725 3192 811 3252 populi
828 3191 940 3237 iudicium
962 3196 1073 3250 cogeret,
1099 3204 1148 3250 quo
1167 3190 1191 3235 iu

45 3263 118 3318 iudicio
136 3277 165 3322 de
184 3276 267 3334 capite
291 3275 350 3322 civia
369 3276 525 3324 iudicaretur.
551 3276 614 3337 (cu.
635 3277 729 3324 Ahrens
749 3294 774 3338 p.
794 3272 865 3336 214.)
889 3276 913 3323 id
935 3277 1000 3336 quod
1017 3275 1090 3333 longe
1113 3273 1192 3320 u'reer·

45 3364 84 3398 11111
100 3364 131 3404 eu
147 3360 177 3407 nli
194 3375 237 3415 eo,
264 3362 330 3421 quod
346 3376 390 3421 per
410 3376 516 3408 errorem
535 3362 609 3408 trudit
629 3362 765 3409 Scholiasta
789 3360 914 3408 Bobiemis
930 3375 955 3419 p.
969 3360 1028 3406 370.
1046 3360 1091 3405 Ed.
1110 3374 1191 3405 meae:

46 3440 100 3483 11111
113 3446 199 3510 quinia
217 3448 288 3490 ciuem
305 3448 350 3491 Ro.
368 3448 489 3503 capitalem
505 3450 638 3494 sententium
655 3449 747 3491 diceret.
758 3473 788 3483 -
806 3449 866 3490 iussu
881 3446 981 3505 populi]
1000 3444 1061 3491 Cum
1080 3445 1127 3491 hoc
1145 3459 1190 3504 per

46 3532 65 3564 11
81 3522 221 3575 lulaieeimum
244 3531 288 3584 ait,
317 3531 340 3577 in
369 3545 422 3577 eum
445 3527 543 3593 quidum
567 3531 742 3591 cogitationem
769 3531 864 3584 incidit,
883 3537 909 3576 ut
930 3531 1067 3576 Gracchum
1087 3529 1193 3576 occisum

46 3614 125 3662 nutaret
140 3615 201 3663 lmen
221 3616 320 3675 populi,
338 3617 395 3677 quia
413 3618 527 3677 Opimio,
544 3617 586 3678 qui
605 3617 766 3671 interemerit,
784 3622 879 3662 senatus
894 3618 991 3662 decreto
1012 3614 1136 3662 commissu
1156 3629 1193 3661 res

48 3692 126 3747 Publice
140 3699 217 3747 suerit.
261 3701 326 3748 Mire
342 3717 401 3748 eune
418 3702 569 3762 explicatior
594 3716 624 3748 ue
644 3702 664 3748 ei
685 3705 751 3763 quod
770 3709 866 3748 serratus
883 3702 997 3756 decrerit,
1025 3700 1111 3759 populi
1129 3700 1194 3746 iussu

48 3776 108 3827 tieret
122 3783 230 3835 tuens.
272 3787 375 3834 Proreus
395 3797 475 3838 autem
491 3787 562 3847 friget
581 3786 679 3834 Buherii
701 3789 856 3841 coniecturn3
874 3787 955 3846 inepte
974 3785 1035 3831 eninr
1050 3799 1090 3832 vv.
1108 3787 1194 3830 iniussa

47 3869 112 3918 1111111111
134 3869 241 3920 iniustam
263 3879 336 3934 atquo
355 3872 509 3919 arbitrarium
535 3872 563 3917 C.
583 3872 694 3918 Gracchi·
714 3881 829 3926 mortem,
858 3872 1010 3932 sequentihus
1034 3872 1135 3915 eandem
1157 3869 1194 3914 iu·

49 3946 151 4001 ifisstlmaru
173 3960 245 4005 fuisse
269 3959 367 4004 diceret.
419 3958 478 4004 Alie
505 3957 667 4013 coniectura,
701 3972 774 4019 quam
790 3957 880 4002 facturn
904 3972 919 4002 a
942 3958 1048 4017 quodam
1077 3954 1199 4012 comperii

50 4033 88 4077 Μ
105 4047 178 4097 populi
195 4057 241 4103 pro
264 4046 419 4099 iricompecn
437 4033 534 4100 populi,
552 4048 689 4103 inspectante
701 4046 805 4101 populo,
824 4057 853 4087 ue
875 4042 961 4085 Latina
983 4039 1077 4100 quidem
1101 4048 1196 4098 est„-

52 4114 172 4188 l‘ll'dllwm]
196 4129 321 4174 Plutarch·
345 4129 368 4175 in
395 4129 446 4174 Cic·
475 4130 513 4174 l'l·
562 4122 705 4195 Κορνήλιος·
726 4128 847 4186 Λέντλος,
875 4121 979 4189 Σούρας
999 4124 1137 4183 ἐπίκλησιν,
1163 4120 1194 4167 δι’

51 4190 154 4268 daupu„
163 4213 335 4278 ἐξεληλαμένος
349 4209 394 4276 τῆς·
406 4210 498 4279 βουλῆς
511 4208 636 4282 πρότερον
657 4214 694 4274 (u.
707 4227 730 4259 u
743 4227 765 4258 c.
778 4212 836 4258 634.
850 4210 881 4258 alr
893 4212 920 4255 t..
936 4209 1018 4255 Gellio
1034 4216 1058 4252 et
1072 4207 1116 4250 Cn.
1131 4206 1195 4251 Cor·

53 4286 103 4335 telio
114 4294 207 4344 Lentulo
225 4297 374 4358 ceunorlhun)
395 4302 420 4347 ἓν
437 4304 490 4355 τοῖς
506 4292 571 4348 κατὰ
587 4291 689 4350 Σύλλαν
706 4290 805 4367 χρόνοις
822 4288 958 4361 ταμιεύων,
984 4286 1066 4354 συχνὰ,
1082 4287 1131 4339 τῶν
1149 4289 1195 4351 dna

53 4376 129 4429 ll⁰⁰l<tt
142 4378 272 4451 χρημάτων
291 4376 401 4435 duellem
421 4386 464 4436 eni
485 4383 621 4454 διέφθειρε.
