2850 4759
173 299 234 370 198
483 355 489 368 ,
520 337 522 340 -
657 287 893 360 CICERONIS

175 475 210 532 te
238 461 538 544 diligentissimum
563 467 598 523 ot
625 455 668 522 ad
692 448 938 536 suspicandum
969 449 1231 531 sagacissimum
1261 459 1293 514 et
1318 448 1357 514 ad

176 564 418 634 vindicandum
444 560 672 630 fortissimum
695 556 774 623 sore
794 554 934 638 putasti.
978 552 1045 620 sed
1067 573 1169 635 quam
1193 550 1294 632 longe
1315 551 1358 616 vi·

178 668 279 736 detur
303 689 321 735 a
343 686 481 736 carcerc
505 676 607 746 atque
631 684 650 728 a
676 656 822 726 vinculis
846 658 967 725 abesse
988 656 1131 732 debere,
1155 656 1212 738 qui
1235 658 1357 736 seipse

117 785 158 849 20
178 768 396 851 iatndignum
412 766 570 836 custodia
590 763 778 832 iudicauit?
801 762 901 854 Quae
924 782 1002 828 curn
1024 760 1072 826 ita
1097 760 1182 835 sint,
1205 759 1358 826 Catilina‘

179 872 331 950 dubites,
361 874 390 940 si
413 870 521 939 emori
544 889 653 951 aequo
679 867 794 934 animo
819 888 887 932 non
911 874 1027 947 potes,
1059 863 1154 929 obire
1177 864 1212 929 in
1242 862 1358 946 aliquas

180 988 310 1051 tetras,
342 985 377 1043 et
406 974 512 1041 vitam
540 972 660 1053 istam,
695 969 813 1037 mrdtis
843 967 1019 1052 suppliciis
1051 967 1152 1034 iustis
1179 966 1359 1053 debitisque

180 1090 351 1161 ereptam,
372 1077 475 1158 sugas
495 1072 738 1155 solitudinique
763 1068 953 1138 mandaret>

260 1178 431 1261 „neten-s
423 1178 549 1261 inquis,
571 1175 613 1242 ad
641 1185 814 1242 serratum:
824 1174 840 1203 ‘⁴
868 1173 901 1240 id
929 1173 1020 1240 enim
1048 1171 1227 1258 postulas,
1261 1184 1310 1252 et,
1336 1173 1360 1240 si

180 1285 238 1354 liic
258 1284 344 1352 ordo
367 1282 429 1352 sibi
451 1280 586 1365 placore
608 1278 800 1346 decreverit
821 1288 854 1346 te
881 1277 931 1343 ite
952 1276 987 1343 iu
1013 1275 1174 1358 exilium,
1199 1278 1361 1358 obtempe-

181 1399 339 1455 raturum
363 1397 396 1453 te
423 1403 499 1453 esse
523 1381 619 1450 dicis.
670 1379 749 1449 Non
776 1381 944 1459 reseratu,
976 1379 1010 1445 id
1031 1378 1130 1463 quod
1159 1377 1362 1447 abhorrete

182 1489 268 1560 aneis
290 1489 458 1558 moribus:
480 1485 540 1556 sed
561 1499 675 1570 tarinen
694 1483 839 1562 faciam,
861 1493 899 1548 ut
917 1481 1105 1562 intelligas,
1127 1481 1210 1565 quid
1230 1482 1264 1548 hi
1281 1481 1319 1548 de
1337 1492 1363 1548 te

183 1592 344 1660 sentiant.
385 1588 561 1672 Egredere
584 1610 629 1658 ex
650 1587 753 1665 urbe,
787 1584 945 1660 Catilina:
980 1584 1086 1652 libera
1104 1605 1179 1652 rent
1199 1585 1363 1666 publicam

184 1706 296 1766 metu:
331 1695 365 1762 in
390 1691 549 1771 exilium,
585 1692 614 1760 si
637 1690 726 1758 hano
751 1708 871 1756 vocem
903 1700 1103 1771 exspectas,
1137 1689 1363 1770 proficiscere.
1414 1747 1416 1750 ,

186 1795 279 1889 Quid
313 1808 386 1876 est,
416 1795 586 1864 Catilina?
619 1791 740 1877 ecquid
776 1790 941 1870 attendis,
977 1790 1099 1875 ecquid
1127 1790 1364 1858 animadvertis

183 1899 308 1968 horum
327 1897 529 1968 silentium?
552 1898 750 1976 Patinntor,
773 1906 900 1962 tacent.
944 1893 1036 1985 Quid
1055 1905 1240 1976 exspectas
1258 1905 1367 1960 aucto·

184 2003 321 2070 ritatem
339 2001 566 2086 loquentium,
581 2021 729 2085 quornm
749 1998 961 2066 voluntatem
979 1998 1163 2065 tacitorum
1178 1994 1365 2080 perspicis?
1414 2025 1416 2034 ,

125 2139 164 2201 21
186 2107 233 2172 At
257 2106 285 2174 si
309 2103 378 2174 hoc
396 2103 486 2173 idem
511 2103 590 2172 huic
614 2100 826 2172 adolescenti
850 2103 998 2184 optimo,
1028 2101 1064 2167 P.
1084 2099 1219 2178 Sestio,
1253 2102 1283 2168 si
1307 2101 1368 2166 lor·

187 2207 319 2275 tissime
342 2210 436 2293 viro,
467 2210 518 2279 M.
546 2204 715 2278 Marcello
736 2203 961 2284 dixissem,
952 2226 1022 2272 iarn
1043 2202 1125 2270 mihi
1150 2200 1287 2270 consuli
1310 2201 1367 2269 hoc

98 2385 103 2392 ,
184 2312 262 2394 ipso
281 2312 313 2378 in
338 2308 495 2393 templo
487 2330 560 2377 iure
581 2311 712 2393 optimo
738 2320 876 2376 senatus
903 2308 966 2374 viui
989 2318 1024 2374 et
1045 2328 1166 2374 manus
1190 2305 1367 2373 intulisset.

186 2414 287 2482 Dete
305 2425 438 2493 autent,
462 2412 622 2501 Catilina,
645 2434 723 2480 cum
742 2410 939 2498 quiescunt,
961 2410 1126 2493 probant,
1149 2429 1231 2476 mint
1247 2410 1369 2493 patiun-

257 2616 328 2679 §so
345 2614 465 2677 siemort']
484 2613 537 2664 Tu.
555 2618 577 2664 sl
592 2618 631 2661 dic
647 2618 740 2663 morari
752 2616 831 2664 Codri.
850 2615 960 2663 nonnulli
979 2615 990 2677 (
999 2615 1111 2678 plerique
1128 2620 1210 2663 tamen
1229 2619 1253 2663 si
1269 2615 1368 2676 morari)

188 2700 278 2747 Mutet.
296 2699 356 2747 Ero.
391 2699 498 2747 Nostrae
516 2700 617 2748 lectioni
634 2700 720 2747 melios
738 2692 885 2748 conveniunt
903 2715 943 2748 vv.
961 2714 1034 2759 aequo
1052 2703 1148 2753 animos
1170 2715 1253 2763 neque
1271 2717 1329 2751 vero
1343 2702 1369 2748 de
1410 2745 1413 2758 ,

188 2780 312 2840 supplicio
331 2781 501 2843 cogitandum,
529 2796 584 2827 cnm
602 2784 677 2826 emori
693 2795 743 2829 non
763 2783 860 2829 dicatur
876 2783 922 2830 nisi
940 2785 970 2829 dc
988 2791 1069 2832 morte
1086 2793 1129 2834 aut
1146 2786 1257 2834 naturali
1274 2794 1316 2834 ant
1331 2800 1369 2834 ro-
1410 2789 1413 2798 '

189 2865 304 2914 luntario.
350 2865 477 2913 Sententia
502 2865 578 2927 igitur
606 2866 668 2911 haec
692 2871 743 2912 ests
772 2867 952 2925 „Conscientia
977 2868 1095 2916 scelernm
1121 2885 1269 2930 oppressus,
1297 2883 1368 2931 aequo

187 2951 273 3000 animo
290 2957 394 2998 mortem
411 2964 456 2998 nec
474 2957 610 3010 expectare
628 2964 674 2997 nee
691 2949 736 2997 tibi
754 2950 807 3010 ipse
818 2951 970 2998 consciscere
982 2959 1066 3012 potes:
1084 2954 1144 3016 qnin
1155 2954 1231 3015 igitur
1243 2956 1297 3002 abis
1307 2955 1368 3001 eet-‘⁴

188 3036 241 3083 cn.
260 3037 334 3083 etiam
352 3036 381 3082 F.
395 3034 426 3083 A.
440 3034 554 3081 Wolfinm
572 3034 596 3080 in
615 3035 774 3082 vermischteu
788 3034 920 3086 Schriften.
955 3036 1367 3100 Hane1802.p.142.cumflne
1414 3083 1415 3100 1

188 3120 231 3169 vio
246 3120 676 3169 nonnamtectncitedefendentem.
713 3119 794 3165 Etiam
808 3120 918 3179 Madvig.
928 3120 1034 3180 Opuscc.
1045 3137 1070 3182 p.
1083 3123 1139 3169 lto.
1150 3125 1368 3170 veranteccnrne
1414 3103 1415 3108 ¹

189 3206 534 3269 prseicrt.·inqnitll.(uon
543 3204 625 3263 T.)—
638 3208 664 3250 irl
672 3207 742 3250 etiam
748 3204 906 3262 pah-sibi
916 3202 1020 3265 placere]
1035 3205 1089 3251 Tu.
1105 3207 1200 3264 plaeere
1216 3208 1265 3252 etti
1274 3207 1329 3253 Ero.
1338 3227 1368 3240 -

186 3291 282 3348 placere
300 3287 373 3354 [etti]
398 3289 479 3338 Beier.
503 3289 613 3349 Madvig.
631 3314 664 3328 -
681 3292 723 3334 sed
746 3283 834 3349 tamen]
857 3286 934 3336 TRI‘·
951 3291 974 3332 et
990 3292 1067 3334 tomen
1084 3288 1144 3335 Em.
1161 3316 1196 3327 -
1213 3291 1244 3335 de
1261 3287 1326 3350 orte]
1342 3286 1367 3332 T.

189 3374 251 3438 (non
269 3373 312 3437 lt.)
326 3400 359 3413 ·-
373 3376 455 3434 ecquid
466 3398 478 3410 ·
489 3396 501 3409 ·
512 3370 611 3436 ecquid]
634 3374 690 3433 qnid
701 3397 712 3408 -
725 3397 737 3409 ·
749 3377 772 3418 et
789 3373 845 3431 quta
860 3371 915 3418 ΤΒ.
931 3397 963 3410 -
979 3376 1026 3420 ool.
1047 3376 1171 3419 tacentium
1187 3375 1219 3421 P.
1236 3374 1297 3436 (non
1311 3369 1368 3431 Til.)

257 3481 269 3543 5
286 3482 328 3530 st.
346 3482 383 3528 Ac
400 3478 437 3541 si]
456 3479 486 3526 T.
503 3480 564 3541 (non
583 3478 627 3540 ll.)
643 3507 675 3519 -
687 3483 719 3529 P.
738 3479 823 3541 Sestio]
841 3480 895 3527 Til.
912 3482 943 3527 P.
963 3482 1045 3527 Sextio
1061 3481 1218 3528 Ern-iure
1236 3486 1323 3540 optimo
1337 3495 1368 3525 re·

175 3564 266 3627 'uelud
285 3565 315 3612 T.
333 3564 392 3613 Ero.
409 3568 500 3610 senatus
518 3551 607 3621 optiino
625 3567 674 3610 iure
693 3566 724 3610 R.
741 3569 833 3610 senatus
850 3566 900 3609 iure
917 3566 1008 3621 optimo
1025 3580 1079 3612 cum
1097 3565 1208 3613 Graevio
1220 3566 1327 3625 Madvig.
1338 3587 1368 3601 -

189 3650 253 3693 stant
268 3650 355 3694 circum
372 3662 420 3694 sen.
438 3647 469 3693 T.
480 3673 509 3683 -
522 3649 654 3704 perspicere
672 3649 749 3693 studio
766 3647 796 3694 P.
814 3646 874 3708 (non
886 3645 951 3707 Tu.)
960 3673 994 3685 -
1010 3663 1059 3696 om.
1074 3650 1162 3695 iamdiu
1173 3649 1205 3695 tt.
1218 3647 1281 3710 (non
1293 3649 1367 3710 T.)-

188 3737 281 3777 oortore
297 3733 437 3789 iampridem
455 3731 486 3777 lt.
504 3730 565 3791 (non
583 3730 625 3792 T.)

147 3952 151 3955 -
188 3932 332 3980 compressus
349 3924 384 3965 est
399 3925 422 3968 et
437 3921 466 3968 de
483 3925 579 3984 atroque
593 3938 638 3983 per
655 3893 764 3970 Bibulum
782 3922 807 3971 itt
824 3922 947 3981 Peliguie,
966 3935 1014 3979 per
1034 3924 1063 3977 Q.
1084 3922 1218 3970 &cuonem
1234 3926 1263 3969 ἐκ
1279 3923 1367 3970 Bruttiis
1413 3889 1414 3904 ἶ

187 4005 317 4054 uindicatur
334 4008 376 4054 est.

257 4112 269 4175 q
286 4114 328 4162 et.
347 4116 378 4162 r.
397 4112 481 4174 orso]
503 4114 616 4168 emtor
633 4115 673 4160 nn
686 4114 712 4160 o
725 4114 839 4170 Annuit,
857 4114 961 4171 collegae
978 4116 1039 4169 mes,
1051 4114 1105 4174 sue
1119 4119 1195 4168 soro,
1213 4116 1257 4160 ..a
1271 4116 1366 4161 ,oreo
1412 4105 1414 4164 ξ

188 4200 341 4246 mittem
363 4209 433 4243 meur.
479 4197 603 4254 Inpedim-
624 4200 760 4243 nomlla'ns
780 4196 869 4255 offleii,
895 4201 922 4241 tet
938 4211 983 4254 ego
1000 4199 1157 4255 interpretor,
1178 4201 1308 4257 religione,
1329 4209 1368 4256 qno
1413 4245 1414 4250 ,

188 4284 264 4327 m
280 4295 411 4339 aponum,
428 4294 497 4339 qnam
513 4282 586 4326 multo
604 4282 636 4328 P.
654 4281 754 4332 Satius,
772 4292 828 4323 eune
839 4284 897 4324 esset
913 4294 964 4324 eum
982 4283 1074 4339 collega
1090 4295 1153 4334 meo,
1170 4285 1284 4337 omit,
1300 4283 1366 4326 atne
1413 4305 1414 4338 q

189 4364 310 4427 Murro,
329 4368 416 4424 quanto
432 4367 486 4409 ants
502 4364 643 4420 providerit.
660 4376 708 4421 pro
720 4360 800 4409 Sestio
817 4362 863 4422 i⁸=
882 4363 916 4409 Μ.
934 4361 1061 4425 Marcello]
1079 4364 1173 4411 cuneoli
1190 4379 1217 4410 a.
1235 4378 1260 4412 n.
1278 4379 1300 4412 c.
1317 4362 1365 4410 tos.
1413 4349 1414 4412 l

1413 4437 1414 4462 l
