2850 4759
180 276 238 343 lto
654 267 891 338 CICERONIS

179 438 342 509 fuissent,
365 454 453 500 anno
476 432 635 514 proximo
657 429 759 511 iegati
781 450 856 499 esse
876 440 1085 513 potueruut,
1111 431 1143 496 in
1164 452 1234 497 uuo
1257 429 1357 497 Gabi·

180 544 236 609 nio
257 550 337 607 sunt
360 549 427 603 tarn
450 534 657 613 ditigenust
688 534 745 616 qui
767 534 801 600 in
822 531 889 599 boc
911 531 1020 611 bello,
1048 531 1140 615 quod
1163 530 1239 612 tege
1261 532 1358 598 Gabi·

179 641 410 721 uia'geritur,
442 640 474 704 in
504 637 573 703 boc
594 638 804 719 imperatore
835 647 936 718 atque
964 636 1137 713 exercitu,
1172 656 1274 717 quem
1301 654 1358 716 per

180 770 244 814 vos
265 748 336 827 ipse
358 741 554 815 constituit,
586 740 689 805 etiam
713 740 897 819 praecipuo
919 738 992 804 iure
1013 758 1089 805 esse
1111 736 1278 804 deber-ut
1315 737 1359 804 De

181 872 249 932 quo
277 843 423 926 legando
452 841 612 909 consules
640 861 743 922 spero
773 839 815 906 ad
837 851 993 906 senatum
1017 838 1200 907 retaunos.
1244 830 1314 928 Qui
1334 840 1360 904 si
1421 871 1422 874 ¹

182 951 384 1017 dubitabunt
415 958 473 1012 aut
500 943 754 1024 gravabuntur,
786 963 850 1021 ego
880 963 935 1008 me
964 943 1128 1024 profiteor
1156 939 1361 1018 retaturuun
1421 1012 1422 1017 .

174 1039 291 1134 'neque
313 1072 367 1116 rnc
389 1047 549 1130 impertiet
572 1045 772 1126 cuiusquam
801 1045 975 1110 inimicum
1004 1042 1172 1120 edictum,
1209 1066 1276 1124 quo
1301 1030 1361 1108 mi·
1418 1116 1421 1129 Ι

181 1177 246 1222 nus
267 1153 364 1220 vobis
386 1151 514 1223 frctus,
539 1160 689 1215 vestrum
713 1148 765 1213 ins
789 1147 1056 1228 beneficiumque
1078 1145 1280 1223 desendam3
1306 1166 1360 1209 nc·
1421 1144 1422 1147 ’

183 1268 248 1339 qtre
273 1264 411 1338 praeter
440 1252 718 1318 intercessionem
747 1248 931 1330 quidquam
960 1247 1115 1325 andiaru3
1146 1245 1187 1312 de
1209 1269 1293 1329 qna,
1328 1259 1360 1311 nt

171 1362 348 1433 arbitror,
381 1356 434 1421 isti
457 1354 539 1436 ipsi,
561 1354 630 1434 ¹qni
654 1352 845 1425 minantur,
870 1348 983 1414 ⁴etiam
1005 1360 1106 1430 atque
1128 1350 1251 1425 etiam,
1282 1349 1360 1431 quid

182 1461 309 1526 liceat..
322 1456 599 1522 considerabunt.
627 1454 708 1519 Mea
724 1449 861 1533 quidem
876 1451 1060 1525 sententia,
1083 1451 1253 1540 Quirites,
1277 1472 1361 1517 unus

184 1568 225 1629 Α.
250 1561 412 1626 Gabinius
441 1555 516 1623 belli
539 1555 698 1623 maritimi
718 1571 901 1633 rerumque
922 1562 1097 1631 gestarum
1120 1554 1180 1617 Cn.
1199 1554 1360 1634 Pompeio
1417 1622 1419 1631 ,

182 1664 297 1731 socius
328 1659 550 1738 adscribitur3
583 1668 765 1739 propterea
795 1653 887 1736 quod
917 1653 1005 1721 alter
1036 1654 1094 1719 uni
1124 1652 1208 1720 iliud
1237 1653 1361 1721 beilum
1414 1710 1419 1743 z

182 1762 437 1846 suscipiendum
460 1762 583 1827 vestris
604 1759 690 1826 suffr
692 1779 776 1838 agns
798 1753 935 1836 detulit,
966 1753 1053 1822 alter
1080 1754 1228 1822 delatum
1250 1775 1362 1823 susce·
1414 1752 1419 1833 ’ς

183 1879 348 1948 ptumqne
369 1862 530 1928 confecit
1416 1836 1419 1851 '

122 1973 161 2035 59
260 1967 344 2034 XX.
387 1961 566 2046 Reliquum
588 1974 658 2039 cst,
686 1972 724 2027 ut
744 1960 854 2050 ‹leQ
878 1959 988 2027 Catuli
1003 1961 1213 2026 auctoritate
1234 1971 1271 2025 et
1290 1981 1360 2026 seu

184 2068 288 2135 tentia
309 2064 491 2132 dicendum
514 2085 589 2132 esse
610 2061 778 2131 videatur
821 2063 889 2152 Qui
906 2083 985 2128 cum
1001 2082 1045 2128 ex
1061 2064 1155 2129 vobis
1171 2050 1359 2144 quaereret,
1416 2078 1419 2141 t

182 2171 212 2239 si
233 2170 266 2235 in
286 2191 354 2234 nno
379 2168 442 2235 Cn.
463 2165 629 2246 Pompeio
652 2165 765 2233 omnia
789 2163 982 2245 poneretis,
1017 2165 1045 2230 si
1068 2162 1146 2246 qnid
1169 2185 1210 2230 eo
1233 2165 1358 2230 factum
1416 2216 1419 2225 .

183 2284 291 2347 esset,
313 2271 346 2335 in
368 2290 435 2351 quo
458 2287 555 2347 sporn
577 2266 697 2332 essetis
722 2263 885 2344 habituri,
908 2266 998 2348 cepit
1019 2262 1180 2344 inagnum
1197 2287 1281 2333 suae
1296 2267 1360 2329 vir·
1416 2244 1419 2293 ¹

182 2375 265 2440 tutis
287 2372 439 2438 fructum
461 2389 501 2434 ac
523 2367 716 2446 dignitatis,
748 2389 826 2433 cnm
849 2388 969 2435 omnes
997 2388 1063 2432 una
1085 2388 1193 2449 prope
1223 2388 1310 2433 voce
1330 2368 1360 2433 in

180 2477 256 2557 ipso
281 2495 342 2539 vos
363 2492 458 2552 spem
483 2469 657 2537 babituros
678 2488 755 2537 esse
777 2467 922 2536 dixistis.
963 2468 1096 2535 Etenim
1124 2467 1200 2535 talis
1223 2481 1278 2537 est
1297 2470 1360 2546 vir,

182 2590 222 2643 ut
243 2574 336 2641 nutta
357 2594 412 2640 res
434 2584 526 2638 tanta
547 2572 592 2637 sit
613 2592 653 2636 ao
674 2581 743 2637 tam
766 2568 923 2646 difficilis,
943 2592 1045 2653 qutun
1067 2570 1123 2636 itte
1144 2594 1212 2637 nou
1236 2582 1272 2636 et
1286 2592 1361 2637 eon·

183 2677 258 2745 silio
286 2695 405 2754 regere
432 2685 466 2740 et
493 2673 687 2752 integritate
716 2674 800 2737 tueri
826 2684 862 2738 et
889 2673 1016 2740 virtute
1043 2674 1216 2740 conticere
1242 2674 1357 2755 possit.

131 2786 133 2789 ’
183 2779 249 2847 Sed
271 2782 304 2844 in
326 2777 392 2844 boc
413 2779 487 2860 ipso
511 2776 550 2841 ab
573 2795 613 2839 eo
635 2771 934 2842 vehementissime
956 2776 1137 2851 dissentio,
1161 2775 1273 2857 quod,
1298 2796 1358 2857 quo

184 2883 295 2949 rubrus
317 2891 410 2946 certa
431 2890 485 2945 est
505 2876 681 2942 bominum
705 2895 746 2941 ae
760 2876 873 2942 minus
889 2875 1050 2943 diuturna
1066 2877 1152 2954 vita,
1174 2876 1242 2942 hoc
1259 2877 1359 2956 magis

182 3005 237 3051 res
264 2982 418 3066 publica,
455 2978 537 3044 dum
570 2997 632 3059 per
663 2975 750 3043 deos
781 2977 994 3044 immortales
1024 2976 1121 3054 iicet,
1161 2978 1230 3044 frui
1266 2978 1359 3045 debet

121 3093 161 3154 60
183 3087 308 3154 sumini
330 3083 393 3150 viri
415 3084 485 3148 vita
505 3092 606 3162 atque
627 3080 828 3145 virtute-
860 3081 907 3145 At
927 3079 1017 3146 enim
1039 3081 1180 3162 nequid
1203 3083 1286 3147 novi
1307 3081 1358 3145 fiat

137 3226 140 3227 ν
183 3200 303 3255 contra
325 3180 481 3264 exempla
503 3194 604 3262 atque
626 3181 780 3259 instituta
802 3182 982 3248 maiorum.
1005 3183 1142 3248 -Nou
1165 3182 1278 3248 dicam
1300 3183 1357 3248 boc

139 3328 140 3331 =
182 3289 258 3354 loco
281 3289 428 3352 maiores
451 3295 590 3349 nostros
613 3303 749 3364 semper
771 3284 803 3348 in
826 3303 908 3364 paee
930 3283 1186 3361 consuetudini,
1221 3286 1256 3350 iu
1279 3283 1356 3351 bebo

183 3390 318 3455 utilitati
346 3387 518 3469 paruisse3
554 3404 689 3466 semper
718 3383 759 3450 ad
782 3405 892 3451 novos
915 3405 1015 3453 casus
1039 3397 1231 3468 temporum
1255 3410 1357 3456 novo·
1419 3428 1420 3461 ,

183 3515 260 3558 rum
289 3486 510 3569 consiliorum
538 3488 685 3554 rationes
712 3485 1015 3567 aceomrnodasse3
1056 3511 1124 3555 non
1153 3489 1266 3556 dicam
1296 3490 1356 3556 duo

183 3592 269 3661 betta
291 3591 458 3665 niaxima,
480 3589 645 3655 Punicum
669 3600 770 3669 atque
794 3589 1034 3669 Hispaniense,
1063 3592 1104 3656 ab
1127 3613 1195 3657 uno
1217 3593 1357 3675 impera·

184 3709 259 3761 tore
281 3713 355 3761 esse
377 3692 550 3772 confecta3
576 3690 729 3770 duasque
750 3690 851 3756 urbes
873 3692 1144 3772 potentissimas,
1176 3716 1266 3776 quae
1286 3686 1365 3771 huie
1419 3720 1420 3753 ;

181 3798 325 3878 imperio
348 3796 496 3862 maxime
518 3792 786 3885 minitabantur,
811 3791 1060 3873 Karthaginem
1089 3807 1189 3877 atque
1209 3796 1355 3863 Numan·
1419 3778 1420 3783 ἵ

184 3902 283 3977 timn,
319 3901 359 3966 ab
382 3898 501 3965 eodem
524 3895 684 3976 Scipione
709 3913 786 3960 esse
808 3892 955 3962 deletas:
990 3919 1059 3962 non
1081 3900 1355 3966 commemorabo

191 4008 398 4019 ..μ-..-

249 4061 319 4133 iob.
343 4065 495 4137 uria-prope]
513 4067 543 4111 E.
564 4081 641 4124 prope
658 4078 703 4112 uuo
721 4066 779 4112 Ero.
798 4089 830 4107 -
849 4063 955 4130 inipso]
982 4066 1101 4114 boort.
1119 4069 1204 4116 Lomb.
1223 4073 1248 4115 in
1265 4086 1293 4116 eo
1309 4073 1355 4128 ipso

181 4155 210 4200 E.
227 4156 285 4200 Em.
302 4181 337 4193 -
356 4153 419 4211 oiri]
438 4152 466 4197 E.
483 4151 583 4217 bominis
600 4150 658 4196 Ern.

249 4234 260 4291 b
282 4235 323 4278 60.
341 4247 368 4276 ne
386 4230 455 4290 quid]
474 4232 503 4276 E.
522 4233 581 4275 nibil
597 4231 655 4276 Ero.
676 4254 710 4268 -
734 4230 821 4292 tticum]
840 4232 869 4277 E.
887 4234 940 4277 iiico
958 4232 1016 4280 Eru.
1035 4259 1070 4271 -
1089 4240 1158 4294 atqua
1174 4235 1221 4300 Η]
1239 4238 1269 4284 Ε,
1287 4242 1309 4283 01
1321 4234 1352 4281 H.

181 4316 238 4360 Em.
257 4340 290 4353 -·
304 4312 413 4374 duosque]
433 4313 462 4360 E.
480 4314 537 4361 duas
554 4314 611 4361 Em.
625 4338 657 4353 —
672 4312 849 4375 minitabantur]
867 4314 896 4362 E.
913 4314 1061 4364 minabantur
1079 4318 1136 4366 Em.
