2850 4759
205 277 375 348 ORATIO
400 276 487 348 PRO
512 279 553 348 R.
570 278 828 367 DEIOTARO,
857 301 889 347 c.
910 282 1022 348 teti.
1140 282 1199 346 tw

32 439 246 522 acumethus
271 461 343 508 rem
361 439 534 524 publicem
562 439 809 511 defendendam
836 440 966 528 datam,
999 441 1199 509 monebatur

36 544 142 611 animo
162 557 199 612 et
220 546 272 613 vir
296 543 376 612 hnic
396 544 539 628 imperio
561 546 786 613 amicissimus
808 546 850 612 de
870 543 979 613 salute
998 544 1200 628 populiito·

35 652 121 715 mani
145 649 408 727 extimescebat,
429 649 463 715 in
487 669 551 732 qua
574 650 674 719 ctiam
699 670 794 717 suam
821 669 897 717 esse
922 647 1085 725 inclusam
1107 650 1201 716 vide·

35 749 107 830 bet3
125 751 160 819 in
181 771 320 819 summo
344 767 456 819 tamen
477 752 599 819 timore
619 752 857 835 quiescendum
881 755 943 823 sibi
966 775 1040 821 esse
1061 753 1200 821 arbitra·

36 852 158 920 batur„
186 855 342 922 Maxime
364 876 445 922 uero
469 856 684 939 perturbatus
705 869 775 933 est,
807 871 844 924 ut
867 857 1012 933 audivit,
1043 856 1199 927 consules

38 978 77 1024 ex
93 956 189 1053 italia
210 959 424 1042 profugisse,
445 981 628 1042 omnesque
645 959 859 1046 consulares,
881 964 946 1039 (sic
963 963 1050 1029 euirn
1067 961 1098 1029 ci
1114 984 1201 1028 uun·
1302 954 1305 959 ’

39 1062 223 1148 tiabatur,)
257 1077 417 1131 cunctum
441 1076 616 1142 senatum,
652 1076 757 1131 totam
784 1062 912 1132 ttaiiarn
937 1086 1012 1133 esse
1035 1066 1198 1133 effusam:

40 1162 154 1233 talibus
177 1167 270 1233 enim
299 1168 425 1236 nuntiis
445 1180 480 1235 et
503 1169 696 1235 rumoribus
722 1170 857 1252 putebat
876 1168 919 1235 ad
944 1170 1117 1238 Orientem
1137 1189 1202 1244 tua,

39 1287 96 1334 nec
123 1266 184 1335 uiti
215 1272 289 1336 veri
316 1272 619 1355 subsequebantur.
660 1271 753 1341 Nihil
786 1271 841 1340 ille
874 1272 916 1340 de
948 1273 1202 1341 condicionibus

42 1372 117 1448 tuis,
149 1371 239 1440 nihii
262 1373 304 1441 de
331 1373 443 1451 studio
471 1377 674 1444 concordiae
698 1389 733 1445 et
755 1378 864 1459 pacis,
899 1373 980 1442 nihii
1005 1376 1046 1442 de
1067 1376 1202 1458 conspi-

41 1476 344 1547 ratione‘audiebat
360 1492 531 1547 certorum
551 1477 726 1548 hominurn
745 1492 864 1547 contra
878 1479 1079 1569 'dignitatem
1098 1491 1203 1547 tuam.
1249 1526 1252 1533 -

44 1574 130 1666 Quae
152 1601 234 1648 curn
259 1582 306 1649 ita
331 1596 463 1662 essent,
494 1594 606 1651 tamen
631 1605 737 1669 usque
767 1603 807 1650 eo
824 1605 867 1661 ,se
891 1584 1018 1659 tenuit,
1049 1582 1159 1665 quoad
1183 1604 1204 1650 a

43 1680 98 1751 Cu.
124 1685 294 1768 Pompeio
316 1683 417 1767 iegati
442 1684 485 1752 ad
509 1708 587 1753 eum
611 1685 808 1771 litteraeque
830 1699 1006 1754 venerunt.
1046 1686 1204 1768 Ignosce,
1227 1685 1265 1746 12
1299 1680 1304 1685 ’

43 1781 190 1867 ignosce,
214 1789 356 1867 Caesar,
378 1790 407 1858 si
427 1790 501 1857 eius
518 1791 580 1857 viri
599 1792 790 1859 auctoritati
812 1812 873 1857 rex
892 1791 1072 1858 Deiotarus
1089 1790 1204 1867 cessit,

43 1907 132 1968 quern
159 1912 224 1960 nos
255 1913 374 1959 ornnes
407 1894 515 1961 secuti
542 1915 678 1974 sumus3
712 1895 755 1960 ad
783 1915 883 1972 quem
913 1915 991 1960 curn
1026 1895 1071 1959 dii
1104 1905 1206 1975 atque

44 1984 186 2062 homines
213 1997 326 2062 omnia
351 2009 550 2065 ornamenta
574 1998 845 2079 congessissent,
878 2009 948 2064 turn
976 2010 1010 2064 tu
1039 1998 1110 2080 ipse
1132 1996 1205 2080 ptu-

46 2092 119 2162 rima
142 2109 178 2166 et
203 2099 366 2169 maxima,
407 2099 524 2184 Neque
552 2102 662 2178 enim,
691 2101 721 2167 si
747 2113 823 2168 tuae
850 2123 905 2168 res
932 2112 1048 2183 gestae
1072 2112 1205 2169 cetero·

46 2215 112 2285 rum
131 2197 291 2270 laudibus
319 2202 561 2271 obscuritatem
585 2201 790 2281 attuierunt,
810 2202 937 2269 idcirco
965 2204 1027 2269 Cn.
1053 2204 1205 2286 Pompeii

47 2305 236 2391 memoriam
256 2305 442 2373 amisimus.
482 2306 654 2398 Quantum
679 2327 804 2375 nomen
825 2308 896 2374 eius
918 2307 1038 2385 suerit,
1061 2318 1205 2388 quantae

48 2421 137 2485 opes,
158 2420 284 2492 quanta
304 2410 339 2476 in
361 2410 453 2476 omrai
471 2432 595 2491 genere
620 2407 787 2478 bellorum
812 2407 938 2491 gioria,
962 2411 1076 2493 quanti
1098 2409 1206 2476 horro-

48 2523 94 2573 res
108 2509 224 2593 populi
239 2512 402 2589 Romani,
425 2514 538 2597 quanti
555 2526 712 2592 senatus,
735 2515 851 2597 quanti
869 2516 933 2599 tui,
955 2515 1028 2598 quis
1043 2513 1205 2594 ignorat?

48 2605 146 2681 Tanto
164 2612 222 2683 ilie
240 2617 433 2699 superiores
451 2618 580 2684 vicerat
595 2614 722 2698 gloria,
743 2631 868 2700 quanto
888 2629 923 2684 tu
940 2618 1096 2706 omnibus
1112 2637 1207 2699 prac-

49 2713 163 2784 stitisti.
217 2718 337 2803 Itaque
375 2721 437 2788 Cn·
470 2721 620 2804 Pompeii
655 2718 761 2797 bella,
792 2722 969 2800 victorias,
1002 2719 1205 2805 triumphos,

50 2819 233 2891 consulatus
261 2824 464 2892 admirantes
492 2825 775 2905 numerabamusq
805 2835 882 2892 tuos
910 2845 1109 2893 enumerare
1137 2848 1206 2897 nou

51 2939 233 3000 possumus.

118 3031 159 3098 V.
201 3030 265 3129 Ad⁴
281 3052 359 3101 eum
384 3033 488 3114 igitur
512 3053 575 3099 rex
598 3032 781 3102 Deiotarus
805 3034 896 3100 veuit
915 3031 981 3101 hoc
1003 3032 1128 3099 misero
1157 3030 1206 3097 fa·
1229 3035 1266 3099 13

56 3126 235 3150 ''Q—.-

52 3190 77 3234 ⁰d
96 3192 167 3262 quern]
188 3198 330 3248 Arusianus.
350 3199 381 3245 et.
401 3200 425 3244 in
445 3212 510 3258 qnam
524 3196 548 3244 b.
564 3196 594 3245 Ε.
608 3223 640 3238 -
661 3210 742 3245 nomen
763 3200 827 3256 ittinr
846 3199 869 3245 b.
885 3197 993 3261 Madvig.
1008 3221 1043 3236 -
1062 3200 1114 3242 tnor
1130 3209 1206 3241 name·

52 3285 97 3320 tm
113 3279 191 3331 Hero.
212 3284 323 3343 Medrig'.

109 3362 119 3425 1
139 3366 175 3414 ts.
193 3373 262 3429 atque
279 3370 350 3416 Ater.
368 3368 451 3414 tettnm
466 3369 559 3426 gaeon
576 3370 638 3443 φο.
672 3350 776 3427 Recepit
793 3366 930 3414 Frotscher.

55 3463 232 3501 *Qa-

55 3530 120 3580 tttt'et
141 3535 415 3593 terte-dannamaria
439 3536 530 3579 renatam
546 3532 689 3587 concutitur,
713 3531 876 3591 prodoritns,
905 3531 1002 3579 tritanii
1016 3530 1080 3589 oleti
1096 3536 1119 3576 et
1133 3531 1208 3584 notis,

56 3615 143 3673 §tineo
163 3621 292 3668 cortentibus
314 3633 404 3672 emes,
432 3620 549 3677 negotium
571 3618 679 3671 dederat,
710 3621 736 3662 nt
756 3629 900 3670 curaremus,
927 3630 955 3661 ne
978 3616 1033 3675 qnid
1056 3629 1093 3661 ree
1114 3617 1208 3675 naitico

56 3693 171 3749 detrimenti
188 3710 296 3765 nannet,
317 3718 431 3765 nunqnam
448 3704 536 3748 maiore
553 3705 578 3748 in
592 3704 698 3761 periente
715 3704 797 3747 civiter
807 3700 874 3759 saite
900 3714 1013 3760 nunqnam
1030 3701 1132 3772 enrproti
1148 3703 1229 3746 cinee⁴

56 3778 167 3834 dtitterrrnt
178 3793 324 3856 gunnorem
340 3792 427 3839 ducem
444 3813 477 3828 -
499 3785 614 3848 conrates)
631 3787 660 3834 C.
678 3787 805 3834 Claudiurn
823 3786 965 3833 Marcellum
981 3792 1006 3832 et
1023 3786 1051 3831 t.
1069 3786 1208 3851 Cometinm

59 3860 176 3922 ltntillum.
193 3902 227 3915 -
243 3878 271 3922 de
287 3869 470 3937 condicionibus]
488 3874 521 3919 ed
538 3873 608 3919 Fam.
624 3872 666 3927 16,
687 3872 726 3917 12.
761 3872 875 3916 Feruntur
896 3873 990 3916 omnino
1012 3872 1157 3916 cotidieiones
1178 3870 1208 3914 ab
1287 3859 1296 3881 ⁸

58 3946 106 4001 itio,
120 3961 143 4001 tt
156 3961 280 4018 Pompeius
296 3964 333 4006 eat
349 3963 373 4005 in
390 3960 545 4018 Hispaniam,
568 3959 680 4010 delectus,
703 3960 744 4016 qni
767 3961 819 4000 erent
840 3956 927 4008 nobiti,
955 3961 978 4001 et
990 3957 1112 4014 perendie
1128 3958 1208 3998 nostra

59 4031 203 4100 dimittentem
218 4059 242 4091 ee
260 4046 392 4091 ulteriorem
413 4045 516 4091 Gottiom
531 4043 650 4096 Domitio,
669 4042 801 4087 citeriorem
815 4041 923 4087 Considio
935 4042 1044 4086 Noniano
1056 4041 1208 4091 traditorem,-

60 4116 85 4160 ⁰d
99 4131 217 4175 onnam
240 4131 371 4187 petitionem
395 4144 420 4176 ee
442 4133 560 4174 nentnrnm
578 4140 647 4186 neque
662 4141 688 4172 ee
711 4128 759 4172 inm
782 4127 840 4171 nette
856 4126 984 4171 obtenere
1001 4126 1114 4169 rationem
1129 4122 1208 4166 interi

61 4203 248 4264 'vitiarecentem
260 4217 346 4261 trinum
363 4215 487 4260 nundinam
504 4214 635 4270 petituram.
648 4237 680 4250 -
691 4208 874 4271 conspiratione]
892 4212 920 4256 t..
936 4208 1054 4264 Domitii,
1069 4208 1098 4254 P.
1111 4206 1208 4271 Scipio·

62 4283 101 4343 m,
120 4291 153 4341 Μ.
168 4297 258 4357 enon,
281 4300 315 4345 ra.
333 4299 447 4356 creona,
469 4298 503 4345 m.
522 4296 635 4344 invonit.
784 4276 790 4284 “

117 4375 128 4438 i
145 4380 181 4431 ts.
196 4383 317 4450 discent]
339 4385 392 4432 Nec
410 4390 488 4432 teneo
506 4378 638 4439 coutinu03
654 4381 800 4442 Pompeium
817 4379 880 4426 enim
896 4392 930 4425 ex
947 4375 1092 4431 Pharsalico
1109 4377 1208 4436 proelio
