2850 4759
196 282 255 347 222
667 277 904 347 CICERONIS

197 442 274 510 dem
296 440 383 510 banc
409 433 527 508 urbem
558 440 731 509 conditam
753 440 1057 524 amplificatamque
1079 442 1241 509 serravit.
1283 442 1365 509 Nam

198 548 258 615 toti
274 548 367 623 urbi,
389 544 523 628 templis
538 543 702 630 delubris,
720 548 816 613 tectis
832 567 871 612 ac
887 547 1062 613 moenibus
1076 547 1250 613 subiectos
1266 570 1367 630 prope

196 654 263 719 iam
290 652 384 732 ignes
414 648 709 732 circumdatosque
735 649 955 717 restinximus
983 648 1150 732 iidemque
1176 649 1312 731 gladios
1338 654 1368 718 in

197 777 269 823 rem
300 752 470 838 publicam
498 752 679 821 destrictos
707 751 896 820 retudimus
925 773 1172 837 mucronesque
1201 775 1325 822 eorum
1351 778 1368 823 a

158 865 177 926 3
197 857 320 939 iugulis
341 858 463 925 restris
483 848 679 924 deiecimus.
722 856 819 947 Quae
834 856 991 941 quoniam
1006 859 1039 923 in
1054 870 1173 924 senatu
1186 857 1366 942 illustrata,

198 962 384 1046 patefacta,
416 972 591 1044 comperta
619 973 698 1028 suut
719 982 778 1044 per
801 981 869 1038 me,
899 961 995 1028 vobis
1016 961 1081 1027 iam
1104 955 1278 1044 exponam
1302 968 1368 1030 bre·

198 1068 299 1141 viter,
323 1065 492 1156 Quirites,
514 1076 600 1131 utet
616 1077 738 1148 quanta
753 1075 787 1130 et
801 1086 900 1147 quarn
917 1065 1094 1132 manifesta
1111 1078 1144 1132 et
1159 1090 1227 1150 qua
1241 1070 1367 1136 ratione

197 1168 399 1249 investigata
420 1180 454 1235 ct
474 1168 720 1252 comprehensa
740 1167 826 1248 siut,
847 1190 927 1251 vos,
948 1168 1005 1251 qui
1023 1168 1198 1252 ignoratis,
1222 1193 1269 1239 ex
1290 1176 1365 1241 actis

199 1275 286 1342 seire
308 1272 454 1355 possitis.
1052 1355 1056 1363 ‚

277 1375 463 1457 Principio,
484 1387 522 1442 ut
543 1373 685 1442 Catilina
706 1375 822 1458 paucis
844 1386 921 1442 ante
941 1374 1059 1445 diebus
1081 1379 1192 1460 erupit
1214 1400 1261 1446 ex
1282 1381 1365 1457 urbe,

199 1500 277 1546 curn
299 1477 437 1548 sceleris
458 1479 510 1546 sui
530 1479 660 1556 socios,
682 1477 823 1546 huiusce
838 1480 956 1545 nefarii
972 1477 1048 1546 belli
1064 1482 1252 1549 acerrimos
1269 1480 1364 1549 duces

198 1584 328 1650 Romae
361 1580 570 1664 reliquisset,
604 1602 739 1666 semper
776 1581 910 1663 vigilari
943 1594 977 1649 et
1009 1583 1162 1670 providi,
1198 1584 1365 1675 Quirites,

134 1741 145 1764 ,
199 1683 483 1769 quemadmodum
504 1685 538 1753 in
561 1686 661 1755 tantis
682 1698 716 1753 et
737 1696 806 1752 tam
827 1684 1031 1753 absconditis
1052 1684 1181 1754 insidiis
1195 1686 1283 1755 salii
1298 1708 1365 1755 esse

198 1809 389 1871 possemus·
1048 1801 1050 1806 '

277 1890 323 1960 ll.
364 1894 561 1971 Namtum‚
593 1914 668 1961 eum
692 1914 735 1960 ex
756 1893 839 1960 urbe
862 1892 1036 1961 Catilinam
1059 1890 1251 1972 efficiebam,
1289 1898 1364 1965 (non
1409 1921 1410 1928 ¹

201 1996 288 2063 enim
317 1995 382 2063 iarn
410 2017 533 2064 vereor
557 1996 656 2064 huius
683 1997 778 2063 verbi
807 1998 985 2076 invidiam,
1021 2019 1098 2065 eum
1121 1996 1176 2063 illa
1199 1999 1308 2079 magis
1327 2000 1365 2065 sit
1409 2057 1410 2062 ,

198 2100 363 2181 timenda,
384 2101 474 2185 quod
494 2102 589 2169 virus
611 2101 770 2188 exierit),
791 2100 850 2168 sed
874 2113 964 2181 tum,
992 2122 1070 2168 cum
1092 2099 1186 2167 illum
1210 2103 1364 2168 extermi-

198 2205 270 2272 nari
292 2203 465 2292 volebam,
487 2218 546 2274 aut
566 2204 729 2288 reliquam
750 2207 1004 2273 coniuratorum
1028 2227 1164 2271 manum
1186 2205 1289 2272 simul
1303 2206 1365 2271 exi-

199 2320 311 2397 turam
332 2321 392 2378 aut
411 2330 493 2388 eos,
515 2310 572 2393 qui
592 2308 815 2388 restitissent,
838 2308 991 2376 infirmos
1013 2310 1087 2377 sine
1107 2308 1165 2377 illo
1187 2330 1228 2375 ac
1244 2308 1364 2377 debiles
1409 2311 1410 2338 ¹

159 2411 273 2480 tsore
295 2413 463 2495 putabam.
503 2415 616 2496 Atque
637 2434 718 2493 ego,
748 2426 787 2480 ut
807 2411 889 2491 ridi,
923 2434 1008 2497 quos
1029 2413 1178 2480 maxime
1197 2415 1316 2481 furore
1335 2425 1366 2480 et

138 2563 144 2580 .
199 2515 326 2585 scelere
347 2536 425 2589 esse
441 2516 668 2584 inflammatos
689 2517 854 2588 sciebam,
877 2537 936 2584 eos
957 2518 1134 2588 nobiseum
1150 2538 1233 2585 esse
1253 2530 1288 2584 et
1304 2519 1365 2584 Ro·

199 2639 274 2686 mae
296 2611 515 2699 remaruisse,
536 2619 570 2687 in
591 2640 632 2689 eo
655 2641 774 2689 omues
796 2619 867 2690 dies
886 2625 1071 2704 noctesque
1093 2622 1302 2705 consumpsi,
1322 2632 1364 2698 ut,

266 2818 278 2880 q
295 2820 318 2865 3.
336 2819 434 2868 Habent
458 2824 574 2884 compertu
596 2818 670 2866 TRP.
688 2833 738 2866 nou
756 2824 923 2879 compertaque.
942 2842 976 2855 ·-
993 2818 1048 2865 Oro.
1065 2834 1106 2867 rr.
1123 2823 1146 2866 et
1162 2829 1230 2879 qum
1247 2817 1361 2878 manifesta
1408 2799 1409 2862 l

198 2902 228 2950 T.
245 2928 280 2940 -
297 2902 413 2966 (Habent
430 2904 503 2951 TItP.
522 2906 561 2965 qni
578 2905 705 2963 ignoratis,
718 2904 771 2951 'nou
789 2907 829 2964 qut
846 2909 868 2950 et
884 2906 932 2962 ign.
951 2900 1052 2978 Μυῖα.)
1062 2927 1096 2940 -
1109 2919 1138 2947 ea
1155 2904 1224 2963 actis]
1241 2903 1293 2950 TR.
1310 2905 1360 2949 Em.

199 2993 223 3036 et
239 2987 363 3047 expectatis
386 2990 448 3037 Cod.
472 2989 551 3036 Paris.
569 2988 585 3034 3
603 2995 627 3034 et
645 2990 669 3035 8.
690 2983 775 3048 Naug.
794 3014 825 3026 -
851 2986 968 3047 (Habent
992 2990 1077 3033 exierit
1098 2986 1172 3033 TRI‘.
1194 3002 1244 3035 uon
1265 3000 1360 3047 egressus

200 3074 252 3136 est.)
268 3101 302 3112 —
319 3073 470 3135 restitissent]
489 3074 551 3121 Ccd.
569 3072 699 3133 salisburg.
717 3072 878 3117 remansissent
887 3069 961 3117 Tar.

267 3182 278 3245 ᾖ
295 3184 319 3230 4.
338 3185 414 3241 Atque
430 3183 484 3242 ego]
502 3181 555 3228 ΤΒ.
571 3172 630 3229 Hm.
648 3184 712 3241 utqui
728 3196 771 3240 ego
789 3180 818 3228 Ρ.
836 3186 862 3226 ct
873 3195 916 3239 ego
932 3180 979 3227 Ed.
994 3181 1067 3229 14⁶0.
1079 3179 1155 3228 Beck.
1167 3203 1200 3226 -ι-
1215 3182 1324 3243 mamare]
1334 3181 1358 3227 T.

199 3271 302 3315 maximo
319 3270 349 3314 lt.
367 3266 424 3313 Em.
443 3291 474 3305 -
492 3279 539 3312 esse
563 3268 679 3312 uobiscum
696 3267 726 3314 P.
744 3291 776 3304 -
792 3266 875 3325 quidus
896 3267 1033 3311 molirentur
1057 3266 1086 3311 Τ.
1104 3265 1164 3326 (nou
1182 3265 1225 3326 R.)
1244 3292 1277 3307 -
1293 3264 1359 3314 atui·

199 3355 299 3399 utentum
315 3353 385 3397 saluti
401 3352 431 3398 P.
449 3351 460 3411 [
475 3350 486 3411 ]
502 3353 586 3414 animis
609 3351 717 3412 Madvig.
740 3350 852 3400 omissum
869 3350 893 3397 iu
912 3350 991 3397 Codd.
1008 3350 1067 3413 aliq.
1085 3351 1200 3399 Retineut
1216 3352 1270 3400 TR.
1303 3352 1358 3399 Hine

199 3438 265 3486 venit
282 3438 401 3498 glossema
419 3436 491 3482 Orat.
512 3438 537 3490 l,
555 3435 566 3498 b
583 3438 607 3483 2.
625 3441 690 3482 octat
706 3436 806 3496 [animo]
819 3441 841 3481 et
851 3437 957 3493 designat
968 3437 1041 3481 oculis
1052 3435 1076 3482 in
1088 3436 1134 3482 Ed.
1150 3436 1230 3482 Paris.
1245 3437 1316 3483 1474.
1330 3462 1358 3473 -

199 3522 315 3585 (Habent
340 3523 459 3580 eodemque
480 3520 555 3566 TRP.
579 3535 627 3567 oon
650 3519 749 3579 rodem.)
772 3544 803 3558 -
826 3522 862 3563 bis
884 3519 937 3565 ΤΒ.
954 3544 988 3558 -
1010 3522 1141 3565 adiunctum
1169 3520 1310 3567 Volturcium
1332 3519 1359 3565 R.

199 3608 329 3652 adiunctum
351 3618 398 3651 esse
422 3607 562 3651 Volturcium
588 3604 617 3651 T.
635 3632 668 3644 -
684 3608 738 3651 lrur'c
761 3619 807 3649 esse
829 3605 859 3649 ud
885 3604 934 3649 cu.
958 3603 1035 3663 dotas]
1052 3602 1105 3650 TR.
1122 3606 1175 3649 truie
1192 3606 1259 3651 datas
1276 3620 1318 3651 esu
1332 3603 1358 3648 ad

202 3691 251 3738 Cat.
267 3690 326 3736 Em.
342 3713 377 3727 -
393 3694 419 3735 ut
435 3690 493 3753 totu]
512 3690 565 3736 ΤΒ.
583 3694 632 3736 totu
650 3690 707 3736 Em.

198 3797 391 3813 m

265 3875 319 3939 ld.
342 3881 367 3922 ut
390 3877 491 3933 comperi
514 3888 558 3934 per
580 3871 609 3925 Q.
633 3869 736 3917 Fabium
759 3869 875 3930 Sangam,
905 3871 968 3915 euius
987 3871 1122 3926 patrocinio
1144 3871 1271 3928 plurimum
1288 3872 1358 3916 eruar
1406 3877 1407 3906 1

197 3963 353 4020 Allobrogum
370 3961 488 4014 statutum
519 3959 605 4003 Salust.
623 3956 665 4002 41.
683 3954 845 4015 Allobrogum
862 3961 943 4000 autem
960 3954 1036 4013 legati
1054 3956 1158 4000 Romam
1175 3962 1292 4002 venerant
1309 3968 1358 4016 qur·

199 4055 261 4095 mum
278 4044 430 4093 ds'araritia
448 4041 644 4102 magistratuum,
661 4045 693 4087 ut·
706 4040 742 4087 sit
759 4039 822 4086 idem
839 4053 861 4085 c.
879 4039 920 4085 40.
938 4039 1002 4085 Plut.
1020 4039 1071 4085 Cic.
1092 4039 1130 4084 ts.
1147 4036 1357 4106 πραπομένονδὲ

195 4126 306 4193 τούτων,
330 4132 416 4190 ἔτυχον
433 4122 612 4191 ἐπιδημοῦντες
627 4118 800 4190 ’Λλλοβρόγυν
819 4116 866 4174 tio
882 4126 1011 4190 πρέσβεις,
1028 4106 1122 4178 wione
1133 4115 1247 4189 μάλιστα
1262 4119 1292 4188 δὴ
1309 4114 1357 4170 τότε

196 4211 305 4282 arorqpri‘
318 4207 472 4279 reprimuntur
495 4211 539 4260 καὶ
559 4213 734 4278 βαρυνομένου
757 4203 803 4272 τὴν
826 4201 988 4274 ἡγεμονίαν·4
1003 4200 1110 4264 τούτους
1130 4208 1156 4257 oi
1178 4209 1239 4276 περὶ
1256 4207 1357 4260 Λέντλον

196 4293 339 4365 ὠφελίμους
360 4287 494 4360 ἡγούμενοι
515 4291 580 4362 πρὸς
597 4289 628 4344 'ro'
653 4291 753 4358 κινῆσαι
769 4293 811 4340 καὶ
830 4292 979 4358 μεταβαλεῖν
1001 4288 1046 4357 τὴν
1066 4293 1198 4342 Γαλατίαν
1216 4287 1355 4357 ἐποιήσαντο

197 4374 354 4445 συνωμότας.
376 4401 411 4415 -
431 4377 718 4440 Volturciumquendam
736 4377 927 4424 Crotoniensem.
946 4377 1036 4423 Salust.
1053 4377 1095 4423 44.
