2850 4759
466 523 856 595 ARGUMENTUM
887 526 1127 597 ZUMPTII.

308 726 467 801 Continet
491 724 575 795 libe'r
594 735 739 821 ‹piartus
749 726 854 823 sarta
874 735 905 792 et
928 723 1105 824 maleficia
1130 723 1166 798 C.
1199 724 1330 802 Verris
1360 731 1393 799 in

209 845 415 947 auferendis
432 846 558 938 signis,
593 844 722 915 tabulis
742 845 845 940 pictis
869 845 1048 941 ceterisque
1073 847 1286 916 ornamentis
1321 861 1393 920 toto

208 968 329 1040 Sicilia
366 965 563 1035 commissa.
643 963 743 1064 Quae
769 990 972 1063 persequens
1009 978 1129 1036 orator
1169 965 1236 1037 lioc
1268 970 1393 1039 ordine

210 1091 334 1173 utitur,
361 1098 399 1156 ut
413 1087 566 1183 primum
578 1086 796 1183 priuatorum
815 1084 1015 1167 hominum,
1040 1087 1163 1157 deinde
1178 1088 1393 1184 oppidorum

209 1223 244 1304 et¹
255 1212 429 1309 sanorum
457 1184 708 1302 expoliationes
730 1219 762 1276 et
786 1206 990 1304 direptiones
1014 1208 1184 1278 ostendat.
1262 1252 1264 1255 -

308 1329 437 1425 Incipit
459 1339 601 1424 propter
619 1329 717 1427 furti
740 1326 1015 1419 magnitudinem
1038 1327 1085 1397 ab
1113 1328 1204 1398 Heio
1233 1327 1392 1401 Mamer-

210 1452 282 1544 tino
308 1447 400 1547 (cap.
420 1449 566 1546 2-8),
593 1450 658 1546 ipui
679 1475 757 1517 eum
789 1448 881 1518 idem
907 1448 1066 1544 princeps
1091 1447 1273 1542 legationis
1306 1466 1391 1522 esset

167 1578 235 1641 *ei
277 1571 499 1652 Mamertinis
534 1568 712 1639 laudandi
747 1569 792 1644 V
787 1582 871 1639 errts
906 1583 1015 1639 causa
1048 1569 1209 1640 Romam
1244 1562 1390 1654 risissae,

210 1693 318 1762 utitur
339 1720 380 1762 ea
400 1702 670 1788 opportunitate,
696 1702 735 1759 ut
755 1709 892 1760 omnem
913 1689 1007 1764 illius
1029 1690 1245 1762 laudationis
1268 1707 1390 1763 aucto-

208 1815 345 1884 ritatem
368 1814 537 1912 infringat
565 1812 656 1907 (cap.
685 1809 850 1910 9-11).
904 1810 1069 1883 Cumulat
1093 1811 1214 1882 deinde
1236 1813 1389 1883 aliorum

206 1935 424 2033 privatorum
443 1931 626 2001 hominum
651 1930 921 2028 expoliationes,
947 1960 971 2001 a
991 1933 1114 2028 quibus
1132 1934 1388 2005 diversissimos

210 2081 262 2124 res
277 2065 340 2123 aut
357 2080 454 2149 opere
469 2065 531 2121 aut
541 2053 649 2149 pretio
667 2037 816 2144 insignes
831 2051 972 2122 ablatas
988 2053 1086 2123 docet
1108 2054 1197 2150 (cap.
1215 2055 1322 2121 12-
1333 2057 1388 2145 24,

209 2179 235 2279 §
260 2171 340 2274 53),
365 2186 397 2243 et
418 2174 825 2270 insanameupiditatem
850 2172 972 2250 Verris
989 2176 1027 2242 in
1049 2171 1292 2270 comparanda
1309 2203 1388 2271 pre-

211 2297 302 2366 tiosa
319 2294 523 2392 supellectile
543 2294 758 2363 demonstrat
774 2293 865 2390 (cap.
879 2293 1062 2391 24-26).
1115 2293 1273 2391 Sequitur
1291 2300 1388 2397 nesa-

210 2419 300 2487 rium
309 2417 473 2517 sueinus,
499 2415 663 2511 spoliatio
689 2412 857 2484 Antiochi
880 2414 966 2506 regis
987 2399 1126 2517 Syriae,
1141 2410 1212 2511 per
1230 2414 1388 2487 Siciliam

199 2542 296 2638 sorte
324 2538 387 2606 iter
397 2536 564 2635 sarientis
591 2534 682 2630 (cap.
708 2535 894 2633 27-32).

211 2743 215 2752 1
315 2657 565 2750 Transgressus
585 2657 631 2726 ab
650 2684 691 2728 ea
711 2683 746 2726 re
768 2655 822 2726 ad
841 2656 1047 2752 direptiones
1071 2657 1207 2729 urbium
1232 2669 1265 2727 et
1274 2659 1388 2758 sano-

210 2805 288 2873 rum
302 2771 468 2861 ostendit,
495 2802 583 2873 quac
605 2776 731 2852 Verres
747 2807 771 2848 a
781 2777 976 2871 Segestanis
991 2779 1166 2849 abstulerit
1177 2780 1268 2877 (cap.
1284 2781 1389 2848 33-
1421 2759 1423 2800 ἶ

212 2902 292 3001 58),
319 2926 406 2997 quae
434 2928 457 2969 a
492 2897 748 3001 Tyndaritanis
765 2906 855 2994 (cap.
875 2898 1064 2990 59-42),
1090 2927 1179 2998 quae
1210 2900 1256 2969 ab
1284 2902 1388 2993 Agri·
1415 2906 1423 2968 'i

208 3023 357 3124 gentinis
391 3023 488 3118 (cap.v
506 3022 590 3117 45),
624 3019 803 3090 Assorinis
828 3021 920 3117 (cap.
949 3024 1015 3110 44,
1050 3020 1173 3121 996),
1211 3015 1388 3114 Enguiais

210 3157 304 3239 (cap.
325 3148 393 3232 44,
418 3142 441 3239 §
466 3140 525 3211 97.
550 3139 635 3226 98),
660 3140 837 3236 quomodo
853 3141 955 3238 apud
973 3141 1171 3214 Catinenses
1194 3144 1388 3212 sacrarium

214 3262 341 3335 Cereris
362 3261 503 3331 violarit
524 3274 617 3357 (cap.
643 3239 727 3348 45),
753 3262 855 3358 apud
875 3261 1071 3333 Melitenses
1083 3266 1219 3363 sanum
1240 3262 1389 3335 Iunonis

212 3381 371 3479 spoliarit
397 3395 487 3478 (cap.
517 3380 576 3471 46.
604 3382 684 3471 47),
710 3382 756 3451 ab
778 3384 1021 3455 Hennensibus
1046 3383 1237 3455 simulacra
1264 3383 1388 3470 Cereris
1420 3426 1421 3470 3

211 3513 244 3573 el
273 3502 453 3580 Victoriae
474 3503 651 3574 abstulerit
675 3511 764 3600 (cap.
786 3501 984 3596 48-51),
1010 3506 1245 3603 imprimisque
1269 3504 1307 3574 in
1339 3506 1388 3575 di·

211 3625 362 3723 reptione
386 3625 566 3694 maximae
591 3637 623 3693 et
639 3622 892 3722 pulcherrimae
913 3626 1006 3696 urbis
1022 3626 1276 3729 Syracusarum
1297 3654 1388 3697 com-

214 3758 371 3817 moratur
392 3758 484 3842 (eap.
500 3742 683 3834 52-58).

310 3866 540 3937 Demm‘m‘
565 3868 722 3963 ‘lenique’
748 3890 856 3961 ‘luam
877 3878 909 3936 el
932 3893 1050 3936 Omnes
1073 3853 1201 3942 Graeci
1220 3851 1390 3939 eiusmodi
1419 3827 1420 3884 i

185 4051 191 4060 ,
214 3988 418 4085 direptiones
439 3990 647 4088 oppidorum
670 4012 767 4079 aegre
780 3986 904 4084 serant
921 3996 1011 4085 (cap,
1025 3986 1082 4060 59,
1104 3990 1183 4079 60),
1208 4001 1240 4058 εἰ
1258 4001 1388 4085 quanto
1418 4057 1419 4060 Ἴ

214 4108 430 4213 Syracusani
464 4111 561 4189 odio,
599 4134 680 4176 cum
710 4107 865 4203 primum
904 4109 1049 4197 licuerit,
1088 4123 1209 4180 eontra
1243 4109 1387 4187 Verrem
1417 4079 1420 4190 l

215 4234 406 4303 exarserint
424 4239 514 4325 (cap.
533 4229 577 4295 61
591 4227 740 4325 -fin.).
869 4217 871 4221 ⁵
