2850 4759
134 291 141 306 ·
219 281 280 349 us
641 222 643 227 ¹
684 276 919 349 mcauours

221 442 426 530 impelleret,
455 441 653 526 improbitas
681 451 716 508 et
741 440 837 509 luror
864 439 903 508 L.
925 437 1093 508 Saturnini
1121 440 1154 508 in
1177 438 1373 526 Cepitolium

224 556 429 624 arcesseret,
457 545 613 617 eonsules
634 544 677 614 ad
696 548 826 630 patriae
846 545 991 616 salutern
1010 568 1052 615 ac
1071 546 1263 615 libertatem
1282 568 1374 616 voca·

220 665 313 721 rent:
334 673 433 736 quarn
450 650 585 719 tandem
600 652 852 729 auctoritatem,
874 673 972 735 quam
987 671 1125 727 vocem,
1141 650 1238 719 euius
1252 663 1373 718 saetam

221 758 332 841 sequi,
363 756 459 824 cuius
484 756 626 839 irnperio
654 775 773 837 parere
803 756 1016 837 potissimum
1045 753 1182 823 venesi>
1222 757 1372 832 Patruus,
1416 758 1417 805 ἲ

221 862 345 945 iuquit,
380 880 476 929 meus
500 880 580 951 cum
603 858 785 927 Saturnino
815 858 887 925 futu
942 856 1062 951 Quid?
1098 869 1195 942 pater
1220 858 1374 942 quicum?

222 966 328 1051 quid?
348 965 526 1049 propinqui
545 962 668 1040 vestri,
690 963 816 1046 equites
837 960 1008 1030 Rotnani?
1028 960 1136 1046 quid?
1158 964 1268 1030 ornnis
1290 982 1375 1046 prae·
1416 994 1417 1061 ζ

222 1071 371 1148 fertura,
393 1069 504 1155 renio,
525 1068 677 1136 vicinitas
698 1064 840 1133 restra?
861 1064 968 1149 quid‘.>
990 1086 1069 1146 ager
1091 1065 1233 1133 Picenus
1248 1066 1374 1133 univer·
1416 1098 1417 1115 ,

222 1195 302 1253 aus,
332 1185 446 1240 utrum
468 1171 681 1239 tribunicium
702 1170 872 1247 furorem,
900 1191 943 1236 an
963 1166 1178 1238 consularem
1200 1172 1374 1238 auctorita·

164 1279 203 1348 tt
224 1290 292 1345 tem
313 1289 448 1349 secutus
469 1274 547 1344 estl
586 1272 751 1358 Equidem
781 1271 846 1341 lroo
872 1275 1016 1358 affirmo,
1051 1272 1145 1356 quod
1169 1285 1203 1339 tu
1231 1273 1374 1342 nunc-de
1416 1322 1417 1353 ἶ

223 1394 283 1450 tuo
303 1394 424 1465 patruo
445 1366 636 1467 praedicas,
655 1377 822 1444 nemiuem
844 1397 1005 1461 umquam
1025 1375 1137 1445 adbuc
1157 1376 1199 1445 de
1219 1398 1296 1446 sese
1313 1398 1374 1448 esse

224 1486 435 1557 confessum:
466 1482 566 1550 nemo
593 1494 663 1569 est,
694 1483 848 1566 inquam,
883 1482 1040 1548 inventus
1069 1492 1137 1548 tam
1165 1482 1374 1568 profligatos,
1415 1438 1417 1589 l

224 1601 293 1657 tarn
314 1586 483 1672 perditus,
504 1594 575 1654 tant
597 1586 636 1653 ab
658 1586 751 1653 omni
771 1608 838 1653 non
859 1585 962 1654 modo
983 1583 1174 1673 honestate,
1202 1586 1374 1652 sedetiam
1415 1594 1417 1703 ⁴

224 1691 436 1763 simulatione
463 1688 648 1758 honestatis
680 1685 835 1767 relictus,
872 1690 927 1773 qui
961 1710 998 1759 se
1024 1691 1057 1757 in
1084 1688 1251 1774 Capitolio
1281 1690 1375 1759 luisse
1415 1710 1417 1763 t

224 1819 304 1865 cum
332 1794 510 1865 Satrirnino
537 1793 712 1862 fateretur.
739 1796 802 1881 ,At
827 1792 892 1872 tuit
917 1806 1030 1861 vester
1054 1805 1207 1878 patruus.
1253 1793 1377 1871 Fuerit;

225 1912 259 1967 et
279 1901 381 1967 fauerit
400 1898 489 1966 nulla
509 1897 742 1982 desperatione
762 1918 875 1965 rerum
897 1920 1050 1977 suarum,
1070 1896 1171 1967 nullis
1193 1898 1375 1967 domesticis

223 2000 417 2070 volneribus
438 1986 598 2082 coactum
627 2000 799 2069 induxerit
819 2023 895 2068 eum
918 2002 952 2070 L.
975 2002 1143 2070 Saturnini
1164 2001 1375 2082 familiaritas,

224 2120 263 2174 ut
283 2107 462 2175 amicitiam
483 2106 610 2190 patriae
630 2115 870 2189 praeponeret:
899 2103 1069 2172 idcircone
1091 2106 1244 2189 oportuit
1264 2108 1299 2173 e
1317 2107 1375 2173 Ra·

223 2211 344 2279 binum
366 2208 554 2279 desciscere
574 2229 593 2277 a
614 2207 824 2293 republica?
844 2231 911 2276 non
927 2229 1124 2291 comparere
1137 2209 1171 2275 in
1186 2206 1244 2274 illa
1258 2219 1376 2275 armata

178 2313 439 2382 Qnrultitudine
466 2311 664 2382 bonorum?
699 2311 876 2380 coirsulum
911 2313 988 2380 voci
1021 2324 1121 2397 atque
1146 2312 1289 2394 imperio
1315 2334 1376 2378 non
1415 2332 1416 2359 t

165 2431 204 2494 tt
224 2418 389 2487 obediret)
429 2418 532 2500 Atqui
553 2414 704 2484 videmus
726 2412 810 2482 haee
836 2416 869 2485 in
896 2437 1011 2483 rerum
1031 2428 1152 2483 natura
1173 2418 1237 2483 tria
1265 2417 1375 2484 fuisse:

224 2534 263 2590 ut
283 2534 342 2590 aut
362 2543 438 2587 cum
461 2508 640 2586 Saturnino
661 2530 751 2586 esset
770 2531 829 2597 erit
849 2541 925 2586 cum
955 2519 1050 2587 bonis
1073 2530 1132 2586 aut
1150 2517 1285 2585 lateret.
1322 2518 1375 2585 La·
1415 2506 1416 2551 ³

225 2638 298 2693 tere
317 2626 438 2692 mortis
460 2634 533 2692 erat
552 2623 658 2691 instar
680 2624 908 2703 turpissimae:
940 2644 1018 2690 eum
1039 2622 1218 2701 Saturnino
1241 2644 1314 2693 esse
1331 2623 1376 2689 lu·
1414 2606 1416 2639 l

222 2730 312 2800 roris
333 2741 366 2795 et
386 2724 539 2797 sceleris:
558 2729 667 2795 virtus
688 2738 723 2793 ct
741 2725 900 2794 honestas
922 2737 955 2791 et
974 2725 1085 2809 pardos
1099 2747 1175 2793 eum
1191 2726 1374 2796 consulibus
1411 2724 1416 2813 l

224 2854 299 2901 essa
320 2834 474 2914 cogebat.
514 2831 590 2900 Hoc
611 2842 647 2897 tu
667 2831 771 2911 igitur
789 2830 823 2896 in
844 2829 971 2896 crimen
991 2851 1114 2909 vocas,
1135 2830 1228 2916 quod
1246 2854 1323 2899 curn
1339 2831 1373 2897 iis
1415 2850 1416 2880 i

224 2939 327 3006 fuerit
348 2937 383 3005 C.
403 2936 576 3024 Rabirius,
595 2956 689 3025 quos
710 2934 958 3002 amentissimus
979 2934 1117 3016 fnisset,
1143 2935 1171 3004 si
1194 2953 1374 3019 oppugnas·
1414 2903 1416 3031 l

224 3054 296 3123 set,
322 3041 556 3127 turpissimus,
577 3037 843 3123 stromensem
1374 3082 1379 3097 ,

303 3146 366 3216 ΙΧ.
407 3151 453 3214 At
483 3147 519 3212 C.
548 3144 733 3216 Decianus,
768 3142 809 3209 de
837 3164 902 3225 quo
932 3152 965 3208 tu
995 3163 1094 3225 saepe
1115 3162 1371 3221 commemoras,
1415 3156 1416 3193 t

154 3267 159 3294 ¹
224 3251 317 3335 quia,
351 3273 426 3317 erun
455 3249 626 3318 hominem
655 3246 809 3314 omnibus
837 3246 1007 3333 insignem
1030 3248 1119 3314 notis
1151 3247 1371 3330 turpitudinis,
1415 3278 1416 3341 q

144 3428 147 3431 ,
223 3358 264 3421 Ρ.
293 3352 450 3429 Furium,
491 3361 667 3419 accusaret
699 3370 832 3416 snrnmo
866 3348 978 3415 studio
1010 3350 1178 3419 bonorum
1214 3354 1372 3425 omnium,
1415 3344 1416 3379 l

224 3459 318 3542 queri
340 3470 391 3527 est
412 3461 513 3525 aursus
534 3456 568 3522 in
589 3454 747 3521 contione
767 3451 809 3518 de
830 3452 938 3519 morte
960 3452 1147 3533 Saturnini,
1182 3457 1370 3524 condemna·
1413 3452 1415 3463 '

145 3628 147 3633 ,
225 3576 368 3633 tus-est:
403 3574 436 3628 et
455 3560 533 3629 Sex.
557 3558 685 3635 Titius,
713 3556 804 3642 quod
825 3555 940 3623 habuit
961 3558 1138 3639 imaginem
1162 3560 1198 3627 [u
1219 3555 1370 3633 Susurriini

224 3667 318 3736 domi
344 3686 445 3743 suae,
482 3659 727 3730 condemnatus
754 3671 815 3728 est.
862 3661 1059 3729 statuerunt
1086 3666 1215 3745 equites
1244 3659 1370 3733 Romani

228 3830 452 3852 Μ

222 3962 258 3978 ...
290 3934 520 3995 Praefectum
540 3948 580 3980 eae
596 3935 773 3993 appettadantur
789 3937 814 3979 ia
831 3935 916 3989 Italia,
936 3935 961 3979 in
979 3936 1059 3995 quidne
1072 3939 1096 3979 et
1111 3934 1146 3980 tue
1160 3936 1278 3981 diaetam
1294 3939 1371 3980 daea·

223 4021 292 4065 dinae
315 4018 441 4076 agebantur
456 4021 479 4062 et
499 4021 551 4063 erut
566 4019 676 4079 quaedum
694 4018 773 4064 eornm
788 4021 818 4065 R.
838 4021 882 4073 Ρ.,
901 4022 925 4064 in
946 4033 1002 4078 qaas
1017 4021 1044 4080 (a
1065 4016 1180 4080 praetore
1197 4020 1301 4080 urbano)
1316 4030 1372 4077 prta·

218 4104 280 4165 fecti
298 4103 443 4179 mutabantur
462 4104 602 4163 quotannis,
617 4105 657 4162 qui
673 4106 708 4149 ius
724 4107 832 4154 dicerent.
867 4105 951 4152 Festus
973 4105 1011 4151 ed.
1028 4104 1135 4151 Lindem.
1156 4121 1183 4167 p.
1196 4106 1264 4175 204.-

291 4211 303 4274 b
326 4211 367 4260 24,
394 4213 418 4258 0.
439 4213 558 4266 Deciano,
582 4216 696 4271 spectatae
711 4215 937 4274 integritatisquiro,
958 4228 1006 4260 nos
1027 4229 1069 4260 sua
1089 4217 1187 4263 aaran
1207 4217 1291 4261 attutit.
1321 4211 1372 4258 Nu
1414 4230 1415 4271 4

136 4354 142 4365 ’
225 4312 275 4344 essm
301 4299 330 4344 P.
354 4298 449 4372 &riusa
470 4300 666 4357 inquinatissimae
688 4297 748 4343 siue
765 4313 812 4355 pro
830 4300 923 4346 Rostris
943 4290 1074 4354 rocnsnret,
1090 4302 1145 4360 qnia
1168 4301 1267 4360 quadani
1282 4300 1305 4343 in
1316 4297 1372 4355 perta

224 4384 322 4439 aetionis
344 4384 372 4429 de
393 4387 466 4430 murts
480 4384 509 4428 L.
529 4382 647 4429 Satursrim
661 4382 726 4439 queri
745 4395 811 4428 ansas
825 4383 920 4441 fuerat,
945 4396 985 4429 nee
1000 4400 1063 4432 reum
1081 4388 1201 4432 damnarit
1215 4390 1239 4431 et
1256 4376 1371 4441 instrati
