2850 4759
195 295 235 368 'ta
674 290 910 366 clcuttouls

198 474 233 525 et
260 455 448 537 indignum.
489 454 530 521 ld
556 453 619 521 etsi
650 467 749 520 antea
777 453 843 518 iam
875 458 988 520 mente
1019 460 1053 518 et
1079 448 1291 530 cogitatione
1319 465 1384 515 sua

198 560 382 641 fratrisque
405 557 458 625 sui
481 568 721 625 consecratum
742 565 852 631 esset,
875 564 988 619 tamen
1015 564 1086 619 tuni
1107 572 1145 620 se
1168 552 1202 618 in
1222 549 1281 617 illo
1299 570 1382 618 coo·

199 672 304 730 uentu
330 661 455 728 civium
489 660 725 727 Romanorum
763 654 845 723 dare
874 653 1002 722 donare
1020 653 1145 722 dicare
1173 672 1382 722 consectam

198 765 277 830 lori
303 762 441 845 Optimo
466 761 622 828 Maximo
649 771 838 842 testemque
860 758 972 840 ipsum
1003 757 1119 825 lovem
1148 754 1231 827 suae
1257 753 1382 822 volun·

201 868 279 933 tatis
303 885 343 931 ac
366 863 539 944 religionis
560 860 733 929 adbibere.

280 967 397 1034 XXX.
441 965 539 1056 Quae
559 985 648 1049 vox,
670 984 757 1047 quae
780 962 908 1042 latera,
930 981 1015 1044 quae
1042 962 1130 1031 rires
1154 960 1254 1028 buius
1278 960 1383 1027 unius

200 1067 352 1142 criminis
374 1067 621 1150 querimoniam
655 1078 799 1149 possunt
829 1063 1024 1133 sustinere?
1064 1065 1140 1132 Rex
1166 1058 1383 1137 Antiochus,

105 1173 114 1205 ·’
202 1171 258 1251 qui
278 1170 407 1237 Romae
428 1181 506 1236 aute
530 1165 651 1236 oculos
675 1169 822 1235 omnium
847 1177 1006 1235 nostrum
1025 1164 1197 1234 biennium
1223 1162 1301 1229 sere
1327 1183 1385 1229 co·

201 1271 325 1337 mitatu
352 1271 447 1351 regio
469 1268 570 1354 atquc
592 1283 715 1338 ornatu
738 1269 879 1336 luisset:
900 1269 929 1336 is
949 1290 1028 1336 cum
1053 1267 1184 1335 amicus
1209 1277 1244 1333 ct
1264 1265 1385 1332 socius

201 1370 318 1453 populi
335 1372 481 1440 Romani
498 1384 607 1454 esset,
628 1371 837 1440 amicissimo
862 1382 974 1454 patre,
994 1391 1074 1445 avo,
1096 1367 1305 1445 maioribus,
1327 1387 1385 1433 an·

203 1475 402 1557 tiqnissimis
426 1486 460 1541 et
481 1474 679 1542 'clarissimis
703 1473 857 1553 regibus,
887 1471 1145 1555 opulentissimo
1170 1479 1206 1536 et
1227 1467 1385 1534 maximo

203 1595 328 1663 regno,
369 1595 532 1658 praeceps
560 1575 735 1658 provincia
766 1576 884 1657 populi
913 1572 1056 1641 Romani
1084 1570 1290 1638 exturbatus
1323 1581 1387 1637 est.

143 1686 184 1748 68
206 1676 506 1767 Quemadmodum
529 1675 596 1744 hoc·
620 1688 821 1759 accepturas
849 1675 1002 1743 nationes
1032 1684 1189 1750 exteras,
1222 1670 1386 1755 quemad-

205 1777 347 1846 modum
378 1777 478 1845 buius
507 1778 556 1844 tui
581 1777 662 1844 facti
686 1776 814 1844 lamam
842 1778 875 1844 in
905 1795 1013 1857 regna
1045 1773 1190 1842 aliorum
1221 1784 1330 1856 atquc
1353 1775 1387 1840 iu

204 1878 343 1950 ultimas
368 1891 477 1947 terras
497 1891 740 1962 perventuram
757 1879 913 1960 putasti,
934 1899 1013 1945 cum
1041 1875 1216 1955 audirent,
1245 1895 1266 1943 a
1287 1896 1389 1957 prae·

201 1994 282 2064 turc
302 1981 418 2064 populi
437 1982 580 2048 Rotnani
605 1982 638 2047 in
665 1980 840 2063 provincia
859 1978 1021 2046 violatum
1042 1998 1178 2068 regern,
1198 1975 1389 2059 spoliatum

204 2082 395 2167 hospitem,
429 2082 575 2150 eiectum
602 2083 736 2150 socium
762 2080 880 2164 populi
901 2081 1046 2154 Romani
1073 2092 1176 2164 atque
1204 2078 1390 2146 amicum?

205 2185 343 2253 Nomen
374 2195 528 2253 vestrum
562 2182 755 2268 populique
784 2183 926 2250 Romani
960 2181 1041 2250 odio
1074 2193 1176 2267 atque
1206 2179 1391 2254 acerbitati
1418 2177 1422 2190 “

206 2286 331 2354 scitote
352 2287 544 2358 nationibus
569 2286 717 2363 exteris,
747 2283 895 2363 iudices,
927 2285 1102 2364 futurum,
1132 2285 1162 2352 si
1183 2281 1277 2351 istius
1296 2278 1391 2349 hm

209 2398 304 2455 tanta
323 2388 446 2455 iniuria
468 2389 633 2471 impunita
653 2386 860 2456 discesserit.
903 2386 959 2456 Sic
978 2406 1099 2454 omnes
1111 2384 1390 2465 arbitrabuntur,

206 2489 409 2572 praesentim
438 2507 517 2556 cum
537 2486 623 2556 haec
642 2488 736 2555 lama
756 2486 799 2554 de
818 2498 1018 2556 nostrorum
1042 2486 1221 2557 bominum
1244 2489 1391 2555 avaritia

208 2601 244 2656 ct
265 2585 449 2672 cupiditate
469 2588 741 2671 percrebruerit,
770 2610 839 2657 non
860 2588 959 2658 istius
983 2587 1092 2658 solius
1116 2588 1183 2657 hoc
1206 2609 1282 2658 esse
1296 2578 1392 2656 ⁴t'aoi·

207 2710 290 2768 nus,
310 2689 371 2758 sod
383 2711 505 2757 eorum
521 2691 641 2768 ctiam,
661 2689 718 2774 qui
738 2690 966 2773 approbarint.
992 2690 1110 2759 -Multi
1125 2712 1239 2774 reges,
1260 2690 1390 2758 multam

207 2790 336 2859 liberae
361 2791 533 2870 civitates,
565 2790 664 2859 multi
690 2791 814 2872 privati
840 2790 1055 2873 opulentiae
1082 2805 1238 2875 potentes
1262 2790 1392 2862 habent

143 2977 148 2984 ·
209 2891 366 2975 proiecto
389 2893 424 2961 in
440 2893 554 2961 animo
580 2891 789 2975 Capitolium
809 2883 860 2960 sic
881 2909 1024 2975 ornare,
1044 2908 1082 2961 ut
1104 2893 1220 2977 templi
1240 2893 1391 2975 dignitas

208 2995 408 3079 imperiique
431 2997 540 3064 nostri
564 3016 694 3063 nomen
716 2993 903 3068 desiderata
937 2996 995 3079 qui
1020 2994 1051 3064 si
1071 2994 1322 3073 intellexerint,
1340 2997 1392 3063 in-

209 3109 363 3166 terverso
388 3097 456 3165 lroc
485 3099 592 3180 regali
614 3099 722 3179 dono,
751 3099 905 3179 graviter
932 3118 993 3166 vos
1020 3097 1156 3185 tulisse,
1186 3100 1392 3178 grausone

210 3198 307 3264 robis
331 3200 526 3281 populoque
547 3203 702 3269 Romano
727 3222 791 3268 sua
814 3199 928 3267 studia
951 3218 993 3265 ac
1012 3195 1102 3265 dona
1122 3199 1391 3267 arbitrabuntur.

210 3297 268 3363 sin
286 3295 350 3363 boc
375 3319 435 3367 vos
457 3301 491 3366 iu
520 3322 600 3381 rege
619 3314 687 3368 tam
710 3299 896 3377 nobili,re
920 3312 990 3366 tam
1004 3299 1156 3379 Χειιίιῐιίει,
1177 3300 1301 3368 iniuria
1322 3313 1391 3368 tatu

211 3398 349 3475 acerba,
370 3399 564 3481 neglexisse
584 3402 740 3479 audient,
761 3424 830 3468 non
851 3412 952 3467 erunt
971 3412 1041 3467 tarn
1061 3413 1230 3479 amentes,
1251 3414 1290 3468 ut
1310 3423 1393 3485 ope·

211 3521 301 3576 ram,
331 3522 468 3579 curam,
500 3502 683 3583 pecuniam
711 3501 967 3584 impendantur
994 3523 1052 3571 eas
1080 3523 1154 3581 res,
1182 3524 1268 3586 quas
1295 3504 1393 3572 vobis

212 3616 326 3683 gratas
349 3604 424 3670 sore
448 3627 516 3669 nou
539 3603 759 3673 arbitrentur.
946 3667 949 3674 ,

147 3707 206 3770 ou
292 3703 427 3771 XXXI.
469 3708 545 3771 Hoc
562 3704 664 3783 loco,
683 3706 731 3796 Q:
746 3707 882 3784 Catule,
912 3720 944 3774 tc
960 3705 1121 3801 appello.⁴
1143 3709 1282 3789 Loquor
1302 3711 1394 3778 eninr

280 3891 292 3952 b
308 3893 348 3938 68.
364 3888 531 3955 'rm-iniuria]
552 3892 612 3953 teg.
631 3894 698 3942 Leid.
718 3896 742 3939 in
759 3899 848 3941 rs··in
866 3898 953 3941 iniuria
971 3895 997 3941 Z.
1014 3919 1050 3933 -
1065 3895 1176 3954 audient]
1198 3895 1260 3955 Reg.
1279 3895 1349 3943 totu.
1369 3903 1394 3942 et

211 3975 296 4021 melius
318 3976 428 4035 quidum,
454 3980 541 4035 utpote
569 3976 593 4023 ln
618 3992 644 4023 re
667 3978 797 4025 etiamtunc
822 3977 923 4025 incerta.
942 3980 1061 4024 audierint
1077 3978 1104 4023 Z.
1122 3977 1148 4024 id
1165 3979 1231 4039 quod
1249 3978 1395 4026 conveniret

212 4058 346 4104 sentcntiae
363 4057 463 4105 lamiam
481 4060 555 4106 lutae.
1279 4093 1282 4096 -

279 4148 350 4209 too.
368 4150 418 4197 ctr.
437 4150 559 4210 Inscriptt.
579 4168 644 4199 mens
662 4153 716 4196 Lot.
734 4152 765 4197 N.
784 4152 826 4197 at.
865 4154 893 4206 Q.
911 4153 1018 4198 Lutatius
1034 4155 1061 4206 Q.
1080 4152 1107 4200 F.
1128 4154 1156 4207 Q.
1176 4152 1207 4198 N.
1228 4152 1325 4198 Catulus
1341 4152 1393 4197 rub·

211 4236 361 4278 structionem
374 4238 398 4278 ct
411 4235 552 4279 tolutarirm
566 4247 596 4279 ex
606 4236 629 4280 S.
642 4235 666 4279 G.
675 4235 786 4292 saciuod.
802 4238 912 4281 euomuit.
921 4260 955 4274 ·-
966 4237 1083 4281 mentm
1093 4238 1168 4281 tortor
1176 4238 1220 4281 tuo
1226 4232 1328 4298 tuapte]
1340 4236 1393 4281 scil.

213 4321 376 4362 cousecratur.
402 4315 441 4362 Sic
450 4316 511 4376 Bag.
522 4317 588 4362 bold.
599 4315 656 4361 Em.
670 4319 696 4360 st
703 4315 730 4360 Z.
744 4329 777 4361 ox
786 4316 902 4375 iuturpot
912 4321 963 4362 tatur
973 4321 1008 4362 ur
1015 4319 1076 4363 enim
1084 4320 1158 4363 bonor
1167 4318 1192 4363 in
1201 4318 1246 4363 itto
1255 4320 1351 4377 tempto.
1363 4342 1396 4360 .-
