2850 4759
253 293 422 366 onnuo
443 296 472 408 1.
494 291 542 362 au
564 249 836 370 certarnen,
862 310 895 364 c.
914 289 944 358 r.
969 251 971 254 ’
1118 281 1179 356 ur

23 464 25 469 ’
97 459 160 526 tV.
199 457 420 539 Recocnosce
442 453 576 524 tundens
600 475 734 526 mecum
758 464 892 526 nucum
914 447 1003 526 illem
1025 449 1178 534 superio·

34 583 111 633 run:
140 563 207 630 iam
232 558 404 642 intelliges
429 558 536 630 multo
563 580 619 628 rne
643 558 783 641 vigilare
817 557 928 626 acrius
958 553 999 621 sd
1033 551 1178 654 salutern

34 688 121 752 quem
139 678 172 733 te
190 663 232 733 ad
249 664 429 750 perniciem
447 664 495 732 rei
515 662 678 746 publicae.
721 662 804 731 Dico
826 667 861 728 te
872 659 992 744 priore
1012 669 1112 728 nocte
1125 677 1180 726 vo·

32 771 110 839 nisse
125 770 210 836 inter
227 765 385 835 falcarios
404 771 486 841 (non
497 788 593 849 agorn
605 767 762 845 obscure)
775 767 808 833 in
819 763 1005 832 M.Laecae
1021 761 1177 844 domums

33 874 212 942 convenisse
240 869 359 939 eodem
385 870 577 953 complures
606 868 756 938 eiusdem
783 869 948 936 amentiae
973 864 1177 950 scelerisque

33 977 142 1045 socios.
182 975 272 1043 Num
302 994 426 1054 negare
458 972 588 1042 audesl
624 973 714 1064 Quid
736 971 856 1044 taces‘l
891 969 1114 1052 Convincam,
1145 970 1177 1038 si

33 1100 133 1159 negas.
172 1077 385 1150 Videoenim
404 1076 505 1159 [esse]
525 1076 580 1144 hio
595 1076 628 1143 in
646 1089 766 1146 senatu
783 1072 966 1168 quosdam,
987 1074 1043 1158 qui
1063 1084 1175 1142 tecum

34 1202 89 1247 une
112 1180 259 1250 fuerunt.
301 1180 328 1249 Ο
356 1179 403 1250 dii
427 1178 654 1250 immortales!
687 1182 822 1248 ubinam
850 1179 1000 1261 gentium
1030 1176 1215 1245 sumunt-s

35 1306 121 1365 quam
143 1282 404 1367 rempublicam
429 1281 618 1360 habemus?
650 1283 683 1349 in
703 1304 767 1366 qua
786 1283 869 1350 urbe
892 1281 1065 1350 vivimus?
1098 1281 1178 1364 Hic,

35 1384 83 1454 hic
97 1399 189 1476 sunt,
209 1399 328 1455 nostro
352 1388 388 1453 in
406 1408 567 1465 numero,
589 1388 704 1455 Patres
726 1385 922 1470 conscripti,
947 1386 982 1453 in
1002 1384 1065 1452 boc
1083 1386 1176 1454 orbis

36 1502 131 1557 terrac
164 1490 380 1578 sanctissimo
410 1491 675 1574 gravissimoque
703 1488 865 1564 consilio,
905 1488 1028 1571 quide
1056 1501 1201 1576 nostro

37 1595 170 1662 omnium
193 1595 349 1674 interitu,
381 1594 436 1678 qui
460 1593 501 1662 de
525 1592 630 1666 huius„
646 1594 740 1661 urbis
763 1605 861 1676 atque
888 1591 972 1660 adeo
993 1592 1081 1661 orbis
1109 1604 1176 1660 ter-

36 1718 134 1764 rarum
158 1699 264 1766 exitio
294 1700 452 1780 cogitent.
504 1697 616 1766 Hosne
643 1719 705 1779 ego
730 1695 826 1764 rideo
850 1699 986 1782 consul,
1013 1699 1111 1767 etde
1137 1721 1176 1770 re

36 1798 150 1881 publica
170 1802 373 1870 sententiam
393 1807 494 1883 rogo!
516 1814 566 1889 et,
588 1821 674 1887 quos
693 1801 786 1869 ferro
807 1799 967 1870 trucidari
985 1804 1176 1887 oportebat,

37 1924 86 1971 cos
108 1904 258 1974 nondum
285 1925 370 1972 voce
396 1904 551 1976 volnerol
585 1905 686 1974 Fuisti
711 1905 816 1985 igitur
840 1904 928 1988 apud
953 1907 1093 1976 Laecam
1119 1908 1177 1988 illa

38 2020 136 2085 nocte,
166 2007 335 2077 Catilina:
358 2006 567 2078 'distribuisti
600 2020 712 2091 partes
746 2007 879 2078 ltaliaes
908 2012 1076 2088 statuisti,
1108 2035 1176 2095 quo

39 2132 184 2202 quemque
209 2111 381 2195 proficisci
405 2108 571 2202 placerem
598 2109 770 2191 delegisti,
810 2134 897 2196 quos
923 2116 1050 2180 Romae
1077 2116 1177 2183 relin-

39 2233 156 2295 queres,
186 2236 275 2300 quos
299 2226 410 2284 tecum
434 2210 613 2294 educercs3
648 2212 853 2297 descripsisti
877 2216 969 2283 urbis
992 2229 1105 2300 partes
1133 2218 1177 2288 ad

39 2316 189 2399 incendiaq
220 2318 428 2386 confirmasti
458 2317 623 2399 teipsum
648 2317 713 2384 iam
743 2338 817 2385 esse
841 2320 1030 2400 exiturumq
1063 2319 1177 2388 dixisti

39 2419 205 2499 paullulum
231 2421 291 2489 tibi
314 2442 388 2490 esse
412 2420 511 2487 etiarn
539 2443 629 2487 nuno
652 2441 785 2506 morae,
809 2422 906 2504 xquod
927 2444 989 2504 ego
1014 2423 1177 2489 viverem.
1279 2447 1293 2478 s

39 2522 155 2606 Reperti
183 2536 265 2594 sunt
292 2522 359 2591 duo
384 2524 510 2605 equites
535 2523 694 2601 Romani,
730 2524 786 2608 qui
813 2537 845 2592 tc
869 2524 942 2613 ista
958 2546 1039 2593 cura
1057 2524 1179 2593 libera·

39 2640 106 2693 rent
123 2640 158 2698 et
181 2650 258 2696 sese
289 2626 351 2696 illa„
373 2626 447 2709 ipsa
473 2639 574 2694 nocte
601 2625 714 2710 paullo
739 2641 815 2695 ante
836 2625 945 2696 lucem
969 2651 1022 2697 rne
1048 2632 1081 2698 in
1103 2651 1179 2698 meo

39 2725 145 2799 lectulo
174 2731 417 2799 interfecturos
441 2751 515 2798 esse
544 2728 792 2817 pollicerentur.
832 2733 924 2800 Haec
954 2755 1017 2815 ego
1050 2734 1179 2812 omnia,
1201 2735 1240 2798 to

39 2831 160 2901 vixdum
178 2836 281 2902 etiarn
298 2846 396 2901 coetu
416 2846 529 2902 vestro
550 2832 710 2915 dimisso,
733 2838 896 2920 comperi:
917 2836 1054 2912 domum
1071 2858 1180 2905 meam

41 2952 214 2969 ψ

94 3016 142 3078 tu.
159 3034 227 3079 quam
245 3033 294 3064 rem
310 3017 368 3078 cet]
384 3017 413 3064 T.
432 3017 497 3079 (sods
515 3029 558 3076 qua
576 3014 619 3075 in.)
637 3019 661 3062 in
678 3032 722 3077 qua
740 3019 793 3063 urbe
810 3019 925 3063 uiuimus?
941 3032 1008 3077 quom
1025 3034 1097 3078 remp.
1114 3020 1181 3065 uete-

40 3102 90 3148 suus?
99 3102 125 3149 ll.
134 3129 166 3141 —
179 3106 240 3163 (Hie
247 3108 299 3150 sunl
306 3097 347 3162 T.)
355 3106 379 3149 s'n
386 3118 409 3149 u.
419 3104 449 3149 tt.
458 3128 491 3140 -
503 3103 576 3162 quide
585 3107 663 3147 nostro
671 3103 781 3165 omnium]
790 3103 841 3149 TR.
851 3104 890 3162 qui
898 3105 925 3149 ‹le
935 3109 1036 3150 nostrum
1045 3104 1181 3158 omniumP.

41 3189 109 3244 quinis
123 3204 171 3236 meo
188 3196 311 3249 nocuoque
328 3191 427 3234 omnium
443 3180 500 3232 Eru.
523 3210 553 3224 -·
572 3188 628 3232 odeo
645 3188 673 3232 de
689 3188 753 3234 orbis
771 3188 799 3235 1‘.
819 3214 854 3226 -
872 3192 951 3235 conssul
967 3205 1011 3248 ego
1027 3191 1093 3235 uideo
1111 3190 1183 3238 R.-

40 3274 119 3325 pouluna
135 3274 163 3320 tt.
181 3274 241 3333 (uon
260 3271 302 3333 Τ.)
316 3299 350 3310 -
363 3274 431 3317 etium
448 3268 516 3335 nune]
534 3272 586 3318 Tu.
604 3274 671 3316 etiem
688 3278 734 3318 turn
751 3274 807 3321 Ern.
823 3300 856 3312 —
874 3288 897 3319 ee
914 3267 956 3320 illu
974 3275 1003 3321 R.
1021 3275 1080 3336 (nou
1097 3273 1138 3333 T.)
1149 3299 1184 3311 -

42 3367 69 3399 ne
83 3359 105 3401 ia
119 3357 176 3420 meo]
196 3359 250 3405 BP.
268 3373 303 3403 me
319 3370 369 3403 meo
386 3358 411 3402 in
433 3357 462 3403 T.
479 3356 537 3402 Ern.
554 3381 588 3394 -
607 3354 766 3413 interfecturos
782 3354 838 3417 esse]
857 3355 930 3403 TRP.
949 3357 1108 3417 interfecturos
1124 3357 1182 3404 Ern.

96 3439 107 3502 i
126 3443 162 3488 ll).
179 3445 210 3488 orl
227 3458 263 3488 sne
278 3444 401 3488 salutatum
417 3454 481 3485 mone
498 3440 527 3486 T.
549 3441 602 3486 Oro.
620 3453 685 3484 mune
702 3441 733 3486 R.
749 3465 783 3477 -
798 3443 850 3495 est,
867 3443 974 3500 egredere
990 3442 1062 3490 P.‘-
1073 3446 1111 3487 tua
1129 3439 1182 3502 illo]

43 3510 125 3568 Tllss-
136 3529 178 3571 itta
195 3533 234 3572 tua
251 3526 309 3572 Era.
323 3552 353 3564 -
365 3526 484 3571 libratione
495 3523 547 3570 Tu.
564 3522 622 3570 Ero.
633 3548 663 3562 -
678 3527 714 3571 sin
730 3528 804 3571 minus
820 3526 850 3572 P.

44 3625 218 3649 ——Q—

97 3692 108 3754 i
124 3696 146 3740 ll.
164 3697 210 3741 duo
227 3696 312 3753 equites
328 3688 443 3752 Rornoni]
472 3690 495 3736 C.
517 3689 652 3756 ,dometius
672 3706 738 3751 eques
753 3694 813 3747 un,
830 3719 863 3733 -
880 3698 902 3739 et
918 3709 967 3740 cum
984 3710 1011 3741 eo
1027 3696 1058 3742 1..
1079 3696 1184 3754 Vargun-

44 3774 90 3821 tetus
103 3785 191 3826 nudor
209 3780 343 3824 eoruts'tuere
359 3791 386 3821 eo
406 3779 471 3821 uncle
488 3776 571 3834 paullo
585 3780 641 3833 post
657 3790 708 3822 cum
723 3780 819 3824 armatis
834 3779 961 3825 horninibus
977 3782 1045 3825 sicuti
1060 3783 1184 3828 ssluloturn

44 3857 171 3908 introirent
191 3864 320 3908 &neronem
336 3876 364 3906 uc
380 3862 408 3905 de
425 3859 551 3917 improuiso
567 3861 631 3905 dorni
647 3874 700 3906 suae
717 3863 854 3919 imparatum
871 3862 1008 3922 confoderes
1018 3866 1099 3910 -sed
1116 3867 1184 3914 ianua

42 3945 140 3995 mindi
166 3952 253 3992 mistum
270 3945 365 4003 jocinus
386 3945 480 4004 frustra
501 3949 652 4003 conceperunt.
686 3947 735 3994 Sul.
759 3946 813 3992 Cat.
835 3947 876 3993 28.
900 3949 944 3994 cfr.
968 3950 1080 3995 Sullanae
1100 3948 1112 4011 b
1129 3950 1185 4006 52„

44 4024 78 4071 ubi
92 4041 146 4076 uuus
162 4030 190 4076 C.
208 4031 334 4078 Cornelius
350 4030 500 4084 nominatum
525 4032 566 4076 sed
589 4029 646 4094 ibid..
669 4030 693 4076 6.
721 4030 870 4087 Vargunteius
892 4033 1022 4080 coniuratis
1044 4040 1130 4093 postea
1148 4035 1184 4081 iu·

45 4109 99 4160 ticio
121 4115 216 4174 publico
242 4114 403 4162 condemnatis
428 4119 604 4160 annumeratur.
647 4114 731 4174 Neque
755 4128 815 4161 vero
839 4117 888 4161 ulla
914 4123 950 4163 est
974 4117 1099 4165 diversitas
1122 4117 1185 4164 iuter

46 4185 136 4243 Tutum
153 4206 176 4245 et
193 4200 327 4254 Salustium.
362 4193 453 4246 Tullius
475 4213 529 4245 cum
551 4198 595 4244 illa
616 4199 775 4261 loqueretur,
795 4199 979 4260 Vargunteium,
1003 4201 1106 4267 equitem
1123 4201 1185 4260 tto,

47 4275 67 4321 iu
81 4288 180 4328 senatum
195 4298 248 4329 cum
262 4284 384 4332 sexcentis
406 4284 461 4332 aliis
484 4284 595 4330 aflectum
612 4282 733 4343 indiguum
751 4283 846 4345 habuit,
878 4299 948 4347 quern
965 4283 1099 4333 nominaret
1115 4298 1183 4333 scos·

48 4367 121 4411 torem.
137 4368 179 4415 eir.
197 4369 268 4416 etiem
285 4370 333 4416 Sul.
352 4382 373 4415 c.
393 4370 432 4416 li.
744 4352 747 4357 ’
