2850 4759
252 369 254 372 v
314 281 483 354 orario
506 283 591 354 ruo
615 286 651 353 r.
674 284 831 364 suits,
854 291 935 355 aa.
1006 301 1010 316 x
1152 292 1212 358 us

37 458 102 514 tur:
129 465 227 522 una..
258 466 345 529 oure
373 444 497 529 Lepido
526 459 560 514 ct
590 445 745 516 Volcatio
776 447 990 534 consulibus,
1024 463 1121 535 patre
1152 465 1211 520 tuo

36 550 177 619 consule
205 549 398 631 designato.
421 551 510 617 facta
536 572 611 619 esse
632 550 776 630 dicitur,
790 550 921 632 altera,
942 575 1027 636 quac
1053 577 1107 621 me
1129 577 1210 624 cou-

34 650 123 731 sulc3
147 653 269 724 harum
290 655 326 721 in
346 666 490 737 utraque
508 654 636 722 Sullam
657 654 740 723 dicis
762 656 881 724 fuisse·
921 658 1032 726 Patris
1054 661 1118 739 tui,
1140 662 1212 729 for·

36 756 155 825 tissimi
174 757 241 824 viri
261 770 360 841 atquc
377 760 495 842 optimi
508 758 679 839 consulis,
699 760 767 827 scis
785 780 840 827 ure
857 758 1004 828 consiliis
1020 764 1212 831 coniuret·-

31 860 159 939 -fuisse3
198 862 283 937 scis,
316 882 387 939 me,
423 883 499 930 cnm
536 862 616 930 mihi
650 885 807 933 summus
845 875 957 932 tecum
991 888 1074 936 usus
1107 881 1211 949 esset,

38 977 148 1034 tamen
177 963 317 1038 illorum
348 978 525 1049 expertem
565 980 754 1053 temporum
790 980 824 1035 et
854 990 1052 1039 sermonum
1084 972 1213 1052 suisse3

37 1068 158 1156 credo,
182 1069 275 1152 quod
300 1070 455 1139 nondum
483 1072 615 1155 penitus
639 1073 672 1138 in
698 1071 891 1166 republica
916 1076 1093 1154 versabar,
1121 1075 1213 1160 quod

36 1171 187 1242 nondum
222 1172 263 1242 ad
295 1177 509 1258 propositum
548 1173 630 1243 mihi
665 1177 765 1244 finem
798 1174 938 1246 honoris
969 1201 1212 1262 perveneram,

39 1275 124 1358 quod
149 1298 233 1344 mea
258 1299 315 1346 rue
339 1280 477 1348 ambitio
502 1293 537 1347 et
562 1282 709 1349 forensis
735 1279 831 1348 labor
859 1281 900 1347 ab
924 1282 1015 1348 omni
1038 1281 1097 1350 illa
1120 1285 1214 1364 cogi·
1349 1364 1352 1380 Ι

42 1384 163 1448 tatione
183 1379 413 1451 abstrahebat.
469 1383 555 1476 Quis
585 1384 859 1482 ergointererat
884 1387 1006 1453 vestris
1033 1385 1211 1460 consiliis?
1232 1399 1271 1462 12

42 1483 164 1552 Omnes
190 1485 245 1568 hi,
267 1506 353 1568 quos
380 1484 474 1554 rides
497 1487 575 1555 huic
593 1488 731 1566 adesse,
754 1502 789 1555 ct
804 1489 837 1554 in
857 1490 973 1571 primis
995 1488 1041 1579 Q.
1056 1489 1228 1557 ‘Horten-¹
1306 1557 1308 1568 ,

43 1587 124 1668 sium
145 1575 306 1671 quicum
322 1601 463 1672 propter
481 1589 647 1660 honorem
668 1613 712 1660 ac
727 1592 923 1676 dignitatern
941 1605 1043 1676 atque
1059 1594 1212 1662 animum

44 1689 203 1762 eximium
232 1692 265 1758 in
293 1713 364 1759 rem
389 1692 579 1776 publicam,
602 1707 674 1762 uun
704 1707 845 1779 propter
871 1710 1043 1765 summam·
1066 1696 1211 1764 familia·

44 1797 172 1862 ritatem
200 1816 442 1881 summumque
466 1818 620 1866 amorem
648 1798 681 1866 in
708 1812 842 1882 patrem
873 1810 969 1867 tuum
1005 1822 1083 1867 cum
1115 1822 1212 1867 com.

45 1899 218 1981 munibus,
240 1911 312 1966 tum
332 1902 522 1984 praecipuis
546 1905 650 1985 patris
672 1904 719 1969 tui
740 1902 899 1985 periculis
919 1905 1211 1972 commovebatur.

45 1998 130 2084 Ergo
154 2004 257 2072 istius
285 2005 528 2073 coniurationis
557 2006 684 2072 crimen
717 2006 894 2073 defensum
920 2008 961 2073 ab
988 2029 1029 2075 eo
1053 2020 1123 2084 cst,
1155 2007 1213 2091 qui

45 2104 212 2186 interfuit,
234 2108 291 2191 qui
315 2111 495 2190 cognorit,
524 2111 579 2193 qui
605 2110 776 2193 particeps
796 2122 832 2177 et
857 2109 987 2178 consilii
1016 2111 1120 2179 vestri
1145 2112 1213 2178 fuit

46 2219 75 2275 et
100 2212 256 2292 timoris3
285 2212 382 2281 cuius
415 2214 449 2280 in
478 2211 546 2288 inc
579 2214 719 2279 crimine
744 2211 984 2297 propulsando
1015 2235 1093 2280 cum
1121 2226 1213 2280 esset

47 2313 276 2396 copiosissima
303 2328 404 2400 atque
434 2318 649 2386 ornatissima
680 2319 807 2394 oratio,
848 2329 959 2384 tamen
994 2340 1063 2385 uon
1100 2317 1211 2384 minus

46 2415 146 2485 inerat
189 2420 404 2488 auctoritatis
447 2421 481 2490 in
519 2441 559 2488 ea
595 2442 695 2506 quarn
729 2421 911 2490 facultatis.
976 2419 1070 2488 lilius
1107 2417 1212 2499 igitur

48 2523 303 2602 coniurationis,
339 2544 425 2608 quae
461 2525 551 2592 facta
589 2539 709 2593 contra
743 2549 823 2605 vos,
863 2522 974 2594 delata
1006 2525 1048 2592 ad
1080 2544 1161 2608 vos,
1191 2545 1213 2592 a
1292 2523 1294 2526 ’

47 2624 133 2693 robis
160 2626 296 2712 prolata
327 2650 402 2698 csse
432 2629 573 2707 dicitur,
608 2651 673 2711 ego
700 2632 795 2698 testis
817 2651 894 2699 esse
918 2653 987 2698 uon
1013 2629 1122 2712 potui:
1143 2649 1214 2696 non

48 2728 139 2798 modo
168 2733 260 2800 euim
288 2732 372 2800 nihil
399 2736 572 2817 comperi,
612 2733 672 2801 sed
700 2736 759 2800 vix
793 2734 836 2801 ad
869 2756 968 2802 aures
997 2754 1089 2808 meas
1114 2732 1212 2798 istius

48 2836 242 2916 suspicionis
267 2838 359 2904 fama
388 2839 551 2921 pervenit.
596 2838 663 2930 Qui
691 2840 788 2906 vobis
818 2839 852 2905 in
885 2837 1027 2907 consilio
1059 2839 1212 2913 ruerunt,
1234 2835 1274 2896 13

50 2937 101 3015 qni
123 2941 301 3007 vobiscum
333 2940 390 3007 ilia
423 2955 630 3022 cognorunt,
670 2943 790 3026 quibus
819 2943 899 3025 ipsis
923 2940 1112 3026 periculum
1139 2953 1212 3008 turn

51 3039 179 3112 conflari
203 3045 404 3127 putabatur,
426 3046 481 3128 qui
495 3048 661 3112 Autronio
682 3069 750 3112 uon
769 3046 969 3125 adfuerunt,
991 3046 1097 3129 quiin
1116 3042 1212 3111 ilium

53 3146 234 3215 testimonia
259 3150 376 3229 gravia
400 3148 579 3228 dixerunt,
612 3149 702 3218 huuc
730 3149 934 3228 defenduut,
968 3148 1047 3217 huic
1075 3147 1211 3226 adsunt,

52 3244 195 3319 iniurius
221 3252 371 3335 periculo
399 3252 574 3320 declarant
606 3274 643 3320 se
676 3279 744 3322 nou
779 3255 920 3321 crimine
955 3252 1210 3330 coniurationis,

52 3369 89 3415 ne
108 3354 264 3424 adessent
286 3359 425 3439 ceteris,
447 3357 507 3425 sed
527 3357 704 3427 hominnm
731 3357 897 3438 maleficio
922 3357 1102 3424 deterritos
1124 3376 1211 3424 esse.
1268 3351 1270 3360 ’

54 3450 116 3522 Mei
136 3460 333 3529 consulatus
364 3473 478 3528 autem
507 3474 640 3543 tempus
667 3473 701 3528 et
726 3463 855 3529 crimen
879 3466 903 3537 ἦ·
931 3462 1101 3529 maximae
1127 3482 1212 3527 cou-

55 3555 328 3633 iurrtiouisame
350 3565 561 3633 defendetur.
600 3569 716 3654 Atque
737 3566 903 3635 internos
921 3566 1056 3651 partitio
1075 3578 1213 3632 nonest
1276 3649 1278 3655 A
1321 3601 1323 3603 ·

56 3659 205 3746 fortuito,
224 3670 388 3746 iudices,
425 3692 488 3738 nec
520 3684 646 3738 temere
677 3671 786 3755 facta,
819 3669 880 3739 sed
907 3693 985 3738 cum
1018 3668 1211 3736 videremus

57 3781 162 3836 eorum
182 3774 372 3840 criminum.
385 3797 449 3842 nos
467 3786 630 3856 patronos
655 3773 821 3854 adhiberi,
845 3797 990 3858 quorum
1012 3785 1115 3842 testes
1137 3794 1212 3840 esse

57 3883 234 3907 *Q—

116 3950 127 4013 §
145 3955 183 4001 ta.
200 3958 265 4003 nobr's
282 3956 317 4020 in]
336 3958 452 4004 uobiscum
470 3960 494 4003 r‘n
511 3958 604 4006 Monut.
623 3966 719 4006 tacente
731 3958 869 4006 Torrentio.
880 3982 915 3996 -
926 3957 1051 4016 maximae]
1069 3956 1213 4002 Etiamnunc

59 4039 216 4087 emendandum
234 4056 290 4089 reor
305 4045 442 4100 proximae:
472 4042 513 4089 Sic
531 4059 577 4103 pro
595 4043 658 4090 Bab.
677 4059 699 4090 c.
717 4046 741 4090 2.
759 4059 806 4105 pro
823 4046 933 4102 proxime
951 4044 1014 4090 Cod.
1031 4043 1051 4088 F
1053 4056 1118 4087 runc.
1140 4040 1214 4094 habet

60 4122 154 4170 marimo.
163 4150 194 4165 ·-
204 4131 270 4187 atque
286 4130 344 4173 inter
362 4142 404 4174 nor
413 4130 512 4186 parrum
524 4126 581 4190 nou]
599 4134 665 4189 atque
676 4132 732 4175 hoec
743 4132 803 4175 inter
814 4143 855 4175 nos
863 4131 964 4188 partitio
975 4127 1114 4187 defentionis
1126 4139 1170 4170 non
1182 4123 1212 4168 P.

60 4221 235 4248 Ἢ

62 4285 196 4344 contineatur
216 4297 275 4345 icrris
292 4297 412 4360 Torquati
433 4297 509 4358 patris
527 4312 577 4345 cor.
594 4311 618 4345 a.
634 4313 656 4344 u.
673 4312 693 4344 c.
704 4299 763 4358 689.
781 4297 853 4344 Varr.
871 4294 1043 4356 reprehensio,
1061 4291 1127 4353 quod
1144 4290 1213 4335 Cice·

63 4383 144 4433 rorem.
167 4385 241 4434 virum
264 4384 428 4445 praetorium„
450 4384 563 4432 interesse
584 4384 632 4433 suis
651 4384 759 4432 consiliis
777 4390 826 4430 tum
849 4381 962 4428 uoluerit.
997 4379 1156 4424 r'norscnrm.
1255 4432 1260 4443 .
