2850 4759
282 287 368 357 PRO
396 288 440 353 A.
470 286 686 363 CAECINA,
721 305 751 353 o.
768 288 805 351 12
832 297 868 352 et
885 287 935 352 13.
1161 286 1200 350 93

31 445 225 535 experiundi
248 446 330 513 iuris
355 445 464 526 gratia
490 446 677 520 venissent,
704 443 808 512 armis
832 443 932 520 viris,
961 453 1092 510 terrore
1113 443 1201 525 peri·

31 551 167 632 ruboque
195 551 316 614 mortis
343 544 548 636 reppulerit,
584 543 731 626 fugarit,
771 546 950 628 averterit,
986 541 1053 611 hoe
1086 542 1196 609 dieat:

30 653 116 725 ,Feri
141 649 320 731 equidem,
342 644 429 731 quae
454 646 558 724 diois,
579 647 711 731 omnia,
733 656 768 710 et
789 666 827 713 ea
849 656 930 711 sunt
950 656 984 709 et
1003 643 1200 723 turbulenta

31 766 60 820 et
76 751 259 832 temeraria
274 761 307 815 et
321 746 529 830 periculosas
550 746 630 829 qnid
646 767 728 826 ergo
750 746 827 812 est’?
855 747 993 828 impune
1012 745 1096 823 feci3
1119 766 1199 812 nam

32 855 104 937 quid
135 874 218 934 agas
251 872 387 918 nreoum
417 869 462 914 ex
492 849 567 915 iure
591 847 682 915 cirili
714 868 755 914 ao
783 846 955 928 praetorio
986 868 1055 911 non
1082 846 1197 913 babes.

31 956 116 1021 Itane
144 975 246 1030 vero,
274 949 561 1031 recuperatores?
590 949 657 1019 hoo
678 969 740 1016 ros
764 947 934 1015 audietis?
962 958 996 1013 et
1020 945 1110 1027 apud
1133 968 1196 1014 voe
1218 953 1257 1014 st

34 1056 92 1121 diei
113 1053 288 1136 patiemini
310 1048 473 1132 saepius?
503 1071 582 1117 eum
607 1050 754 1118 maiores
778 1050 888 1118 nostri
912 1061 1003 1115 tauta
1025 1047 1198 1128 diligentia

32 1155 270 1238 prudentiaque
296 1152 441 1228 suerint,
483 1161 522 1215 ut
548 1152 662 1217 omnia
688 1152 840 1218 omnium
867 1173 936 1217 non
958 1148 1062 1217 modo
1088 1162 1196 1216 tanta·

32 1281 97 1324 rum
117 1278 258 1331 rerum,
295 1251 354 1320 sed
380 1253 480 1318 etiam
514 1252 789 1319 tenuissimarum
814 1253 889 1318 iura
914 1252 1096 1318 statuerint
1118 1271 1196 1332 per·

32 1357 199 1439 secutique
223 1357 310 1434 sint,
345 1353 412 1420 hoe
432 1374 540 1431 genus
565 1376 671 1422 unum
695 1352 750 1420 vel
771 1355 959 1421 maximum
983 1353 1197 1434 praetermit-

32 1468 152 1534 terent,
189 1468 242 1533 ut,
273 1457 303 1522 si
337 1455 475 1537 quinte
501 1457 595 1521 exire
624 1455 728 1522 donro
761 1476 836 1522 mea
869 1456 1040 1535 coegisset
1073 1455 1203 1529 armis,

31 1558 182 1625 baberem
204 1556 388 1623 actionem:
426 1558 455 1622 si
478 1558 536 1637 qui
562 1558 705 1623 introire
727 1556 973 1638 prohibuisset,
1005 1579 1073 1623 non
1095 1555 1197 1622 habe·

32 1660 119 1725 rem?
150 1657 315 1748 Nondum
336 1655 378 1720 de
397 1657 561 1724 Caecinae
582 1679 685 1725 eausa
710 1657 864 1744 disputo,
894 1658 1045 1729 nondum
1063 1657 1104 1724 de
1122 1658 1197 1723 iuro

32 1761 248 1841 possessionis
281 1769 419 1824 nostrae
456 1757 594 1840 loquor:
640 1771 771 1831 tautum
810 1760 853 1827 de
890 1773 948 1826 tua
979 1758 1195 1835 defensione,

34 1864 65 1925 b‘.
88 1862 189 1936 Piso,
220 1879 382 1940 quaero.s
412 1858 581 1947 Quoniam
606 1860 652 1927 ita
675 1861 760 1928 dieis
784 1872 819 1926 et
840 1864 886 1927 ita
906 1861 1100 1927 constituis:
1138 1859 1255 1941 „8135

32 1959 166 2027 Caecina
191 1981 269 2025 curn
290 1960 325 2025 iu
347 1958 455 2026 fundo
483 1973 590 2039 esset,
611 1954 696 2028 ¹inde
722 1962 873 2030 deiectus
900 1973 1007 2040 esset,
1024 1972 1108 2027 'trun
1135 1981 1196 2042 per

32 2058 89 2127 boe
112 2061 330 2126 interdictum
358 2082 436 2126 eum
465 2063 599 2129 restitui
623 2064 839 2144 oportuisse3
878 2084 970 2128 nuno
997 2083 1080 2129 vero
1107 2061 1197 2129 deie-

32 2172 116 2237 etnrn
140 2159 234 2243 pullo
256 2161 359 2229 modo
383 2160 458 2230 esse
482 2161 575 2236 iude.
602 2163 659 2228 ubi
682 2185 751 2231 non
775 2163 899 2240 fuerit3
925 2161 993 2230 hoo
1013 2161 1195 2229 interdicto

32 2259 109 2326 nihil
127 2285 187 2329 nos
203 2274 382 2329 assecutos
403 2263 519 2328 esse:“
546 2278 693 2344 quaero,
718 2265 746 2330 si
769 2275 801 2329 te
822 2262 923 2329 hodie
940 2262 1081 2329 domum
1102 2276 1196 2330 tuam

31 2360 219 2429 redeuntem
245 2365 353 2430 eoacti
373 2362 526 2430 homines
546 2375 581 2429 et
600 2365 722 2431 armati
743 2386 812 2430 nou
834 2363 937 2430 modo
957 2361 1071 2435 limine
1090 2375 1198 2430 teoto·

33 2483 92 2543 que
115 2465 248 2531 aedium
279 2477 433 2542 tuarum,
470 2463 531 2532 sed
557 2465 668 2547 primo
694 2465 788 2532 aditu
816 2463 1052 2546 vestibuloque
1078 2462 1197 2547 probi·

32 2564 170 2642 bnerint,
200 2565 281 2648 quid
310 2580 449 2633 acturus
474 2566 550 2634 sis?
580 2568 702 2634 Monet
725 2568 853 2635 amicus
875 2586 972 2633 meus
998 2577 1032 2631 te
1054 2565 1092 2636 L.
1122 2563 1198 2631 Cal·

32 2666 182 2743 pnruius,
216 2679 255 2733 nt
277 2665 367 2733 idem
389 2667 500 2747 dieas,
532 2668 624 2752 quod
643 2671 717 2753 ipse
737 2681 836 2737 antea
855 2667 958 2746 dixit,
986 2668 1198 2737 iniuriarum.

34 2765 114 2853 Quid
144 2766 179 2853 id
209 2767 253 2833 ad
286 2783 424 2837 eausam
459 2770 710 2853 possessionis?
758 2769 838 2852 quid
870 2770 917 2836 'ad
949 2769 1225 2855 restituendum

34 2886 118 2942 euru,
155 2890 255 2950 quem
283 2882 421 2952 oportet
445 2871 609 2937 restituit>
647 2870 728 2953 quid
753 2870 897 2954 denique
927 2869 1046 2937 adius
1072 2867 1197 2936 civile?

33 2970 75 3032 Ar
93 2968 130 3033 ad
151 2971 302 3037 auctoris
326 2973 500 3038 notionem
526 2984 626 3053 atque
652 2970 982 3040 animadversionem
1008 2990 1087 3049 ages
1115 2972 1199 3034 iniu-

33 3068 159 3138 riarum.
202 3070 284 3138 Plus
314 3072 370 3138 tibi
399 3093 462 3151 ego
490 3071 631 3151 largiar:
664 3088 733 3137 non
761 3069 875 3137 solum
907 3062 1037 3147 egeris,
1075 3090 1198 3135 verum

35 3170 122 3236 etiam
148 3171 388 3239 condemnaris
410 3172 508 3252 lieet3
538 3171 701 3254 numquid
723 3171 830 3249 magis
851 3169 1070 3252 possidebis?
1096 3170 1198 3235 Actio

36 3269 112 3339 enirn
131 3274 328 3338 iniuriarum
355 3276 497 3340 nonius
521 3273 749 3354 possessionis
776 3273 984 3352 assequitur,
1019 3270 1080 3339 sed
1102 3269 1199 3339 dolo·

36 3390 97 3435 rem
118 3374 314 3441 imminutae
338 3373 502 3441 libertatis
526 3373 650 3439 iudicio
673 3392 849 3454 poenaque
869 3374 1016 3452 mitigat.

105 3476 195 3541 Xlll.
216 3538 219 3543 ,
240 3480 385 3542 Praetor
402 3477 542 3551 interea,
563 3478 649 3551 Piso,
675 3486 767 3539 tanta
787 3474 829 3538 de
851 3495 886 3539 re
909 3474 1057 3540 tacebit?
1080 3495 1198 3556 qnem-
1220 3480 1259 3541 36

36 3570 204 3643 admodum
221 3589 268 3647 ¹te
288 3579 447 3645 restituat
465 3578 499 3643 in
520 3575 621 3644 aedes
643 3588 718 3643 tuas
739 3599 808 3645 non
828 3573 993 3642 habebnt>
1036 3577 1104 3666 Qui
1127 3576 1198 3642 dics

42 3733 247 3751 —Q-——m—-n

97 3834 160 3896 534.
177 3821 231 3902 roc]
261 3841 345 3887 Lamb.
371 3846 395 3886 nt
413 3843 457 3886 lroc
475 3841 554 3888 Codd.
576 3837 652 3903 (Scil.
675 3842 836 3890 recentiorum
854 3843 965 3904 plerique
983 3843 1018 3889 aie
1035 3844 1198 3903 scripsissentr

36 3918 122 3960 leucius·
126 3922 405 3982 praetermisissent?)-
413 3927 541 3982 coegisset-
548 3948 560 3958 ·
564 3924 739 3985 prohibuisset]
753 3927 804 3972 liri.
813 3928 941 3983 coegissent
948 3949 960 3960 ·
968 3949 979 3961 -
985 3928 1159 3982 prohibuissent
1166 3925 1198 3969 0.

37 3995 137 4053 (Feiellit
147 4002 259 4049 librarios
270 4000 394 4063 antiquior
406 4005 496 4050 nomin.
509 4005 594 4065 singul.
607 4005 667 4065 qui.)
678 4032 712 4044 -
724 4006 820 4068 quaero]
840 4009 891 4053 Eri.
905 4009 967 4054 utin
981 4022 1049 4069 seqq.
1061 4020 1145 4066 queror
1166 4006 1198 4050 Ο.
1225 4018 1230 4027 “

99 4102 163 4164 535.
183 4107 307 4169 Quoniam]
325 4110 377 4156 Erf.
398 4112 495 4163 Quaado
513 4113 544 4157 0.
563 4136 592 4149 ·-
608 4114 663 4170 quid
680 4115 705 4158 id
722 4110 771 4175 ad]
796 4114 853 4159 Em.
878 4115 935 4172 quid
960 4116 991 4159 ad
1016 4113 1097 4167 Libri,
1123 4110 1196 4156 eriam

38 4181 121 4230 Μ-
132 4195 194 4248 atque
210 4190 339 4251 animare]
358 4193 409 4238 Erl.
427 4192 542 4253 (proprie
560 4195 634 4241 habet
650 4192 744 4262 adque)
761 4199 785 4239 et
803 4194 855 4257 [od]
873 4211 912 4243 arr.
930 4196 961 4242 0.

99 4291 162 4353 ΗΘ.
178 4303 283 4344 armatos
299 4312 323 4343 re
339 4298 382 4344 titt
398 4299 523 4361 obstitisse]
542 4301 593 4348 Eri.
605 4324 640 4337 -
651 4314 700 4348 om.
719 4312 743 4346 rr
759 4300 822 4348 Cori.
841 4302 946 4348 Franeii.
965 4302 1022 4348 Ern.
1041 4302 1071 4346 Ο.
