2850 4759
224 266 395 338 ORATIO
424 269 676 341 PHILIPPICA
703 276 820 362 xlv,
850 296 882 343 c.
908 279 981 346 let
1000 283 1032 345 4.
1159 284 1219 348 lli

18 435 139 493 erratu
183 424 385 509 populoque
409 428 583 509 mnsam
618 432 776 499 omnibus
803 435 1021 518 (quamquam
1049 440 1117 506 ruit
1145 441 1217 525 ipsc

17 529 68 594 ris
88 524 289 605 cladibus)
309 540 441 610 pestem
456 531 669 610 vastitatem,
691 535 882 601 cruciatum
901 548 1072 605 tormenta
1088 536 1219 607 denun-

18 641 83 708 at3
129 625 341 696 Dolabellae
367 629 480 721 ferum
510 643 545 699 at
564 633 711 701 immane
732 634 883 714 facinus,
916 639 1006 721 quod
1028 639 1121 706 rittiia
1143 642 1217 708 bar·

18 730 101 797 aria
129 740 268 811 posset
288 750 495 811 agnoscere,
516 733 551 803 id
571 756 635 819 sno
657 735 799 802 oonsilio
813 737 943 804 lactina
960 760 1037 807 csse
1053 753 1220 823 testator,

18 854 185 916 uaeque
216 843 306 900 esset
331 832 543 903 sacturns‘in
564 834 627 902 bac
649 838 751 915 urbo,
786 840 849 904 nisi
873 860 950 906 eum
972 839 1026 907 bio
1046 842 1119 924 ipsc
1141 842 1220 925 lup·

18 938 95 1002 iter
122 934 178 1001 ab
207 932 272 1000 boc
295 933 422 1017 templo
445 948 546 1018 atque
566 940 746 1005 moenibus
774 938 999 1022 reppulissct,
1031 941 1226 1015 declaravit.

18 1061 32 1104 ι
56 1036 326 1104 Parmensium
348 1035 559 1117 calamitate,
591 1061 694 1125 qnos,
733 1041 880 1122 optimos
901 1043 996 1111 uiros
1019 1042 1217 1112 honestissi-

18 1157 172 1220 nosque
211 1135 385 1216 homines,
422 1141 573 1207 maxime
603 1161 680 1208 cum
714 1144 918 1209 auctoritate
951 1143 1051 1212 liutius
1088 1145 1216 1214 ordinis

18 1238 218 1320 opulique
246 1238 390 1306 Romani
418 1239 581 1319 dignitate
608 1242 811 1311 coniunctos
833 1242 1078 1313 crudelissimis
1101 1268 1218 1314 exem-

18 1339 72 1408 ,tts
103 1340 298 1406 interemit
325 1340 530 1423 propudium
559 1342 642 1409 iilud
669 1356 702 1410 ct
723 1337 940 1426 portentum,
971 1346 1008 1412 L.
1032 1348 1215 1426 ritrtonins,

18 1442 157 1522 nsigne
190 1439 311 1507 odium
338 1444 489 1509 omnium
517 1442 695 1511 hominum
724 1445 797 1523 vei,
828 1446 979 1531 sixetiam
1002 1447 1046 1512 dii
1068 1447 1215 1527 oderint,

18 1537 103 1626 [ctos
128 1553 301 1625 oportet,
334 1541 490 1610 deorum.
532 1544 672 1625 Refugit
692 1548 845 1624 animus,
874 1549 994 1615 Patres
1018 1550 1215 1630 conscripti,
1236 1544 1257 1606 9

18 1665 128 1726 eaque
153 1643 278 1709 dicere
299 1643 518 1724 reformidat,
553 1667 639 1728 quae
666 1648 702 1713 t.
732 1648 901 1715 Antonius
924 1649 957 1715 in
980 1650 1216 1716 Parmensium

18 1745 135 1812 tiberis
159 1755 203 1811 et
225 1744 427 1824 coniugibus
449 1747 612 1812 effecerit.
667 1750 762 1837 Quas
784 1751 873 1817 enirn
896 1750 1122 1833 turpitudines
1145 1754 1216 1818 Au·

18 1848 101 1913 ionii
125 1845 282 1914 libenter
302 1866 382 1914 cum
404 1845 572 1915 dedecore
592 1849 786 1936 subierunt,
819 1849 954 1919 casdem
977 1853 1128 1934 pervim
1150 1851 1218 1919 lae·

18 1958 140 2015 tantur
165 1948 246 2015 aliis
266 1968 305 2015 se
325 1946 492 2015 intulisse.
544 1949 610 2018 Sed
632 1951 682 2017 vis
705 1951 905 2019 calamitosa
925 1963 993 2028 est,
1028 1976 1127 2035 quam
1151 1952 1216 2020 illis

17 2048 242 2116 intulerunt:
265 2047 368 2116 libido
390 2049 573 2137 flagitiosa,
595 2058 660 2133 q'na
683 2052 912 2118 Antoniorum
935 2050 1038 2119 oblita
1060 2066 1112 2132 est
1132 2054 1214 2119 vita.

98 2153 173 2219 lv.
221 2150 285 2218 Est
305 2150 408 2231 igitur
429 2153 624 2234 qnisquam,
660 2154 716 2234 qui
739 2152 853 2218 hostes
875 2150 1045 2234 appellare
1065 2175 1135 2219 non
1156 2173 1216 2218 aua

22 2252 118 2331 dent,
143 2273 299 2335 quorum
321 2250 450 2320 scelere
471 2250 708 2320 crudelitatem
730 2252 1066 2333 Karthaginiensium
1089 2253 1215 2320 victam

25 2511 41 2542 a
56 2497 179 2545 Caesare.
199 2520 236 2534 -
253 2498 302 2543 ruit
323 2497 372 2554 ipse
393 2498 442 2542 suia
464 2495 578 2558 cletitius]
603 2502 696 2544 tentum
714 2497 797 2554 abest,
824 2502 850 2543 ut
867 2496 977 2544 cladibus
994 2510 1039 2544 nos
1056 2495 1161 2551 alliciat,
1188 2503 1214 2542 ut

27 2578 77 2638 ipse
94 2581 138 2637 iis,
158 2595 225 2642 quas
241 2592 321 2640 nuper
336 2594 465 2640 perperam
483 2585 533 2638 est,
552 2585 660 2629 corruat.
693 2580 738 2626 Vis
753 2581 888 2627 sententiae
901 2581 962 2628 inest
973 2581 998 2627 iu
1012 2595 1035 2629 v.
1047 2582 1103 2627 auu.
1130 2579 1216 2639 Neque

27 2661 87 2707 enirn
110 2662 277 2722 interpretari
299 2676 398 2722 possum
422 2676 476 2708 cunr
493 2662 606 2709 ManutIo
624 2676 655 2708 ac
672 2662 826 2717 Garatouios
856 2677 1036 2725 „qumquam
1066 2679 1128 2726 quas
1144 2662 1216 2711 nobis

31 2743 155 2792 denuntiat
174 2729 275 2802 clades,
304 2745 333 2791 ils
356 2744 409 2805 ipse
432 2744 511 2792 ruit“
544 2746 696 2807 Quamquam
714 2747 777 2792 bunc
795 2758 889 2791 sensum
907 2761 959 2792 esse
976 2747 1123 2806 significavit
1140 2746 1215 2794 etiam

30 2825 141 2875 librarius
161 2828 265 2876 Codicis
284 2828 341 2874 Bas.
365 2842 416 2873 erun
438 2830 486 2873 suis
510 2830 614 2874 cladibus
631 2830 758 2875 exbibens.
775 2853 809 2866 -
826 2827 974 2889 Dolabellae]
993 2831 1035 2890 qui
1053 2830 1216 2877 crudelissIma

32 2908 149 2968 Smyrnae
168 2910 297 2957 anilcitiae
314 2910 471 2957 simulatione
505 2911 663 2958 interfecerat
680 2912 709 2958 C.
728 2912 888 2968 Trebonium,
905 2904 1121 2975 τυραννοκτόνον,
1139 2912 1215 2958 Asiae

33 2981 232 3052 propraetorem.
268 2993 379 3052 Philipp.
400 2993 446 3047 ll,
466 2994 488 3038 l.
507 3016 540 3030 -
556 2994 693 3055 agnoscere]
712 3001 836 3056 tamquam
854 3007 936 3051 suum,
959 3009 977 3040 a
992 3008 1019 3041 se
1035 3007 1141 3054 anquam
1158 3008 1216 3053 per·

33 3056 162 3129 prinlum·
181 3103 215 3114 -
234 3077 273 3120 laic
291 3074 350 3136 ipse]
368 3077 414 3132 „in
432 3075 500 3122 cuius
517 3077 611 3136 templo
629 3084 726 3125 senatus
744 3077 912 3123 habebatur.“
929 3076 1000 3123 Man.
1019 3102 1051 3113 -
1068 3081 1136 3135 atque
1153 3090 1215 3120 moc-

35 3154 106 3214 suus]
124 3158 182 3204 AB.
199 3157 326 3215 absolute,
344 3158 408 3202 urbis
425 3159 514 3203 Romae
530 3160 655 3205 moenibus.
678 3164 746 3218 alque
768 3162 806 3203 leis
822 3161 941 3204 moenibus
959 3159 989 3205 V.
1008 3157 1055 3218 (leis
1071 3173 1103 3204 m.
1120 3158 1161 3217 C.)
1180 3181 1215 3194 -

35 3238 197 3289 Parmensium
222 3240 366 3307 calamitate]
394 3242 434 3289 Ad
457 3245 551 3297 cladem
569 3251 627 3291 anto
644 3245 780 3291 Mutinense
798 3243 919 3305 proelium
935 3242 1105 3288 Parmensibus
1122 3241 1217 3287 illatam

38 3321 135 3370 refertur
152 3327 254 3387 Frngm.
272 3326 321 3385 Ep.
338 3326 370 3372 Ι).
388 3325 458 3372 Bruti
476 3326 508 3371 ad
527 3325 596 3375 Fam.
617 3325 662 3379 ll,
683 3325 739 3370 lSa.
774 3327 914 3368 Parmenses
930 3324 1081 3368 miserrimos.
1094 3333 1216 3365 -eaem

37 3401 90 3467 plis]
108 3407 193 3468 Saepe
212 3411 243 3456 dc
260 3409 410 3456 facilioribus
427 3408 552 3456 atrocibus
569 3414 707 3467 usurpetur.
726 3406 779 3453 biv·
793 3407 843 3467 321,
862 3405 910 3461 58,
932 3404 971 3451 tt.
993 3405 1051 3450 adeo
1069 3404 1144 3449 omnis
1161 3405 1216 3449 lidi·

39 3486 94 3532 diuis
116 3493 305 3553 crudelitatisque
327 3497 350 3537 et
371 3494 507 3538 inhumanae
529 3491 649 3548 superbiae
673 3492 758 3539 cittium
782 3491 807 3534 in
824 3491 920 3534 miserm
937 3492 972 3533 est
988 3489 1165 3544 exemplum.
1184 3486 1215 3532 A.

40 3565 126 3617 Gellius
144 3575 175 3634 6,
196 3575 221 3620 4.
248 3576 363 3633 Regulum
388 3576 479 3623 Tubero
496 3576 582 3620 redisse
599 3575 769 3630 Karthaginem
787 3575 896 3629 nouaque
913 3573 1122 3628 exemplorum
1140 3572 1216 3616 modis

40 3656 192 3701 excruciatum
205 3672 220 3702 a
232 3660 321 3703 Poenis
333 3659 398 3706 dieii.
408 3684 439 3697 -
448 3655 603 3716 propudium]
623 3656 755 3702 Vocabulo
768 3654 874 3701 Cornicis
886 3655 1043 3714 frequentato
1055 3655 1128 3701 semel
1142 3653 1216 3700 utitur

42 3727 131 3782 Cicero.
149 3738 275 3786 Firmatur
286 3756 302 3787 a
315 3741 377 3787 Cod.
395 3740 427 3787 A.
444 3740 488 3786 olii
503 3740 666 3798 praeludium,
682 3739 827 3796 prodigium.
839 3761 872 3774 -
885 3734 991 3800 deorum]
1004 3735 1035 3782 A.
1054 3751 1101 3796 pro
1114 3738 1216 3781 omnium

42 3812 129 3863 deorum
147 3820 178 3867 V.
197 3822 241 3883 (Β.
258 3837 308 3872 οιιι.
326 3837 387 3897 omn.
406 3821 483 3883 deor.)

105 3922 158 3984 Ili.
176 3927 267 3987 refugit
286 3932 378 3981 animus
394 3940 427 3971 -ύ
445 3944 515 3990 caque
538 3932 614 3976 dicere
631 3928 788 3988 reformidat]
806 3929 863 3975 Non
881 3934 948 3985 erat,
976 3932 1103 3987 curatque
1121 3937 1215 3985 propo·

43 4011 105 4050 acret
120 4007 195 4067 Em„
212 4025 267 4058 cum
284 4013 332 4060 hoc
350 4014 429 4074 ipsam
446 4027 536 4060 neruos
553 4011 674 4059 orationis
692 4013 834 4058 succideret.
850 4035 880 4046 —
895 4011 1015 4069 surrepta]
1033 4009 1167 4056 clanculum
1185 4020 1215 4052 ac

46 4087 130 4136 perfide
146 4101 284 4153 occupata,
301 4107 351 4144 nou
368 4095 433 4142 iusta
450 4094 579 4142 obsidione
596 4101 749 4153 expugnata.
759 4118 792 4132 -
803 4094 931 4153 Antonius]
942 4093 1011 4139 Lucii
1022 4091 1115 4137 facinus
1127 4090 1215 4135 Marco

46 4160 109 4213 sitiri
125 4172 251 4230 tribuitur,
277 4183 364 4237 utpote
387 4177 438 4224 eius
458 4177 524 4223 iussu
547 4176 714 4233 commissum,
741 4184 768 4222 ut
785 4182 856 4236 patet
873 4191 907 4222 ex
925 4189 965 4222 ur.
984 4172 1065 4218 statim
1083 4186 1164 4231 seqq..
1190 4172 1215 4215 iu

47 4246 124 4302 tultus
139 4257 288 4307 auctoritate
305 4259 381 4307 ABG.
402 4274 426 4308 v.
448 4259 565 4307 Antonius
583 4260 659 4318 volgo
677 4265 734 4304 ante
751 4273 775 4305 v.
789 4260 908 4316 putandus
924 4256 1072 4302 inculcatum
1089 4253 1181 4301 sustuli,

860 4360 899 4421 27
