2850 4759
213 225 273 291 4³2
679 224 915 294 CICERONIS

213 381 390 479 Magnam
419 385 623 472 Graeciam,
665 387 728 458 ubi
748 412 826 458 eum
857 397 889 457 et
917 383 1100 458 Tarentini
1124 399 1156 458 et
1183 387 1389 482 Rbegrniet

212 505 448 605 Neapolitani
467 508 604 578 civitate
625 505 812 579 donarunt.
863 505 954 578 Inde
972 506 1135 580 Romam
1155 533 1229 578 sese
1253 508 1388 579 conbrb‘t

213 655 248 699 a.
273 655 306 698 u.
330 655 357 699 c.
384 622 486 711 652,
525 627 587 697 ubi
611 628 826 724 principibus
856 628 940 697 airis
966 628 1110 725 placuit.
1167 627 1267 701 Satis
1293 630 1383 723 longo

214 744 397 821 intervallo
422 775 501 818 cum
525 760 610 819 esset
633 776 712 825 curn
737 747 783 821 L.
806 746 959 819 Lucullo
983 756 1021 818 in
1038 747 1197 820 Siciliam
1213 754 1379 852 profectus,

215 870 252 939 in
275 869 386 941 reditu
409 896 489 945 curn
510 867 576 940 boc
596 871 689 940 venit
715 866 939 949 Heracliam;
964 895 1051 966 quae
1073 896 1151 939 cum
1170 885 1259 941 esset
1276 872 1379 941 civitas

214 990 421 1088 aequissimo
450 992 521 1062 iure
545 1019 588 1062 ac
605 988 747 1090 foedere
775 1015 855 1058 cum
881 987 1077 1074 Romanis,
1113 989 1273 1060 adscribi
1294 992 1379 1061 sein

213 1136 292 1182 eam
308 1112 481 1182 ciuitatem
501 1108 629 1195 vobrit,
655 1108 758 1206 idque
786 1109 991 1205 impetrauit.
1041 1107 1126 1180 Iam
1148 1138 1183 1180 a.
1205 1138 1240 1181 u.
1261 1139 1288 1181 c.
1310 1106 1377 1180 665.

215 1231 285 1325 Iege
305 1229 453 1303 Plautia
474 1228 623 1329 Papiria
642 1229 698 1319 (id
713 1240 781 1312 est,
808 1227 885 1299 lata
906 1256 930 1299 a
951 1228 1005 1302 M.
1031 1226 1176 1300 Plautio
1199 1229 1339 1301 Siloam
1354 1240 1378 1298 rt

218 1351 256 1425 C.
294 1349 439 1451 Papirio
471 1349 639 1443 Carbone)
670 1349 760 1422 data
796 1361 856 1455 est=
880 1350 1003 1420 civitas
1025 1351 1201 1457 omnibus
1235 1352 1296 1432 iis,
1331 1349 1380 1447 qui

205 1473 399 1573 foederatis
419 1473 616 1543 civitatibus
638 1470 810 1568 adscripti
829 1482 954 1556 essent,
979 1470 1022 1539 iis
1042 1467 1201 1540 videlicet
1223 1471 1377 1543 condicio

217 1593 333 1677 nibus,
375 1617 463 1689 quac
494 1602 738 1662 enumerantur
768 1590 854 1689 Cap.
877 1594 912 1679 4.
945 1589 1024 1688 §7.
1088 1588 1225 1691 Quibus
1257 1592 1375 1690 quidem

215 1711 473 1784 condicionibus
492 1708 646 1781 Archias
668 1738 740 1782 non
753 1718 905 1807 ‘prorsus
923 1712 1152 1810 satisfecerat,
1185 1714 1311 1810 »quippe
1329 1713 1377 1809 qui

217 1829 345 1902 tabulis
362 1828 639 1902 Heracliensium
654 1829 803 1927 publicis
819 1831 966 1927 probare
985 1856 1056 1901 non
1070 1840 1197 1928 posset
1210 1859 1246 1904 se
1266 1834 1301 1904 in
1312 1859 1373 1903 cara

216 1951 389 2022 civitatem
413 1949 631 2047 adscriptum
655 1976 745 2035 esse,
772 1952 856 2049 quia
884 1950 1161 2023 Heracliensium
1187 1953 1374 2024 tabularium

216 2072 344 2145 Italico
364 2073 435 2143 sive
450 2070 575 2142 sociali
593 2069 680 2142 bello
700 2072 857 2143 incendio
879 2071 1102 2168 absumptum
1123 2082 1218 2154 erat}
1245 2075 1375 2144 maxbne

216 2200 332 2262 autem
348 2193 432 2290 quia
444 2192 537 2263 bona
548 2218 614 2262 sua
626 2192 663 2262 in
674 2208 813 2264 censum
826 2219 896 2263 non
908 2182 1078 2263 intulerat.
1107 2184 1144 2263 Α
1158 2193 1283 2266 Gratio
1293 2180 1376 2287 rpr'tzo

216 2313 389 2410 quodam,
408 2311 547 2384 bomine
564 2308 756 2410 ceteroquin
770 2313 905 2406 ignoto,
923 2324 1064 2410 propter
1081 2339 1229 2400 meram,
1254 2327 1290 2384 ut
1301 2312 1374 2384 otte

216 2445 288 2520 tur,
311 2434 483 2505 inuidiam
508 2461 583 2505 rcus
593 2436 718 2535 factus
740 2445 790 2507 est
808 2432 877 2525 lege
898 2431 1018 2530 Papia
1038 2432 1115 2504 lata
1133 2462 1167 2505 a.
1190 2462 1224 2505 u.
1245 2462 1274 2505 c.
1293 2431 1374 2513 689„

217 2555 313 2637 cuius
341 2553 426 2625 baec
448 2555 502 2624 ois
518 2555 613 2656 fait,
650 2567 688 2625 ut
714 2555 884 2651 peregrini
914 2553 1007 2625 Urbe
1030 2554 1238 2651 pellerentur
1257 2567 1295 2625 et.
1310 2552 1376 2623 socii
1404 2510 1406 2615 b

217 2667 346 2740 Latini
376 2674 414 2742 in
438 2699 523 2745 suas
550 2676 691 2771 arcisque
715 2674 869 2744 ciuitates
897 2674 1134 2766 redigerentur.
1206 2673 1375 2749 Necessarie
1403 2748 1404 2765 χ

217 2817 361 2863 causam
379 2820 442 2891 pcr
463 2822 516 2880 se,
544 2807 582 2865 ut
602 2794 752 2875 uidetur,
779 2795 974 2866 admodum
1002 2794 1204 2898 difficilem,
1230 2795 1293 2866 scd
1311 2784 1373 2892 prd
1403 2784 1405 2886 l

214 2923 292 3009 pter
311 2915 540 2999 accusatoris,
566 2940 666 3012 quem
688 2915 996 3012 quadruplatorem
1006 2916 1121 3016 fuisse
1138 2916 1299 3000 arbitmr,
1319 2918 1373 2988 sor·

217 3032 278 3104 des
285 3035 503 3134 facillimam
523 3054 601 3135 curn
616 3036 820 3132 suscepisset
835 3034 889 3106 Μ.
912 3033 951 3107 T
945 3035 1051 3106 olibes
1067 3035 1202 3124 Cicero,
1228 3035 1371 3113 Arabico
1401 3060 1404 3158 f

216 3154 370 3255 defendit
387 3182 504 3225 coram
527 3153 657 3255 Quinto
665 3157 798 3256 fratre,
821 3168 978 3252 praetore
998 3156 1131 3226 urbano
1148 3186 1182 3229 a.
1206 3186 1240 3229 u.
1262 3187 1289 3230 c.
1308 3155 1371 3231 692.

223 3274 353 3346 Utrum
381 3276 568 3347 absolutus'
587 3278 633 3346 sit
663 3274 815 3347 Archias
844 3303 956 3358 necne,
994 3302 1123 3373 parum
1153 3281 1374 3377 comperioris:
1401 3328 1402 3349 1

217 3377 310 3466 illud
330 3407 447 3467 tamen
463 3397 695 3493 probabilius:
720 3423 798 3468 cum
817 3397 944 3468 iudices
962 3399 1000 3466 in
1020 3424 1054 3466 rc
1074 3397 1222 3469 levicula
1246 3394 1373 3473 O'ceroni
1400 3442 1401 3445 =

217 3514 394 3585 consulari
422 3515 481 3587 uel
505 3528 685 3614 propterea
699 3522 701 3527 ’
714 3517 913 3617 gratificari
945 3517 1131 3597 debuerint,
1171 3545 1214 3587 ne
1245 3527 1372 3616 expetes
1399 3542 1402 3701 ι

217 3635 332 3703 omnis
358 3633 534 3708 doctrinae
561 3649 663 3734 atque
693 3636 926 3708 humanitatis
948 3638 1159 3722 viderentur,
1194 3640 1371 3738 ubifacurr

216 3753 303 3824 dam
333 3755 522 3826 litterarum
548 3758 779 3858 defensionem
804 3758 1024 3854 respuissent,
1047 3760 1252 3854 praesertim
1276 3760 1312 3830 in
1331 3781 1371 3825 reo
1399 3766 1400 3787 ²

211 3901 320 3972 prope
339 3882 579 3969 sexagenario,
695 3938 698 3941 .

310 3997 499 4094 Supersunt
523 3999 560 4066 in
583 3996 801 4091 Antbologia
829 3994 1003 4068 Palatina
1025 3982 1219 4069 XXXIII.
1245 3994 1370 4070 Arcbiat

213 4118 483 4210 epigrammata,
516 4141 562 4184 es:
587 4117 711 4210 quibus
736 4117 884 4212 aliquod
906 4117 949 4188 de
976 4118 1047 4188 eius
1060 4117 1243 4217 facultate
1259 4116 1368 4216 poan
