2850 4759
186 315 221 363 Vl

190 518 192 522 ’
234 534 237 540 ,
286 498 371 567 Pro
396 494 437 564 A.
465 492 660 564 Caecina.
686 492 709 590 §
740 492 772 564 2.
799 495 856 563 sin
878 517 895 561 e
920 486 1288 563 consuetudin-t<
1312 503 1379 562 aut

188 615 281 696 Mem
307 614 421 712 possit
452 607 489 684 in
518 613 656 685 indicio.
713 620 771 683 Me
797 612 909 685 invito
935 610 1084 707 volgaris
1110 609 1200 682 ordo
1226 610 1263 679 in
1289 634 1378 681 oon-

190 755 288 807 textu
312 732 486 808 remansit.
514 776 565 793 -
595 732 717 831 541
744 745 861 804 tamen
888 733 934 803 ab
962 758 1007 802 se.
1036 773 1088 789 -
1112 734 1135 832 §
1160 730 1195 803 6.
1224 731 1382 827 onqnc'si·

188 858 287 929 nisse.
315 898 367 914 -
391 859 414 957 §
434 857 468 926 7.
491 866 530 925 at
553 853 596 924 de
624 853 746 924 eodem
771 851 859 938 hoc,
895 853 989 949 ‹pcin
1041 856 1211 934 Praestat,
1238 849 1380 947 opinor,

189 996 308 1048 nostra
331 974 438 1045 lectio
459 972 609 1070 propior
629 971 775 1043 lectioni
795 970 890 1043 eod..
902 973 973 1044 Erf.
993 991 1030 1041 et
1046 969 1237 1068 scripturae
1254 969 1381 1039 Palim-

189 1095 314 1192 psesti,
357 1092 456 1163 cuius
483 1091 643 1163 librarius
672 1091 792 1162 dedita
820 1117 929 1189 opera
961 1116 1118 1162 errorem
1144 1089 1304 1184 correxit.
1330 1130 1382 1146 -

190 1218 241 1284 lb.
263 1240 352 1298 nno,
377 1214 413 1283 si
434 1211 482 1282 id.
533 1217 612 1281 Non
628 1211 807 1309 perspexit
824 1210 1039 1306 glossematis
1056 1208 1227 1305 originem
1241 1235 1261 1280 a
1277 1206 1381 1279 nobis

186 1331 376 1403 detectam.
388 1371 439 1388 -
450 1329 540 1402 lbid.
550 1331 714 1402 delictum
723 1331 868 1424 gravius
878 1356 976 1401 error
985 1349 1059 1427 typ.
1070 1355 1137 1427 pro
1151 1329 1185 1399 d.
1195 1328 1382 1398 maios.-

191 1453 269 1554 58.
295 1451 364 1522 Ex
376 1452 492 1555 sacto.
511 1490 562 1509 ·-
585 1450 717 1520 lentore.
740 1491 791 1508 -
813 1453 836 1551 §
862 1450 917 1519 11.
936 1449 1179 1551 difficillnmis.
1197 1489 1249 1505 -
1271 1451 1294 1549 §
1323 1449 1380 1517 17.

193 1570 380 1642 mercedem
395 1570 475 1643 esse.
491 1616 540 1633 -
556 1572 606 1639 Ib.
623 1582 819 1665 susceperat
834 1569 935 1664 gloss.
951 1594 1037 1666 pro:
1065 1579 1207 1664 ceperat.
1220 1609 1272 1623 -
1285 1569 1310 1666 5
1323 1565 1380 1636 19.

192 1691 217 1743 1
227 1689 551 1789 inqrcit,einssnndi.
584 1688 642 1759 Sic
656 1689 911 1759 restituendum
929 1688 966 1758 in
981 1687 1048 1756 hac
1064 1686 1129 1758 Ed.
1148 1712 1230 1785 pro:
1257 1685 1381 1782 inquit,

146 1849 155 1864 ·
182 1810 400 1911 snndi.-§
413 1810 471 1882 20.
487 1807 674 1905 *experiri
688 1821 814 1880 tomen.
855 1808 911 1880 De
924 1807 1065 1879 castello
1077 1808 1148 1878 Erf.
1167 1805 1380 1905 Optime.-

193 1930 291 2027 525.
309 1930 502 2001 sublevavit
526 1929 671 2013 ibidem,
698 1927 815 1998 sedin
835 1929 943 1999 Praef.
970 1928 1121 2025 praefert
1140 1926 1306 1997 sublevat.
1328 1968 1379 1985 -

70 2110 71 2113 .
193 2051 218 2153 §
236 2046 293 2150 25.
314 2077 350 2120 se
365 2052 437 2147 ipse
442 2050 618 2150 facinoris
640 2060 765 2142 arguet.
815 2047 997 2119 Garatonii
1016 2046 1215 2117 emendatio
1232 2046 1381 2145 propius

195 2169 331 2266 aceedit
359 2169 401 2239 ad
427 2171 498 2241 Erf.
522 2169 769 2267 corruptelam.
791 2172 884 2270 -5
907 2166 1006 2239 27.1
1028 2167 1164 2237 molem
1185 2169 1381 2246 minoretur,

194 2287 261 2362 hoc
281 2302 349 2375 est,
387 2301 532 2361 mortem
550 2290 740 2361 minoretur
759 2290 829 2361 Est.
847 2333 898 2347 -
914 2285 1010 2391 529.
1035 2288 1152 2358 minas
1173 2288 1382 2360 condemna·

194 2423 277 2482 rent.
299 2453 350 2470 -
381 2412 482 2509 550.
519 2410 608 2506 qnid
640 2435 769 2480 consae
801 2419 944 2505 optaret.
1005 2413 1135 2477 Verum
1166 2427 1240 2477 non
1274 2406 1382 2501 magis

195 2530 363 2599 usitatum
387 2528 459 2598 hoc
486 2549 555 2613 est,
590 2542 712 2626 optore
736 2528 877 2624 aliquid
897 2551 1041 2612 consae,
1074 2549 1180 2622 quam
1204 2524 1382 2621 volgatum

196 2650 285 2748 qnid
307 2676 417 2720 conso
442 2660 587 2745 optaret.
638 2650 762 2723 Cicero
781 2647 956 2746 scripsisse
973 2647 1128 2719 videtur:
1156 2646 1246 2744 ‹pnid
1256 2671 1382 2717 consae

196 2757 432 2867 opitularetnr.
458 2811 509 2825 -
532 2772 556 2870 5
582 2771 639 2840 55.
666 2768 980 2840 animadvertenda
1003 2768 1173 2838 videntur.
1198 2809 1249 2826 -
1273 2770 1297 2868 5
1324 2768 1380 2855 54.

196 2903 234 2963 nt
259 2889 325 2960 hoc
346 2916 465 2986 genos.
481 2872 539 2946 -’
555 2890 580 2991 5
596 2885 653 2961 55.
678 2887 702 2939 1
732 2886 849 2988 Qnom
874 2890 936 2959 cto:
949 2931 1000 2945 —
1021 2888 1111 2984 qnid
1131 2886 1191 2959 od.
1207 2929 1259 2945 -
1281 2888 1380 2988 557,

195 3011 219 3063 1
235 3000 413 3086 Deiicitccr.
443 3009 607 3083 Omnino.
634 3009 729 3082 Iam.
747 3052 798 3066 —
814 3009 907 3110 559.
933 3010 957 3059 1
982 3021 1021 3079 nt
1046 3009 1184 3079 dc‘store.
1199 3052 1247 3067 -
1263 3033 1381 3077 oerum

197 3133 385 3230 adspicere.
399 3175 450 3189 -
465 3135 489 3233 5
506 3134 563 3222 40.
590 3130 657 3202 hoc
682 3142 732 3200 est
753 3130 985 3227 periculosum
1010 3129 1171 3227 Palimps.
1188 3169 1239 3186 -
1252 3126 1384 3197 1ἰΙΙαά

197 3264 247 3323 est
272 3254 510 3391 turpissimum
535 3252 605 3322 Ert.
640 3251 761 3346 sicque
787 3277 921 3349 repone
947 3249 984 3318 in
1009 3249 1076 3318 hac
1100 3247 1165 3317 Ed.
1191 3294 1241 3309 -.
1274 3250 1298 3348 5
1322 3249 1380 3337 41.

197 3371 447 3443 i‘soncinsm
461 3370 559 3469 541.
588 3371 777 3468 relinquent
802 3372 934 3443 Est...
950 3371 1047 3471 545.
1078 3367 1205 3469 Quid?
1227 3370 1262 3437 si
1273 3368 1320 3439 oi.
1334 3408 1382 3424 -

198 3492 296 3591 549.
313 3493 592 3574 controversiam.
603 3489 759 3589 -552,
777 3491 922 3570 hercnle
939 3486 1094 3592 -55.4
1115 3488 1382 3590 QUANDOQUE

199 3629 278 3686 ΤΕ.
287 3658 336 3670 -
300 3607 450 3714 555.
476 3613 563 3682 intel
560 3609 679 3705 legitis.
697 3656 748 3670 -
763 3614 821 3683 vel
818 3615 986 3685 irnns.-
1007 3607 1101 3711 557.
1124 3611 1382 3707 proposuerint,

199 3745 238 3805 nt
261 3735 333 3804 sive
357 3760 411 3805 rne
436 3744 474 3804 tn
499 3733 740 3804 deieceris-
689 3737 788 3835 -5
814 3732 871 3805 59.
899 3761 969 3804 non
995 3745 1034 3802 nt
1057 3733 1194 3802 ois-
1219 3733 1243 3831 5
1268 3730 1327 3801 60
1354 3740 1380 3799 te

200 3854 297 3926 dicis.
322 3893 374 3940 ς-
397 3854 422 3955 5
446 3854 506 3925 62.
533 3855 775 3927 indicarentur.
802 3900 850 3916 -
875 3857 899 3955 5
924 3854 982 3923 65.
1018 3854 1198 3949 pertineret
1221 3850 1379 3948 Palimps.

199 3976 267 4072 p'ro
289 3977 443 4072 pertinet.
492 3973 559 4045 Sed
585 3964 657 4046 hoo
670 3974 864 4044 *discrimen
882 3974 1046 4044 interesse
1063 3973 1220 4045 videtur:
1247 4025 1269 4057 „
1277 3969 1322 4046 V
1318 3970 1381 4051 im,

200 4094 236 4166 id
254 4115 323 4175 est,
341 4095 529 4175 notionem,
543 4121 631 4193 qccoe
645 4120 711 4192 per
726 4120 762 4165 se
780 4095 834 4166 od
844 4106 951 4191 capnt
962 4123 1005 4164 oc
1018 4097 1130 4170 vitam
1143 4094 1353 4192 pertinet:
1363 4099 1381 4132 “

79 4285 85 4293 ,
200 4218 302 4301 „vim
329 4214 401 4287 eius
426 4215 577 4311 generis,
603 4215 770 4310 quaeat
791 4228 897 4311 capnt
921 4242 964 4286 ac
988 4216 1101 4285 vitam
1123 4214 1380 4311 pertineret,
