2850 4759
111 368 119 379 ,
186 290 245 360 rso
661 270 899 358 emenonis

187 450 296 535 quod,
318 469 404 533 quae
424 447 608 519 iustissima
628 447 708 516 mibl
730 466 833 516 causa
854 445 897 515 ad
912 445 1005 514 hunc
1017 445 1267 514 defendendum
1289 455 1354 515 esse
1404 440 1406 559 l

148 554 261 626 2visa
287 564 358 630 est,
388 551 507 618 eadem
533 551 630 618 vobis
653 551 696 618 ad
717 548 963 618 absolvendum
985 547 1087 617 debet
1107 547 1227 616 videri.
1277 550 1353 617 Nam

187 675 243 722 me
262 675 342 721 cum
366 653 531 720 amicitiae
552 663 721 738 vetustas,
745 663 817 718 tum
840 649 986 732 dignitas
1005 651 1169 734 hominiS,
1192 663 1263 718 turn
1279 653 1353 718 ratio
1404 660 1406 689 l

186 755 424 835 humanitatis,
446 766 518 822 tum
540 775 635 821 meae
658 755 749 821 ritae
770 766 934 836 perpetuo
956 753 1171 820 consuetudo
1187 753 1231 819 ad
1248 755 1286 820 C.
1300 755 1354 820 Ra·
1405 812 1406 819 ,

185 858 309 925 birium
324 855 573 924 defendendum
590 868 643 924 est
657 856 858 926 adhortatae
882 868 1067 943 tumvero,
1096 855 1355 923 utidstudiosis·
1406 826 1407 913 l

184 959 271 1027 sime
292 959 461 1044 facerem,
482 955 574 1025 salus
596 959 645 1023 rei
666 957 838 1039 publicae,
861 959 1039 1024 consulare
1056 958 1226 1035 officium,
1246 978 1356 1023 consu·

184 1059 274 1129 latus
296 1058 439 1142 denique
459 1060 531 1142 ipse
553 1058 680 1136 mihi†
710 1082 776 1127 una
804 1059 980 1126 robisrum
1001 1079 1079 1125 oum
1103 1057 1215 1125 salute
1238 1061 1287 1124 rei
1305 1081 1356 1140 pu·
1406 1108 1407 1119 ,

164 1158 293 1260 ,ΒΙίοειε
320 1160 581 1231 commendatus
610 1161 734 1241 coegit.
775 1160 853 1228 Non
881 1160 969 1226 enirn
1001 1158 1039 1226 C.
1069 1159 1248 1226 Rabirium
1270 1157 1355 1241 culpa
1407 1212 1408 1249 q

185 1261 318 1346 delicti,
339 1261 547 1330 noninvidia
562 1263 765 1343 vitaeque..
781 1305 790 1325 .
804 1305 833 1340 .‚
848 1285 918 1329 non
939 1261 1082 1344 denique
1103 1273 1240 1329 veteres
1261 1263 1356 1341 iustae
1407 1322 1408 1331 ,

183 1386 374 1448 gravesque
395 1365 591 1432 inimicitiae
613 1365 742 1430 civium
753 1364 788 1430 in
803 1362 986 1431 discrimen
1001 1362 1120 1445 capitis
1135 1374 1357 1440 vocaverunt3
1406 1395 1408 1449 9

184 1468 246 1536 sed
274 1479 313 1533 ut
340 1466 423 1533 illud
451 1487 625 1533 summum
659 1465 823 1531 auxilium
859 1465 1046 1531 maiestatis
1079 1476 1182 1545 stqne
1213 1464 1357 1546 imperii,
1407 1460 1408 1493 ³

184 1566 277 1653 quod
297 1569 394 1636 nobis
416 1589 435 1635 a
458 1569 642 1635 maioribus
664 1578 718 1633 est
740 1565 901 1632 traditum
909 1613 921 1651 ‚
950 1564 992 1632 de
1013 1564 1206 1648 republica
1230 1565 1358 1632 tollere·

185 1681 260 1750 tur3
296 1682 334 1737 ut
362 1668 443 1739 nibil
473 1667 618 1751 posthac
653 1660 839 1737 auctoritas
875 1679 1034 1747 senatus,
1074 1665 1156 1734 nihil
1187 1668 1358 1735 consulare

182 1771 390 1855 imperium„
418 1768 501 1837 nihil
528 1770 707 1838 consensio
736 1770 905 1837 bonorum
934 1781 1055 1839 contra
1075 1780 1207 1851 pestem
1232 1790 1273 1835 ac
1292 1790 1358 1850 per·
1408 1795 1409 1809 2

182 1874 306 1940 niciem
328 1871 475 1938 civitatis
497 1869 645 1949 valeret,
668 1870 796 1938 idcirco
823 1872 854 1936 in
877 1870 928 1938 bis
944 1871 1045 1937 nebus
1060 1870 1254 1938 evertendis
1270 1872 1357 1937 nnius
1408 1862 1409 1929 ζ

116 2047 118 2051 ,
145 1972 332 2045 dhominis
359 1984 518 2040 senectus
539 1972 717 2038 infirmitas
739 1970 957 2054 solitudoque
979 1981 1106 2037 tentata
1129 1983 1193 2038 est.
1239 1971 1359 2060 Quam·
1408 1984 1411 2127 Ι

185 2077 318 2151 obrem,
338 2075 367 2143 si
389 2086 441 2143 est
460 2074 540 2142 boni
562 2073 733 2154 consulis,
756 2094 835 2140 cum
858 2085 982 2141 cuncta
1002 2071 1127 2138 auxilia
1149 2072 1359 2155 reipublicae
1409 2146 1410 2151 ἵ

184 2176 383 2247 labefactari
403 2174 616 2258 convellique
637 2175 769 2254 videat,
801 2175 893 2241 lerre
922 2196 1021 2256 opem
1049 2174 1198 2258 patriae,
1230 2195 1359 2241 succur·
1409 2164 1410 2239 ᾖ

183 2300 262 2348 rete
282 2278 383 2347 saluti
405 2278 618 2359 fortunisque
634 2277 891 2352 communibus,
912 2274 1096 2357 implorare
1110 2276 1238 2342 civium
1254 2275 1359 2351 fidem,
1409 2270 1410 2345 l

184 2401 283 2449 suam
304 2377 450 2447 salntem
472 2379 700 2461 posteriorem
716 2377 826 2446 salute
843 2377 1015 2444 communi
1031 2375 1174 2453 ducere,
1198 2389 1252 2443 est
1266 2378 1359 2443 etiam
1409 2364 1410 2369 ¹

185 2482 354 2549 bonorum
377 2492 412 2546 et
431 2481 573 2546 lortium
596 2479 740 2564 civium,
762 2479 878 2562 quales
900 2500 961 2546 vos
977 2480 1134 2545 omnibns
1151 2478 1360 2560 reipublicae
1410 2550 1411 2557 ἵ

186 2582 399 2663 temporibus
429 2581 610 2657 extitistis,
649 2579 877 2647 intercludere
901 2602 1019 2648 omnes
1047 2580 1256 2648 seditionum
1279 2581 1360 2656 vias,
1410 2584 1411 2653 l

185 2683 320 2751 munire
340 2681 510 2764 praesidia
531 2683 579 2749 rei
600 2681 772 2767 publicae,
795 2704 969 2753 summum
990 2684 1024 2753 in
1045 2682 1246 2750 consulibus
1262 2683 1360 2763 impe·
1410 2674 1411 2721 t

186 2784 296 2861 rium,
324 2802 496 2853 summum
518 2785 554 2851 in
574 2795 694 2852 senatu
717 2783 897 2859 consilinm
919 2797 1058 2866 putare3
1090 2805 1129 2851 ea
1151 2786 1358 2867 quisecutus

186 2887 248 2965 sit,
270 2884 371 2953 laude
390 2887 504 2969 potius
526 2886 712 2953 ethonore
734 2906 835 2968 quam
854 2904 968 2968 poena
989 2898 1024 2953 et
1043 2885 1210 2970 supplicio
1226 2886 1359 2966 dignum
1410 2884 1411 2921 ³

186 3139 297 3188 narratio
317 3145 433 3187 occurrite
454 3146 479 3186 et
497 3138 592 3199 dngnla
610 3151 723 3201 quaeque
740 3138 862 3200 attingens
877 3154 923 3200 por
945 3155 973 3187 se
992 3140 1047 3200 ipse
1064 3143 1231 3198 ἀποθεῖναι,
1261 3141 1360 3200 optino·

186 3230 300 3270 unctores
319 3230 414 3269 mensos
438 3228 483 3272 est.
983 3238 986 3245 “
1027 3258 1029 3263 ·

254 3304 266 3367 l
285 3307 310 3351 2.
337 3303 453 3365 dignitas]
476 3305 540 3351 Erat
557 3304 611 3351 soll.
627 3312 728 3352 senator
744 3304 873 3359 Rabirius,
890 3308 957 3368 quod
973 3321 1027 3354 con
1042 3307 1092 3353 nto
1107 3313 1132 3354 et
1149 3308 1264 3356 Aureliis
1283 3311 1359 3357 Victor

186 3402 208 3434 e.
229 3389 270 3433 78.
288 3390 400 3446 tradem,
417 3402 467 3435 non
484 3388 571 3444 rideo,
589 3401 633 3434 eor
649 3390 745 3448 negarit
761 3390 886 3438 Ferrarius
899 3390 965 3449 Epp.
982 3406 1008 3450 p.
1020 3392 1079 3437 824.
1116 3393 1193 3438 Recte
1209 3393 1275 3438 enlm
1289 3393 1360 3438 Gere-

185 3470 267 3517 tonins
283 3472 315 3517 od
338 3485 359 3517 o.
381 3472 405 3517 5.
428 3468 566 3528 explicarit
585 3472 809 3530 multopere
824 3472 870 3519 Ro.
905 3504 921 3528 ,‚
930 3474 1059 3530 Fortasse,
1076 3474 1167 3534 lnquit,
1187 3475 1237 3522 boe
1257 3482 1360 3535 tempore

185 3561 286 3601 senator
309 3560 386 3613 erat„
409 3555 476 3614 quod
497 3552 593 3599 videto:
613 3552 667 3611 ipse
684 3552 778 3598 Tullius
803 3555 953 3613 signlliepre,
978 3570 1033 3603 oon
1056 3557 1139 3604 Mario
1161 3557 1206 3603 vt.
1230 3565 1257 3605 et
1276 3559 1359 3604 Flacco

185 3651 249 3684 coss.
264 3652 288 3683 e.
305 3651 331 3682 e.
348 3650 370 3681 c.
386 3634 445 3680 654.
466 3649 541 3695 eques
563 3639 657 3679 romum
677 3636 804 3682 Romanus
822 3640 914 3683 θεων
928 3660 964 3675 -
982 3642 1042 3684 nitet
1061 3653 1106 3684 eno
1126 3640 1245 3685 misum
1266 3655 1316 3686 m
1332 3636 1359 3697 u]

185 3721 266 3765 Locos
286 3718 373 3765 leviter
396 3723 525 3776 corruptus
545 3716 580 3762 sic
599 3717 773 3765 restituendum
800 3722 859 3764 mttr'
880 3734 925 3765 sno
948 3736 964 3765 a
984 3723 1051 3767 votis
1072 3737 1124 3767 eom
1141 3724 1231 3780 utute,
1258 3725 1311 3777 vet,
1339 3727 1361 3767 ot

184 3801 300 3849 Ernestio
323 3800 413 3846 risurus
439 3802 497 3844 mitt
517 3814 531 3845 o
557 3799 623 3845 colia
647 3813 692 3845 ono
712 3815 764 3847 eom
782 3815 801 3847 s.
816 3825 847 3838 -
860 3805 920 3848 mibi
937 3805 978 3848 unt
999 3819 1015 3850 o
1030 3806 1112 3860 voco,
1138 3810 1170 3851 'ot
1187 3805 1264 3852 babet
1282 3808 1361 3852 lemn

184 3883 369 3939 Monadorum,
391 3881 473 3927 dicero
490 3895 540 3928 non
556 3888 657 3942 poterat
675 3883 780 3942 Cicero,
807 3898 867 3931 <crim
883 3893 946 3932 esset
965 3887 1029 3933 alter
1043 3889 1129 3933 consul
1147 3888 1176 3934 G.
1195 3888 1362 3935 Antonios.-

185 3967 275 4014 r‘nrldr'o
298 3962 546 4025 oimeqoe....non]
573 3965 612 4012 Sic
637 3966 733 4028 cond,
765 3967 839 4014 etiem
863 3968 895 4014 A.
940 3969 969 4014 In
999 3967 1140 4014 runcino
1159 3974 1243 4016 tamen
1266 3972 1360 4029 volgare

186 4052 259 4095 extet
281 4048 371 4093 invidio
388 4048 464 4101 etue,
491 4060 554 4094 noos
572 4051 638 4109 quod
655 4055 737 4096 temen
757 4064 860 4106 vereor,
888 4057 916 4096 nt
933 4051 1072 4097 Tullianum
1084 4051 1125 4097 sit.
1161 4052 1253 4098 Veron
1269 4066 1311 4109 qu
1326 4064 1359 4095 ar·

186 4135 239 4196 golt
256 4134 377 4181 excidisse
394 4133 540 4181 vocabulum
557 4134 672 4195 ollqnod,
698 4131 729 4181 ιε’
745 4136 884 4194 suppletum
907 4142 943 4181 est
960 4135 985 4181 lo
1005 4134 1102 4180 Aldina¹
1115 4136 1220 4193 oleaeque
1240 4134 1357 4192 turpitudo.

187 4218 274 4265 Malim
291 4218 395 4275 vitaeque
412 4215 524 4274 offensio,
550 4219 618 4277 qnod
632 4230 689 4264 voc.
710 4217 770 4262 olibi
787 4230 841 4263 oum
858 4232 882 4265 v.
900 4219 989 4262 nomn
1003 4216 1081 4276 iungit
1095 4217 1193 4263 Cleero.
1211 4240 1242 4259 -
1257 4224 1356 4262 mm

186 4297 312 4361 eretum]
330 4300 423 4346 Caesar
440 4299 471 4347 Β.
487 4300 516 4347 c.
534 4298 563 4358 l,
583 4298 624 4346 b:
641 4300 783 4344 Decurrr'tor
800 4300 832 4344 art
853 4300 919 4346 ἔπεα*
929 4304 1058 4347 Μνωιωι
1074 4305 1143 4360 etque
1158 4301 1265 4347 stum
1281 4301 1303 4346 S·
1322 4297 1355 4348 o,
