2850 4759
304 291 475 363 ORATIO
500 290 755 365 PHILIPPICA
778 297 827 375 1.,
850 316 882 365 c.
905 298 935 364 6.
1154 298 1215 365 863

29 448 198 534 publicam
218 450 489 527 inducerentur?
509 465 549 525 ut
562 452 829 522 decernerentur
843 453 1109 538 supplicationes
1123 454 1225 527 mor·'

29 554 109 622 tuo?
145 545 255 622 ΝΞΙιῑἸ1
270 554 366 632 dico,
389 555 459 622 cni.
502 555 618 629 Puerit
642 556 698 622 illc
720 556 865 637 Brutus,
888 559 944 641 qui
964 571 999 625 et
1017 559 1218 642 ipsedomi-

29 669 102 724 natu
129 658 235 738 regio
263 656 531 740 rempublicam
565 659 722 729 liberavit
753 662 788 727 dt
814 658 857 727 ad
881 659 1034 729 similem.
1054 663 1217 732 virtutem

29 772 56 828 et
74 760 193 828 simile
218 761 351 828 factum
375 761 517 844 stirpem
547 764 613 830 iarn
640 783 748 845 prope
766 763 804 830 iu
823 763 1134 846 quingentesimum
1156 785 1217 832 un-

29 886 102 930 num
132 854 365 946 propagavit:
388 863 512 932 adduci
539 877 744 933 tamennon
767 885 925 948 possem,
946 877 985 932 ut
1009 887 1216 950 quemquam

29 978 205 1053 mortuum
224 967 471 1046 coniungerem
489 989 567 1035 cum
585 966 830 1036 immortalium
848 966 1032 1048 religione3
1053 980 1103 1046 ut,
1118 968 1216 1037 cuius

29 1066 227 1150 sepulcrum
256 1090 402 1153 usquam
429 1082 559 1149 exstet,
590 1072 647 1138 ubi
672 1082 890 1156 poreutetur,
921 1071 952 1138 ei
975 1068 1112 1153 publice
1134 1090 1217 1153 sop-

29 1172 182 1252 plicetur.
227 1170 302 1252 Ego
322 1188 413 1238 ¹vero
441 1192 517 1241 eam
540 1173 749 1242 ,serrtentiam
777 1171 960 1252 dixissem,
989 1176 1113 1240 Patres
1134 1192 1217 1240 con·

29 1273 161 1354 scripti,
182 1285 237 1345 ,ut
265 1294 320 1340 mc
350 1275 516 1343 aduersus
545 1273 711 1367 populum
739 1275 950 1360 Romanum,
984 1275 1014 1342 si
1042 1280 1100 1358 qui
1128 1275 1217 1343 acc-i-

29 1373 136 1445 dissetx
151 1375 297 1457 gravior
323 1379 372 1443 rei
395 1377 552 1459 publicae
572 1398 691 1462 casus,
720 1376 749 1444 si
770 1374 918 1454 bellum,
947 1377 977 1444 si
1001 1376 1216 1452 mor·bus‚si

29 1476 148 1558 larncs,
172 1477 278 1545 tacite
299 1499 438 1561 possem
457 1476 658 1555 defenderim
680 1499 767 1562 quae
788 1479 913 1561 partim
933 1479 1000 1546 iarn
1017 1491 1117 1558 sunt,
1138 1501 1216 1562 par·

29 1580 83 1646 tim
108 1581 219 1651 timeo
243 1602 294 1651 ‚ne
324 1580 554 1663 impendeant.
592 1579 661 1655 Sed
692 1579 759 1648 lroc
785 1581 967 1662 ignoscant
997 1580 1042 1648 dii
1073 1583 1217 1651 immor-

29 1679 106 1748 tales
133 1681 240 1749 velim
267 1694 301 1749 et
321 1682 450 1766 populo
472 1684 650 1759 Romano,
673 1684 730 1766 qui
756 1682 789 1750 id
817 1706 887 1751 non
912 1686 1056 1767 probat,
1077 1696 1113 1752 et
1137 1684 1216 1752 huic

30 1783 153 1873 ordini,
177 1787 239 1869 qui
261 1783 415 1853 decrevit
438 1785 576 1853 invitus.
619 1785 740 1876 Quid?
764 1784 807 1851 de
831 1783 969 1869 reliquis
994 1786 1042 1852 rei
1061 1786 1216 1869 publicae
1238 1780 1277 1845 14

30 1885 120 1961 molis
144 1886 274 1957 licetne
296 1887 440 1955 dicere?
478 1885 567 1955 Mihi
594 1910 675 1956 vcro
700 1887 781 1955 licet
807 1900 843 1954 et
866 1909 1003 1970 semper
1024 1886 1139 1955 licebit
1166 1888 1217 1956 di-

31 1989 186 2065 gnitatem
206 1989 311 2067 tueri,
335 2001 483 2059 mortem
499 2001 735 2058 contemnere.
768 1994 929 2058 Potestas
941 1988 1216 2059 modoveuieudi

31 2088 61 2163 itt
82 2090 172 2159 hunc
197 2092 316 2160 locum
339 2094 401 2159 sit:
434 2091 568 2158 dicendi
595 2089 788 2173 periculum
814 2114 884 2157 non
911 2110 1048 2161 recuso.
1102 2094 1216 2176 Atque

33 2193 171 2275 utimm,
195 2199 320 2263 Patres
340 2194 543 2277 conscripti,
565 2189 731 2260 Kalendis
743 2192 928 2265 senilibus
948 2191 1068 2263 adesse
1084 2196 1217 2276 potuis·

34 2295 127 2370 serrrl
148 2299 231 2366 Non
257 2321 324 2382 quo
348 2298 470 2381 profici
495 2295 647 2380 potnerit
665 2294 806 2377 aliquid:
841 2294 901 2360 sed
930 2314 973 2361 nc
998 2318 1085 2364 unus
1108 2295 1213 2365 modo

36 2397 237 2480 consularis,
259 2400 355 2484 quod
377 2412 450 2469 tum
472 2397 612 2477 accidit,
636 2398 760 2477 diguus
777 2396 835 2463 illo
856 2394 1010 2474 honore,
1033 2396 1155 2476 dignus
1176 2418 1214 2463 rc

37 2499 159 2578 publica
191 2504 415 2570 inveniretur.
435 2502 440 2511 ’
460 2503 539 2592 Qua
573 2502 708 2586 quidem
739 2523 785 2566 ex
814 2521 851 2566 re
886 2521 1051 2578 tirannum
1082 2499 1214 2580 accipio

36 2598 181 2675 dolorem
203 2606 363 2675 homines
382 2603 600 2688 amplissimis
621 2602 737 2687 populi
758 2603 904 2671 Romani
927 2601 1099 2668 beneficiis
1118 2621 1214 2680 usos,

40 2701 70 2768 t.
88 2708 246 2777 Pisonem
273 2706 395 2775 ducem
423 2709 572 2788 optimae
598 2706 788 2775 sententiae
813 2729 882 2772 non
911 2714 1059 2772 secutos.
1107 2701 1215 2773 Idcir-

37 2825 115 2874 roue
142 2834 207 2879 tros
235 2810 383 2894 populus
411 2812 586 2879 Ronmnus
611 2806 770 2876 consules
798 2808 900 2883 lecit,
932 2818 971 2873 ut
992 2807 1026 2872 in
1047 2805 1214 2883 altissimo

41 2910 329 2994 eradndignimris
350 2912 469 2997 locati,
492 2910 755 2993 rempublicam
772 2932 835 2992 pro
856 2905 961 2974 nihilo
980 2906 1214 2973 haberemus?

36 3007 109 3083 Non
134 3017 241 3085 modo
269 3032 353 3083 voce
380 3036 482 3082 nemo
508 3015 544 3081 t.
570 3015 690 3085 Pisoni
717 3009 926 3091 consularis,
962 3008 1023 3078 scd
1049 3030 1092 3074 nc
1119 3006 1214 3074 voltu

38 3146 225 3186 .——---·
440 3144 443 3147 ,

43 3235 137 3294 tonsor,
160 3240 216 3288 fore
236 3232 306 3292 dreit,
326 3236 367 3283 ubi
391 3236 460 3282 simul
477 3237 620 3294 perentetnr
640 3239 753 3290 mortno,
779 3232 824 3280 diis
846 3232 990 3280 caelestibus
1005 3229 1165 3291 supplitetur.
1180 3252 1216 3265 -

44 3314 77 3358 nn
90 3320 182 3385 Brutus]
202 3323 261 3369 Vnt.
281 3322 322 3367 itte
338 3322 368 3367 1..
383 3321 475 3365 Brutus
504 3318 535 3364 0.
553 3342 586 3369 -,-
608 3317 717 3377 rtr‘rpem]
745 3317 860 3376 Volgorlo
883 3318 945 3363 lroec
971 3323 1024 3362 eret
1045 3316 1126 3370 foma,
1155 3314 1215 3360 nesle

44 3401 113 3448 [tmen
135 3406 241 3459 refutate
265 3420 282 3451 ι
305 3402 427 3463 choyeio
449 3401 532 3447 Helie.
552 3401 580 3458 5,
602 3402 641 3446 ts.
666 3401 723 3448 Scit.
749 3402 776 3447 1..
803 3400 886 3446 Iunius
909 3398 1000 3455 ,Brutus
1020 3398 1138 3459 patrimus
1161 3397 1215 3453 fnit,

38 3475 124 3537 'plebeii
140 3487 209 3536 Bruti
227 3489 258 3544 ii,
276 3503 293 3534 n
309 3488 395 3549 quibus
405 3499 492 3546 ,genus
508 3484 612 3530 ducebat
626 3477 640 3532 ὃ
658 3478 864 3550 τυραννοκτόνος.
885 3484 937 3529 cn.
956 3483 1120 3542 Voegelinum
1136 3495 1215 3527 meum
1275 3509 1279 3513 -

46 3566 72 3609 ad
89 3568 149 3618 Plut.
169 3574 204 3620 Ill.
226 3572 296 3619 Brut.
318 3588 343 3631 p.
366 3572 392 3617 5.
413 3594 449 3607 -·
473 3570 690 3628 qur'ngentosinrnm]
718 3569 749 3614 ab
776 3582 800 3613 e.
819 3582 842 3613 ιι.
860 3581 882 3614 c.
902 3567 961 3627 245.
983 3569 1015 3613 nd
1033 3567 1092 3612 tto.
1111 3565 1215 3625 proprio
1297 3586 1305 3605 ι

40 3651 93 3696 'ami
108 3664 159 3703 sont
178 3657 237 3704 tos.
253 3681 286 3694 -
302 3670 397 3715 nsquam
415 3650 492 3713 estet]
512 3653 588 3699 Recte
608 3653 671 3699 hene
684 3652 763 3698 Codd.
781 3651 872 3697 Goion.
887 3648 960 3696 Bern.
973 3651 1029 3695 lect.
1045 3650 1215 3709 praetulerunt

46 3727 94 3780 Em·
119 3746 142 3785 et
167 3740 277 3805 Madmg.
304 3740 396 3799 Opusc.
425 3739 497 3786 need.
524 3752 550 3796 p.
568 3733 629 3781 202.
662 3735 720 3782 Hoc
746 3735 819 3782 dicit:
853 3740 1011 3791 „mortuum,
1036 3733 1104 3779 culus
1133 3731 1215 3792 sepul-

48 3826 102 3864 crum
114 3821 189 3882 ipsum
208 3830 310 3872 testatur
329 3838 384 3869 eum
402 3822 545 3878 mortalem,
565 3835 614 3866 non
636 3821 706 3865 deum
724 3819 811 3876 fuisse,
830 3833 952 3880 nunquam
970 3817 1082 3878 equidem
1098 3829 1146 3875 pro
1165 3817 1214 3861 deo

49 3900 145 3950 tolum-‘⁶
178 3910 259 3956 Vntic.
281 3921 391 3968 nmquam
409 3913 487 3952 totum
505 3905 529 3950 h.
547 3906 564 3951 I.
581 3903 727 3951 sententiam
747 3903 878 3948 manifesto
894 3902 1021 3961 pervertit.
1056 3898 1214 3945 Contrarium

48 3991 173 4039 sententium
192 3993 269 4040 hebes
288 3994 356 4052 apud
376 3988 531 4049 Euripidem,
559 3983 727 4041 moestos&
746 3982 809 4048 μηδὲ
828 3978 919 4050 νεκρῶν
935 3972 969 4038 ὧς
988 3982 1124 4046 φθιμένων
1137 3974 1214 4042 χῶμιι

48 4068 173 4130 *tritono
205 4072 308 4142 Τῠμβος
331 4071 378 4131 ode
392 4067 513 4134 ἀλόχου,
546 4074 633 4139 deoida
660 4069 683 4120 δ’
704 4061 799 4134 ὁμοίοις
818 4062 956 4132 τιμάσθω,
994 4067 1068 4129 σέβας
1087 4053 1213 4125 ἐμπόρων.

105 4179 116 4239 l
135 4184 169 4230 ll.
193 4180 319 4243 eunome]
338 4182 380 4228 SIc
393 4181 474 4227 Velie.
492 4195 507 4226 ι
526 4193 563 4239 pr.
576 4193 608 4224 m.
627 4177 699 4224 Rern.
718 4178 799 4223 Guelf.
817 4178 933 4221 altrorr'mo
950 4172 1139 4228 amplissimoque
1156 4169 1215 4233 Yet.

52 4262 105 4305 ιω»
119 4280 163 4314 tec.
181 4269 306 4328 mmorg.
326 4267 357 4313 0.
394 4266 481 4312 Ortum
505 4265 601 4312 ridetur
626 4264 664 4309 vel
687 4277 712 4309 e*
726 4260 896 4327 drmoypaqlq
919 4258 960 4307 vel
983 4249 1168 4311 cxsuperIore
1190 4266 1214 4298 v·

51 4346 189 4400 tormonte.

858 4445 896 4506 ts
