2850 4759
182 250 242 315 tta
656 236 891 308 CICERONIS

183 415 218 472 et
244 402 357 471 locum
391 400 580 468 consecuti.
638 397 758 464 Brevis
783 417 803 464 a
825 407 947 461 namra
970 395 1069 462 nobis
1095 396 1167 460 vita
1193 393 1294 461 data
1321 407 1387 462 est:

182 517 217 573 at
232 505 394 571 interioria
408 503 493 569 bene
510 500 661 566 redditae
678 499 768 565 vitae
785 492 1002 578 sempiterna.
1026 497 1123 586 Quae
1143 499 1173 564 si
1193 518 1280 563 nou
1298 508 1388 562 essct

181 604 316 686 longior
353 625 453 689 qtram
484 602 677 678 decorita,
706 600 781 682 quis
803 610 893 666 esset
917 610 983 664 tam
1011 619 1148 675 auriens,
1179 600 1246 680 qui
1278 599 1387 663 maxi·

181 709 246 774 uris
274 704 445 772 laboribus
471 715 506 769 et
533 699 691 784 perleulis
722 699 765 766 ad
792 721 963 767 summam
991 698 1125 764 latidem
1151 698 1383 780 gloriamque

122 819 161 881 33
181 805 428 875 contundet-eia
469 804 723 884 Actum'igitm·
747 800 1138 882 praeclarevobiseum,
1172 801 1382 875 fortissimi,

181 909 263 975 dum
292 907 446 982 vixistis,
484 926 575 971 nunc
607 925 689 971 vero
724 904 826 970 etiam
852 905 1057 971 sanctissimi
1088 903 1247 988 milites,
1293 902 1383 987 quod

181 1022 295 1078 vestra
316 1012 424 1075 virtus
448 1026 513 1074 nec
536 1007 705 1074 oblivione
726 1026 864 1082 eorum,
887 1005 944 1087 qui
968 1026 1059 1071 niuno
1078 1017 1181 1084 sunt,
1205 1027 1285 1071 nee
1304 1006 1383 1071 reti·

181 1115 291 1177 ceratia
312 1121 528 1193 posterorum
553 1105 720 1189 insepulta
742 1126 816 1175 esse
835 1107 979 1188 poterit,
1002 1127 1080 1173 eum
1102 1108 1215 1177 vobis¹
1229 1109 1382 1175 immor-

181 1212 249 1279 tale
274 1223 533 1279 mouumentum
562 1209 633 1277 suis
660 1229 767 1290 paene
799 1208 953 1275 riiauibus
981 1218 1119 1274 senatus
1149 1207 1381 1290 populusque

180 1314 355 1381 Bourauus
375 1313 599 1380 exstruxerit.
638 1308 742 1376 Multi
760 1330 861 1392 saepe
878 1309 1050 1377 exercitus
1069 1310 1212 1375 Punicis
1232 1309 1379 1375 Gallicis
1419 1326 1420 1417 t

179 1412 307 1484 Italicis
334 1412 429 1480 bellis
454 1412 537 1479 clari
565 1424 599 1479 et
630 1411 745 1491 ruagui
771 1411 932 1489 fuerunt3
965 1429 1028 1476 nee
1054 1422 1169 1475 tanuen
1195 1409 1285 1478 ullis
1315 1409 1382 1475 tale
1419 1420 1420 1435 ¹

180 1534 289 1595 genias
317 1512 456 1581 lionoris
486 1514 648 1579 tributum
679 1523 742 1580 est.
795 1514 907 1594 Atque
930 1511 1059 1576 utinam
1087 1511 1226 1576 rnaiora
1256 1531 1379 1593 posse·

180 1633 276 1697 arrius,
299 1611 569 1695 quuindoquidem
586 1614 711 1679 avobis
728 1613 877 1681 maxima
890 1610 1100 1692 accepimus!
1135 1611 1209 1699 Vos
1228 1615 1277 1678 ab
1293 1613 1379 1678 urbe
1419 1612 1420 1695 l

179 1715 352 1780 furentem
370 1714 557 1779 Antonium
579 1708 773 1793 avertistisss
802 1724 866 1782 vos‘
887 1713 999 1783 redire
1019 1712 1217 1779 molientem
1249 1736 1376 1796 reppn·

180 1814 279 1881 listis.
320 1813 396 1880 Erit
411 1813 514 1893 igitur
529 1827 706 1883 exstructa
725 1813 833 1884 moles
853 1835 956 1898 opere
972 1816 1154 1894 magnifico
1171 1816 1373 1896 incisaeque
1419 1826 1420 1907 t

179 1915 331 1994 litterae,
354 1914 487 1981 divinae
511 1916 644 1984 virtutis
671 1928 775 1983 testes
793 1918 1038 1998 sempiternam
1057 1936 1314 1998 nunquamque
1333 1913 1372 1980 de
1419 1916 1420 1993 l

179 2018 277 2087 votis
302 2038 440 2092 eorum,
476 2018 534 2099 qui
564 2029 623 2084 aut
647 2016 810 2083 videbunt
833 2029 981 2084 vestrum
1011 2028 1286 2083 tunoriumentum
1317 2027 1374 2081 aut
1419 1996 1420 2033 ¹

180 2118 335 2194 audient,
356 2118 569 2199 gratissimus
589 2140 703 2191 sermo
723 2119 942 2188 coutieescet.
983 2118 1034 2186 lta
1048 2139 1112 2199 pro
1131 2116 1280 2184 mortali
1292 2138 1371 2191 cou-

180 2219 312 2288 dicione
339 2221 426 2286 vitae
449 2218 740 2286 immortalitatem
766 2220 847 2286 estis
869 2219 1055 2285 consecuti.
1106 2291 1109 2295 ,

120 2327 159 2390 st
258 2325 356 2389 Xlll.
399 2319 667 2403 sedquoniam,
701 2322 818 2386 Patres
847 2321 1052 2401 conscripti,
1083 2317 1217 2399 gloriae
1245 2340 1373 2386 tutinus

139 2458 141 2461 ·
180 2424 316 2504 optimis
342 2433 375 2487 et
397 2422 593 2489 fortissimis
614 2422 747 2488 civibus
762 2422 975 2488 mmuuueuti
995 2420 1124 2487 honore
1143 2421 1375 2504 persolvitur,

180 2522 400 2590 consolemur
426 2543 546 2588 eorum
575 2525 771 2605 proximos,
807 2525 927 2604 quibus
955 2524 1084 2604 optima
1107 2534 1159 2589 est
1183 2522 1278 2588 haee
1302 2523 1374 2604 qui-

181 2625 258 2689 dem
286 2621 495 2689 consolatio:
532 2625 746 2706 parentibus,
783 2615 872 2707 quod
900 2636 991 2691 tama
1016 2612 1247 2705 reipublicae
1276 2644 1375 2706 prae.-

181 2723 265 2793 sidia
287 2737 498 2803 pessumarum
526 2724 660 2803 liberis,
688 2725 777 2808 quod
802 2725 971 2791 habebunt
995 2724 1183 2792 domestica
1205 2724 1374 2807 exempla

180 2827 334 2903 virtutis3
349 2828 582 2904 coniugibus,
618 2826 708 2908 quod
733 2827 771 2892 iis
796 2827 876 2893 viris
903 2828 1093 2905 carebunt,
1112 2848 1197 2907 quos
1221 2824 1374 2893 laudare

180 2948 280 3011 quiam
302 2927 417 3008 lugere
437 2929 639 3017 praestabit3
666 2921 846 3004 fratribus,
863 2928 959 3008 quod
982 2929 1014 2994 iu
1042 2949 1078 2994 se
1100 2930 1139 2993 ut'
1160 2949 1373 3010 corporum,

179 3031 229 3098 sic
251 3031 413 3096 virtutum
436 3026 688 3097 similitudinem
708 3049 783 3095 csse
805 3030 985 3099 confident.
1026 3032 1138 3111 Atque
1157 3032 1298 3096 utinam
1323 3031 1372 3096 his

181 3134 337 3199 omuibus
360 3132 555 3210 abstergere
572 3130 689 3195 fletum
705 3131 880 3196 sententiis
896 3131 1021 3196 uostris
1038 3129 1278 3210 consultisque
1294 3151 1372 3213 pos

180 3255 295 3313 semus
327 3232 380 3298 rel
407 3226 517 3314 eliqua
534 3222 622 3299 'talis
644 3232 684 3297 iis
700 3230 851 3296 adhiberi
865 3230 998 3312 publice
1012 3244 1131 3313 posset
1145 3232 1281 3317 oratio,
1307 3253 1372 3316 qua

181 3334 390 3416 deponerent
424 3354 615 3399 maerorem
647 3345 749 3414 atque
781 3331 912 3399 luctum
947 3332 1201 3414 gauderentque
1231 3336 1369 3414 potius,

181 3454 259 3501 eum
290 3434 394 3509 uudta
423 3448 457 3501 ct
485 3440 578 3500 varia
604 3433 840 3516 impenderent
867 3428 1060 3501 hominibus
1081 3454 1207 3514 genera
1227 3437 1369 3521 intortis,

179 3532 213 3599 id
235 3556 362 3612 gertus,
398 3534 489 3617 quod
517 3549 608 3603 esset
632 3534 899 3617 pulcherrimum
907 3584 918 3621 ‚
951 3537 1021 3603 suis
1037 3536 1213 3623 *obtigisse
1233 3556 1370 3618 cosque

180 3656 244 3701 uec
270 3635 465 3703 inlnmnatos
492 3658 567 3704 esse
593 3657 657 3703 nco
684 3635 858 3725 desertos,
894 3635 984 3718 quod
1012 3648 1129 3701 tomen
1157 3637 1273 3717 ipsum
1308 3661 1370 3719 pro

181 3736 288 3817 patria
310 3759 376 3801 nou
398 3737 627 3806 miserandum
649 3748 804 3818 putatur:
838 3757 902 3803 nee
923 3737 1083 3818 dispersis
1113 3738 1220 3804 bustis
1241 3737 1370 3805 humili

180 3837 356 3932 sepultura
382 3851 569 3913 crematos,
608 3837 667 3905 sed
696 3851 874 3905 contectos
902 3832 1229 3920 publicis'operilms
1261 3854 1370 3922 atque

181 3931 377 4007 nturrerilms
393 3959 496 4029 eaque
512 3940 761 4019 exstructione,
785 3943 929 4020 quaesit
944 3941 984 4006 aei
1002 3943 1201 4009 meiuoriam
1219 3947 1368 4012 aeterni-

190 4063 383 4075 ..ι-η*

250 4138 261 4199 5
279 4139 320 4185 33.
337 4138 493 4200 invectissimi]
513 4138 605 4200 quippe
622 4137 663 4198 qui
681 4138 778 4199 piorum
795 4141 876 4188 sedent
893 4139 943 4190 sitis
962 4140 1092 4191 consecuti.
1136 4167 1140 4171 «

250 4241 320 4300 Μ.
338 4248 392 4290 tatis
410 4248 440 4290 iis
457 4243 562 4291 adhiberi
581 4241 685 4303 publice]
703 4243 745 4293 stc
764 4241 817 4295 Ae.
836 4261 882 4307 pro
901 4247 955 4296 talis
972 4248 1008 4295 iiii
1022 4246 1116 4319 publice
1133 4244 1319 4302 (ediderim,
