2850 4759
126 279 354 350 ACCUSAT.
376 279 424 349 IN
444 277 482 350 C.
504 278 696 350 VERREM
714 280 800 350 LlB.
823 281 881 370 IV,
903 302 936 351 c.
957 285 993 348 51
1010 295 1045 352 et
1058 286 1111 357 52·
1179 285 1220 352 dl

40 439 252 507 existimatio
283 436 476 520 veritasque
504 438 723 506 iudiciorum.
768 438 867 530 Quae
893 452 974 508 sunt
1000 441 1115 509 omnia
1142 457 1221 524 per·

38 562 187 621 magua,
223 560 342 606 verum
372 537 455 606 illud
488 541 696 607 maximnm:
733 552 826 608 tanta
859 539 1023 621 religione
1055 543 1222 610 obstricta
1300 551 1303 558 “

40 653 108 708 tota
130 640 311 723 provincia
333 652 404 719 est,
436 653 530 707 tanta
556 644 754 724 superstitio
776 664 821 709 ex
848 644 945 711 istius
973 642 1065 710 facto
1087 655 1219 713 mentes

40 745 196 809 omnium
223 740 416 810 Siculorum
442 744 643 829 occupavit,
674 754 712 807 ut
736 762 957 825 quaecunque
982 744 1136 811 accidant
1158 768 1222 828 pu·

41 843 131 910 blicc
147 846 372 927 privatimque
389 843 625 921 incommoda,
658 856 799 927 propter
823 865 898 911 eam
919 865 1059 913 oausam
1080 846 1219 916 sceleris

44 947 142 1013 istius
169 948 303 1012 evenire
326 946 516 1014 videantur.
555 944 710 1012 Audistis
735 947 993 1028 Centuripinos,
1023 950 1280 1029 Agyrium-114

45 1069 114 1123 ses,
139 1049 356 1132 Cannenses,
378 1052 586 1124 Aetnenses,
606 1047 827 1114 Herbitenses
851 1047 1115 1131 compluresque
1136 1048 1219 1119 alios

43 1148 325 1230 pollicentesve,
349 1170 438 1231 quae
462 1147 612 1216 solitudo
634 1150 668 1216 in
696 1152 788 1230 agris
814 1161 922 1228 esset,
955 1173 1041 1233 quac
1065 1154 1220 1233 vastitas,

43 1274 125 1334 quiae
153 1253 236 1330 suga
264 1262 591 1333 aratorum,.quam
625 1249 779 1326 deserta,
808 1272 910 1333 quam
941 1252 1085 1331 inculta,
1118 1275 1220 1337 qnam

43 1354 160 1420 relicta
186 1353 312 1419 omnia.
354 1352 405 1418 Ea
431 1354 565 1420 tametsi
591 1350 707 1418 multis
726 1353 878 1419 istiusce
892 1355 995 1422 variis
1013 1356 1142 1421 iniuriis
1165 1375 1221 1420 ac·

45 1456 214 1532 ciderunt,
236 1468 349 1521 tamen
378 1452 463 1519 hacc
485 1475 554 1520 una
574 1474 677 1520 cansa
700 1455 733 1520 in
752 1451 910 1536 opinione
934 1454 1126 1524 Siculorum
1147 1453 1222 1538 plu·

44 1560 165 1638 rimum
188 1555 296 1633 valet,
319 1555 427 1637 quod,
451 1556 574 1622 Cerere
593 1554 733 1632 violata,
756 1578 875 1623 omnes
895 1555 1008 1623 cultus
1021 1557 1222 1639 fructusque

48 1658 177 1724 Cereris
202 1658 236 1722 in
258 1657 295 1722 iis
313 1656 397 1724 locis
419 1659 575 1724 interisse
598 1657 818 1726 arbitrantur.
859 1658 1045 1724 blcdemini
1066 1657 1221 1737 religioni

45 1761 235 1835 sociorum,
258 1758 415 1826 iudices:
449 1771 654 1826 conservate
681 1772 843 1825 vestram·
881 1759 999 1841 Neque
1023 1761 1111 1825 enim
1137 1759 1222 1825 haec

47 1874 188 1926 externa
221 1861 318 1928 vobis
348 1871 402 1926 est
433 1860 555 1939 religio
583 1880 691 1942 neque
719 1859 840 1926 aliena.
885 1859 1020 1949 Quodsi
1047 1871 1157 1936 esset,
1192 1863 1222 1927 si

46 1964 313 2043 suscipereearn
332 1960 486 2028 nolletis:
509 1974 623 2027 tamon
645 1963 679 2027 in
704 1984 764 2040 eo,
796 1962 853 2044 qui
878 1960 1056 2038 violasset,
1088 1961 1222 2028 sancire

48 2084 104 2129 vos
123 2062 211 2128 velle
234 2075 420 2143 oporteret„
461 2063 561 2129 Nunc
586 2086 667 2130 vero
693 2065 727 2129 in
756 2064 930 2130 currimuni
958 2063 1112 2129 omnium
1134 2073 1283 2150 gen-115

49 2166 128 2230 lium
150 2163 332 2244 religione,
354 2165 455 2246 inque
478 2167 518 2233 iis
542 2167 667 2242 sacris,
689 2185 777 2246 quae
802 2164 949 2230 maiores
971 2165 1081 2230 nostri
1103 2163 1144 2227 ab
1163 2182 1223 2228 ex·

52 2267 129 2330 teris
144 2268 334 2333 nationibus
355 2268 462 2333 ascita
484 2278 584 2348 alque
606 2266 768 2331 arcessita
789 2263 983 2341 coluerunt,
1005 2284 1090 2344 quac
1110 2282 1239 2340 sacra,-

50 2379 88 2431 ut
113 2380 204 2433 orant
227 2389 264 2434 re
289 2388 387 2443 vera,
405 2368 458 2434 sic
486 2365 648 2448 appellari
672 2367 804 2432 Graeca
825 2363 1027 2442 volucrunt,
1048 2362 1223 2444 negligen-

51 2480 97 2536 tes
120 2491 161 2535 ac
186 2469 362 2547 dissoluti,
384 2470 414 2536 si
435 2472 613 2550 cupiamus
638 2487 728 2541 esse,
751 2467 806 2549 qui
830 2465 1045 2547 possumus?
1141 2495 1144 2500 ·

56 2607 59 2614 ,
121 2571 195 2640 Lll.
236 2572 343 2639 Unius
373 2572 474 2636 eliam
507 2570 619 2646 urbis,
656 2569 810 2635 omnium
838 2564 1089 2648 pulcherrimae
1122 2578 1225 2649 atque

52 2674 298 2749 ornatissimae,
320 2670 565 2752 Syracusarum
588 2670 813 2752 direptionem
836 2670 1112 2737 commemorabo
1134 2681 1168 2736 et
1190 2670 1224 2736 in

51 2775 195 2842 medinm
218 2775 411 2856 proferam,
432 2773 579 2848 iudices,
602 2783 639 2836 ut
665 2769 846 2852 aliquando
870 2783 975 2837 totam
1002 2771 1103 2838 liuius
1123 2791 1226 2851 genc-

50 2879 92 2944 ris
105 2879 294 2943 orationem
311 2872 514 2940 concludam
530 2884 631 2953 atque
648 2872 817 2952 deliniam,
853 2872 964 2939 Nemo
980 2873 1052 2937 sere
1071 2884 1226 2939 vestrum

52 2991 115 3057 est,
142 2978 243 3061 quin,
271 2973 563 3058 quemadmodum
585 2985 705 3054 captae
728 2974 797 3038 sint
818 2993 837 3037 a
860 2974 910 3038 M.
934 2968 1100 3037 Marcello
1122 2970 1225 3047 Syra·

53 3101 174 3165 cusae,
218 3099 321 3159 saepe
347 3077 516 3153 audierit,
563 3095 805 3155 nonunnquam
841 3074 943 3138 etiam
979 3071 1014 3136 in
1048 3067 1225 3135 annalibus

52 3180 175 3261 legerit.
219 3181 382 3247 Conlerte
414 3178 505 3246 barre
524 3196 643 3257 pacem
672 3196 751 3240 cum
776 3172 833 3240 illo
859 3170 966 3250 bello,
998 3170 1098 3238 huius
1124 3190 1224 3253 prae-

56 3285 131 3349 toris
154 3283 340 3350 adventum
354 3304 441 3347 ¹cnm
457 3278 546 3344 illius
567 3275 783 3355 imperatoris
803 3272 965 3350 victoria,
987 3272 1086 3339 liuius
1102 3271 1228 3338 eohor-

56 3398 119 3449 tem
145 3387 314 3466 impurum
345 3404 424 3446 cum
453 3380 542 3446 illius
577 3377 732 3443 exercitu
763 3376 913 3450 invicto,
945 3375 1045 3442 huius
1073 3372 1228 3441 libidines

56 3506 130 3550 cum
153 3486 240 3553 illius
266 3484 493 3551 continentia:
514 3484 554 3547 ab
577 3477 650 3554 illo,
671 3478 728 3558 qui
753 3478 861 3559 cepit,
889 3476 1060 3553 conditas,
1088 3477 1128 3540 ab
1151 3474 1228 3549 hoo,

57 3587 110 3667 qni
133 3589 333 3653 constitutas
363 3589 512 3663 accepit,
541 3590 657 3662 captas
684 3577 804 3643 dicetis
832 3577 1031 3657 Syracusas.
1071 3580 1124 3643 Ao
1157 3577 1291 3650 iamllfi

56 3684 112 3750 illa
135 3689 270 3765 omitto,
302 3706 387 3767 qnae
413 3683 565 3765 disperse
588 3702 606 3746 a
629 3699 684 3744 me
709 3677 824 3746 multis
846 3682 879 3744 in
904 3677 986 3743 locis
1007 3677 1163 3743 dicontur
1189 3700 1230 3742 ac

59 3788 145 3853 dicta
172 3801 269 3866 sunt,
303 3794 418 3855 l'orum
444 3786 757 3865 Syracusanorum,
789 3777 882 3860 quod
904 3781 1047 3848 introitu
1070 3779 1229 3847 illarcelli

64 3973 279 3989 Q

127 4097 138 4157 l
157 4101 209 4147 114.
233 4100 316 4161 iniis]
335 4098 397 4159 Reg.
415 4098 494 4145 tatu
510 4097 568 4146 Em.
592 4094 620 4145 Ζ.
638 4123 672 4137 -
688 4085 768 4162 notu]
796 4097 944 4160 Reg.1.eid.
963 4096 1230 4158 roetiaautiquclnter

63 4193 104 4226 rr.
123 4189 245 4229 commeate
261 4207 273 4219 ·
289 4208 301 4218 -
318 4185 419 4228 nolletis.
437 4184 503 4228 nodis
521 4182 580 4228 Eru.
604 4181 631 4227 Z.

130 4283 211 4352 illd.
230 4292 295 4350 inque
313 4287 354 4349 iis]
373 4289 435 4348 Reg.
453 4290 478 4336 iu
496 4290 583 4350 seuque
607 4288 675 4335 bein.
693 4288 761 4348 inque
778 4291 814 4335 dia
832 4289 889 4334 Em.
914 4289 940 4334 Ζ.
