2850 4759
212 256 272 324 1611
676 252 912 323 CICERONIS

213 421 409 506 possemus,
430 430 573 503 uterque
593 430 750 487 nostrum
771 416 804 485 id
825 418 890 486 sibi
903 415 1156 501 suscipiendum
1172 416 1322 498 putarit,
1343 416 1380 484 de

155 541 196 605 14
213 548 281 610 quo
303 522 426 609 aliquid
456 524 544 596 scire
571 523 642 607 ipse
669 534 769 606 atque
796 522 992 590 existimare
1012 523 1192 605 potuisset.
1237 521 1281 587 Et
1300 544 1407 604 quo·x

212 630 303 700 uiam
324 628 367 697 de
387 629 581 698 criminibus
602 627 786 710 superioris
808 627 1049 694 coniurationis
1071 625 1292 693 Hortensium
1314 625 1380 693 dili-

212 746 332 817 genter
352 732 510 808 audistis,
535 731 577 800 de
593 730 662 799 ltao
682 729 935 810 coniuratione,
957 750 1042 814 quae
1062 749 1117 798 tue
1138 726 1284 797 consule
1297 729 1379 796 sacta
1406 775 1407 806 2

210 850 282 918 est,
305 836 372 906 hoo
391 837 537 920 primum
559 833 732 904 attendite.
1406 861 1407 864 ¹

294 940 334 1009 V.
376 938 504 1018 Multa,
536 959 615 1006 oum
637 959 745 1006 essem
768 935 905 1023 consul,
937 937 978 1005 de
998 938 1140 1005 summis
1161 937 1213 1003 rei
1235 937 1379 1020 publicae

212 1044 371 1132 periculis
391 1044 522 1121 aridivl,
554 1040 660 1114 multa
680 1042 851 1130 quaesivi,
870 1042 984 1118 multa,
998 1044 1160 1121 rognouu
1191 1040 1309 1109 nullus
1330 1064 1380 1106 un·

211 1171 314 1235 quarn
337 1149 379 1217 de
399 1146 492 1217 Sulla
512 1147 649 1224 nuntius
670 1144 713 1213 ad
735 1166 809 1224 rue,
843 1143 971 1211 nullum
994 1143 1172 1224 indicium,
1201 1143 1319 1212 nullae
1336 1143 1379 1211 lit·

211 1266 306 1322 teras
334 1261 578 1335 per-venerunt,
612 1248 705 1318 nulla
732 1249 893 1331 suspicio.
933 1246 1083 1316 Multum
1099 1247 1197 1316 'haee
1225 1271 1300 1317 vox
1318 1250 1378 1316 for·

214 1368 306 1426 tasse
332 1354 471 1423 deberet
497 1353 609 1421 valere
638 1354 715 1423 eius·
738 1352 903 1430 hominis,
938 1352 994 1435 qui
1022 1353 1142 1422 consul
1171 1353 1316 1421 insidias
1337 1353 1377 1419 rei

213 1458 367 1543 publicae
389 1457 530 1527 consilio
552 1457 806 1537 investigasset,
829 1457 969 1523 veritate
988 1458 1196 1539 aperuisset,
1220 1457 1380 1538 magnitu-

214 1564 293 1630 diue
313 1563 415 1630 artiori
437 1561 658 1640 vindicasset,
694 1582 771 1627 curn
794 1561 866 1643 ipse
892 1558 973 1627 nihil
995 1560 1130 1630 audisse
1155 1561 1199 1628 de
1220 1563 1262 1629 P.
1284 1561 1379 1637 Sulla,

213 1664 296 1734 nihil
322 1666 531 1748 suspicatum
561 1685 635 1733 esse
664 1662 805 1730 diceret.
852 1663 917 1731 Sed
942 1685 1007 1744 ego
1036 1663 1186 1732 noudum
1213 1678 1299 1733 utor
1328 1664 1407 1732 luo¹

213 1767 363 1838 rossad
386 1768 476 1836 btrrro
497 1766 764 1848 ‹lesendendum3
785 1765 826 1835 ad
848 1766 1062 1850 purgandum
1084 1789 1138 1834 ute
1158 1769 1277 1851 potius
1300 1782 1380 1853 utor,

213 1886 254 1941 ut
279 1874 395 1941 mirari
422 1873 616 1956 'Torquatus
644 1871 798 1950 desinat,
833 1894 909 1960 ure,
944 1875 999 1956 qui
1029 1873 1198 1939 Autronio
1231 1873 1380 1943 afrreriu.

153 1971 192 2035 15
214 1975 343 2045 Sullam
372 1974 563 2044 defendere.
612 1975 708 2066 Quae
737 1976 824 2041 enim
853 1977 1011 2043 Autronii
1044 1976 1109 2042 fuit
1134 1976 1269 2043 carisa?
1307 1996 1380 2061 quae

215 2080 327 2150 Sullae
349 2081 428 2174 est⁰.l
469 2078 537 2148 llle
550 2082 694 2147 ambitus
720 2079 882 2160 iuditium
905 2079 1024 2148 tollere
1045 2101 1086 2156 ao
1106 2079 1302 2148 disturbare
1324 2082 1380 2164 pri-

192 2209 310 2255 mum
338 2185 488 2255 corallato
513 2184 622 2251 voluit
646 2182 872 2266 gladiatorum
900 2204 940 2249 ao
972 2183 1193 2264 fugitivorum
1226 2185 1379 2262 tumttltu,

214 2289 354 2369 deinde,
376 2290 408 2357 id
431 2287 521 2373 quod
543 2286 687 2355 vidimus
703 2308 839 2365 omues,
862 2285 1065 2370 lapidatione
1080 2301 1180 2371 atque
1196 2309 1380 2364 concursu
1405 2349 1406 2354 ,

213 2383 325 2472 Sulla,
347 2397 375 2464 si
395 2395 463 2462 sibi
478 2415 561 2461 suus
584 2392 694 2476 pudor
716 2413 756 2459 ae
777 2390 920 2473 dignitas
941 2414 1007 2457 non
1031 2379 1234 2475 prodesset,
1258 2393 1379 2459 nullum

215 2498 379 2569 auxilium
402 2496 586 2581 requisivit.
626 2493 686 2561 llle
708 2496 886 2564 damnatus
912 2497 956 2563 ita
970 2516 1007 2563 se
1026 2496 1164 2577 gerebat
1185 2520 1255 2563 uon
1277 2496 1379 2565 solurn

214 2602 366 2673 consiliis
388 2614 422 2669 et
442 2595 674 2679 sermonibus,
709 2620 829 2665 verum
850 2595 949 2665 etiam
972 2599 1134 2683 adspectu
1155 2612 1260 2683 atque
1280 2598 1378 2675 voltu,

215 2719 255 2773 ut
273 2707 429 2774 inimicus
451 2725 526 2774 esse
546 2703 763 2796 amplissimis
784 2703 974 2782 ordinibus,
995 2703 1138 2772 infestus
1161 2704 1260 2771 bouis
1283 2704 1379 2771 omni·

215 2813 295 2894 bus,
317 2809 424 2878 hostis
444 2810 575 2893 patriae
592 2806 783 2886 videretur3
809 2805 864 2873 hio
884 2828 921 2874 se
941 2808 986 2874 ita
1007 2807 1152 2874 fractum
1174 2805 1231 2875 illa
1254 2807 1379 2876 calami

215 2929 286 2986 tate
307 2928 408 2999 atque
429 2915 586 2981 afflictum
608 2911 756 2995 putarit,
786 2922 825 2978 ut
850 2909 931 2977 nihil
958 2912 1020 2978 sibi
1048 2932 1092 2977 ea
1118 2912 1262 2994 pristina
1284 2910 1379 2991 digui-
1405 2965 1406 3004 4

217 3032 286 3089 tate
312 3039 492 3104 superesse
519 3017 740 3085 arbitraretur
769 3015 834 3082 nisi
862 3014 951 3098 quod
978 3014 1144 3082 modestia
1179 3016 1375 3083 retinuisset

156 3126 195 3192 16
216 3126 289 3194 lla'o
315 3146 399 3192 vero
426 3124 459 3190 in
487 3121 722 3190 coniuratione
750 3117 829 3202 quid
859 3131 926 3186 tarn
955 3120 1172 3186 coniunctum
1203 3140 1304 3201 quam
1332 3116 1376 3183 ille
1405 3133 1406 3192 1

217 3252 295 3297 curn
318 3229 478 3307 Catilina,
511 3248 588 3298 curn
612 3221 792 3291 lentulol'
815 3244 899 3306 quae
922 3234 1012 3289 tauta
1034 3223 1178 3290 societas
1202 3222 1280 3289 ullis
1302 3223 1375 3287 inter
1405 3209 1406 3274 l

176 3389 180 3406 .
215 3355 388 3403 serenum
411 3333 635 3414 optirnarum,
662 3337 785 3410 qrrant'a
807 3327 836 3391 ei
858 3348 936 3393 cum
958 3325 1023 3394 illis
1044 3324 1199 3395 sceleris,
1228 3325 1375 3398 libidinis,

216 3434 405 3518 audaciae?>
440 3433 529 3517 qrrod
550 3433 713 3512 flagitium
738 3429 905 3498 Lentulus
927 3451 1093 3518 nonaum
1117 3431 1289 3496 Autronio
1309 3449 1375 3495 eon·

216 3540 344 3624 cepit?
366 3540 455 3622 qarod
477 3540 549 3606 sine
570 3536 690 3604 eodem
713 3535 770 3603 illo
794 3533 937 3600 Catilina
957 3534 1088 3600 facinus
1110 3532 1276 3600 admisit?
1308 3551 1372 3599 oum

214 3644 351 3711 iuterim
376 3641 469 3713 Sulla
495 3664 573 3708 curn
602 3636 821 3708 eisdemillis
848 3659 916 3704 nou
943 3635 1046 3703 modo
1074 3650 1210 3703 noctem
1232 3633 1373 3705 solitudi-

214 3769 362 3831 nemque
382 3769 450 3815 non
473 3756 666 3830 quaereret,
688 3741 747 3810 sed
771 3763 811 3808 ne
833 3740 997 3809 mediocri
1019 3739 1151 3825 quidem
1173 3762 1330 3809 sermone
1346 3751 1373 3804 et

154 3865 195 3932 17
215 3873 404 3933 congressu
440 3851 712 3930 coniungeretur.
758 3845 859 3914 lllum
894 3843 1122 3928 Allobroges,
1159 3847 1370 3913 maximarum

283 4075 295 4140 i
315 4075 353 4125 1⁴.
371 4074 477 4135 sortasse
500 4074 590 4121 deberet
614 4072 702 4133 ualere]
725 4045 800 4119 vabre
817 4070 923 4132 sortaaae
939 4070 1029 4117 deleret
1045 4068 1075 4116 Ρ.
1092 4092 1126 4109 -
1143 4069 1262 4115 daumio
1278 4056 1369 4128 afecth]

216 4161 334 4210 Autronio
350 4175 396 4206 nort
413 4158 529 4219 adfuerim
546 4158 576 4204 P.

268 4270 294 4332 l
315 4271 354 4317 to.
371 4235 425 4313 rillio
442 4269 502 4312 inter
517 4260 552 4329 se]
571 4267 625 4311 ullis
641 4264 672 4312 Ρ.

166 4365 168 4369 ’
283 4368 354 4442 111.
366 4373 458 4436 sulces,
474 4375 557 4433 riguo,
575 4372 675 4436 ligones]
695 4372 737 4421 sic
755 4373 949 4435 Gerousaicos,
966 4376 1049 4436 εἰμι,
1067 4375 1170 4435 legiones
1186 4373 1217 4422 P.
1234 4371 1302 4421 aen.
1316 4371 1368 4415 tole·
1404 4339 1405 4342 Ἴ
