2850 4759
232 292 291 359 272
698 286 937 359 CICERONIS

232 465 301 521 tarn
323 449 440 534 elaris,
468 463 535 520 tam
555 448 825 530 immortalibus,
853 450 999 529 iudices,
1025 449 1093 518 hoo
1113 471 1252 534 possum
1274 450 1388 529 dicere,

229 578 301 634 me,
328 558 384 640 qui
405 578 424 624 e
444 557 587 625 summis
609 555 791 640 eripuerim
812 555 972 639 perieulis
993 557 1110 622 urbem
1133 555 1221 623 bano
1241 568 1276 622 et
1296 557 1390 629 vitan

231 662 384 729 omnium
411 662 671 741 civium„satis
698 659 857 743 adeptum
893 659 987 736 fore,
1024 661 1054 728 si
1082 662 1126 727 ex'
1151 659 1218 727 hoo
1246 672 1342 728 tanto
1364 661 1389 743 in

232 786 351 834 omnes
367 763 526 832 mortales
543 765 705 832 beneficio
722 763 851 832 nullum
866 765 900 833 in
916 785 970 831 me
983 763 1172 846 perieulum
1190 764 1389 832 redundarit.

170 871 211 934 28
230 867 365 937 Etenim
393 867 427 937 in
453 888 518 951 qua
545 869 681 936 civitate
701 889 755 936 res
779 880 887 936 tuntas
909 869 1094 949 gesserim,
1125 869 1281 946 memini,
1316 881 1349 935 et
1365 868 1389 933 in

231 995 296 1057 qua
316 973 402 1039 urbe
421 992 552 1051 verser,
580 970 749 1054 intelligo:
784 971 921 1056 plenum
942 972 1057 1040 lorum
1078 984 1131 1039 est
1152 993 1270 1041 eorum
1294 972 1390 1041 homi·

230 1097 332 1153 uum,
354 1096 438 1160 quos
460 1097 523 1156 ego
546 1097 571 1143 a
585 1078 708 1151 vestris
731 1077 919 1145 cervicibus
941 1073 1074 1160 depuli,
1100 1076 1249 1156 iudices,
1278 1100 1298 1144 a
1320 1081 1389 1144 meis

231 1203 301 1261 non
322 1179 472 1259 removi3
492 1181 557 1245 nisi
577 1200 659 1248 vero
681 1201 808 1263 paucos
830 1179 935 1248 fuisse
956 1180 1183 1259 arbitramini,
1211 1181 1266 1265 qui
1288 1181 1390 1249 conari

231 1295 447 1366 anteperire
468 1294 608 1366 possent
635 1303 672 1350 se
695 1294 823 1351 tuntum
842 1283 1022 1366 imperium
1043 1305 1143 1367 posse
1163 1283 1292 1351 delere.
1333 1284 1389 1352 llo·

231 1409 308 1457 rum
330 1408 393 1467 ego
407 1386 500 1458 laces
515 1387 644 1469 eripere
658 1385 700 1455 de
715 1387 867 1457 manibus
882 1399 917 1455 et
929 1385 1059 1466 gladios
1072 1400 1283 1472 extorquere
1297 1389 1388 1473 potui,

232 1491 322 1558 sicut
345 1491 428 1570 feci,
461 1488 651 1558 voluntates
680 1489 930 1561 consceleratas
959 1513 999 1558 ao
1020 1478 1167 1560 nefarias
1185 1515 1258 1560 ‹neo
1283 1513 1389 1561 sanare

232 1594 328 1677 potui
348 1614 412 1661 nee
433 1591 563 1661 tollere.
607 1595 721 1686 Quare
743 1618 807 1673 non
829 1617 906 1664 sum
925 1595 1076 1681 nescius,
1102 1609 1230 1680 quanto
1251 1594 1387 1681 periculo

232 1697 345 1765 rivam
365 1699 400 1764 iu
422 1708 513 1764 tauta
533 1694 748 1767 multitudiue
768 1698 1022 1781 improborum,
1044 1723 1122 1766 oum
1145 1699 1227 1767 mibi
1249 1702 1308 1767 uni
1327 1721 1387 1766 cun

234 1802 392 1873 omnibus
411 1801 575 1883 improbis
597 1813 770 1869 aeternum
792 1802 924 1869 videam
947 1801 1070 1870 bellum
1093 1825 1168 1871 esse
1183 1816 1388 1888 susceptum.

126 1986 132 1991 Ι
175 1914 215 1977 29
310 1906 358 1974 Χ.
403 1902 506 1997 Quod
527 1906 555 1972 si
575 1903 640 1973 illis
664 1907 747 1972 meis
768 1906 942 1989 praesidiis
972 1908 1062 1975 forte
1082 1907 1231 1990 invides,
1263 1922 1298 1976 et
1318 1910 1388 1977 sies

236 2010 294 2078 tibi
315 2009 406 2091 regia
427 2007 603 2089 videntur,
625 2008 716 2092 quod
736 2031 853 2078 omnes
869 2010 945 2078 boni
960 2012 1110 2078 omnium
1126 2031 1293 2092 generum
1308 2023 1388 2091 atque

236 2112 394 2183 ordinum
415 2134 511 2181 suam
532 2112 676 2181 salntem
699 2135 778 2182 cum
800 2135 876 2182 mea
896 2116 1124 2196 coniungunt,
1159 2114 1387 2185 consularem

237 2218 328 2302 quod
356 2219 507 2287 omniurn
536 2229 665 2287 mentes
692 2219 927 2301 improborum
958 2218 1039 2286 mihi
1066 2219 1123 2285 uni
1151 2220 1303 2286 maxime
1329 2226 1389 2286 suut

236 2322 388 2391 infensae
415 2335 449 2390 et
475 2321 654 2404 adversarer
692 2325 749 2406 qui
776 2344 830 2393 me
858 2345 926 2391 non
953 2320 1065 2393 solum
1092 2320 1221 2391 idcireo
1251 2322 1388 2392 oderunt

238 2429 329 2513 quod
357 2449 476 2494 eorum
505 2438 646 2494 conatus
674 2426 797 2509 impios
825 2440 860 2494 et
882 2428 1035 2495 furorem
1057 2426 1334 2495 eonsoeloratum
1351 2444 1388 2490 re

200 2571 207 2583 ·
237 2533 365 2617 pressi,
397 2530 524 2598 sedeo
552 2530 653 2597 etiam
682 2534 808 2611 magis,
839 2531 930 2613 quod
956 2529 1037 2598 nihil
1064 2532 1131 2597 iarn
1159 2552 1197 2598 se
1223 2529 1333 2600 simile
1350 2546 1388 2595 me

180 2646 218 2709 30
241 2637 319 2702 vivo
343 2634 458 2701 conari
481 2654 581 2716 posse
603 2634 822 2727 arbitrantur.
863 2637 911 2701 Ar
938 2655 1019 2705 vero
1042 2631 1119 2721 quid
1143 2656 1206 2715 ego
1229 2636 1346 2720 miror,
1369 2629 1389 2695 si

239 2736 317 2822 quid
338 2736 380 2805 ab
399 2737 562 2819 improbis
583 2734 625 2803 de
645 2754 701 2807 me
720 2738 875 2819 improbe
896 2737 1035 2817 dicitur,
1057 2761 1135 2805 oum
1157 2739 1196 2805 L.
1213 2738 1388 2822 Torquatus

238 2843 387 2927 primum
413 2842 485 2923 ipse
513 2840 565 2908 his
592 2840 821 2909 fundamentis
855 2840 1102 2909 adolescentiae
1129 2843 1244 2921 iactis,
1284 2855 1388 2920 caspe

239 2945 415 3031 proposita
436 2941 662 3027 amplissimae
683 2944 871 3028 dignitatis,
894 2944 1013 3012 deinde
1030 2945 1069 3014 L.
1093 2947 1277 3030 Torquati,
1298 2943 1388 3012 fortis·

241 3050 319 3119 simi
340 3047 506 3128 consulis,
527 3050 790 3137 constantissimi
813 3050 995 3127 senatoris,
1015 3070 1151 3132 semper
1170 3051 1294 3132 optimi
1313 3047 1387 3121 ciris,

241 3153 347 3233 lilius,
362 3140 532 3222 interdum
547 3153 707 3221 efferatur
720 3150 1001 3220 immoderatione
1016 3154 1225 3221 verborum?
1250 3155 1317 3246 Qui
1329 3170 1386 3220 run

241 3278 422 3343 suppressa
444 3278 529 3327 voce
549 3255 590 3324 de
610 3254 740 3325 seelere
759 3258 795 3324 P.
814 3257 963 3335 Lentuli,
993 3256 1034 3323 de
1054 3256 1197 3324 audacia
1216 3260 1388 3326 coniurato

242 3385 318 3430 rum
341 3362 492 3430 omnium
514 3360 671 3445 dixisset,
695 3360 929 3427 tantummodo
958 3372 996 3426 ut
1019 3381 1102 3441 vos,
1122 3361 1177 3446 qui
1193 3381 1232 3428 ea
1248 3359 1385 3443 probatis,

244 3466 404 3532 exaudire
437 3466 599 3548 possetis,
635 3462 677 3531 de
709 3459 872 3546 supplicio
900 3462 968 3544 [R]
997 3463 1145 3544 Lentuli,
1181 3463 1395 3536 decaron,

243 3581 468 3593 -ι-αι-

311 3639 381 3702 528.
407 3654 444 3686 rer
467 3634 553 3702 tantus]
578 3652 626 3684 rem
646 3642 735 3685 lantum
759 3637 872 3685 Ambros.
892 3628 923 3676 ’-
951 3642 973 3682 ol
993 3641 1018 3685 in
1040 3652 1085 3696 quo
1101 3639 1156 3683 urbe
1172 3637 1262 3700 mser]
1281 3639 1317 3685 Sic
1332 3634 1384 3683 etit!

243 3723 356 3772 Ambros.
375 3729 398 3769 et
417 3738 461 3783 quo
478 3724 533 3769 urle
549 3734 629 3768 uersor
646 3722 675 3769 P.
717 3722 739 3768 A
759 3720 825 3769 libris
843 3721 983 3782 volgaribus
1001 3720 1117 3783 (Burber.
1136 3720 1210 3774 ilem.
1229 3722 1292 3769 Gen.
1309 3722 1383 3775 Oxou⁸

242 3816 335 3870 septem
354 3807 415 3868 eet.)
432 3808 501 3855 absit
516 3822 541 3855 r.
559 3821 644 3853 oerum
661 3830 692 3843 -·
709 3807 755 3851 nisi
773 3806 839 3873 vero]
855 3807 901 3850 nisi
908 3803 975 3863 forte
988 3804 1018 3851 P.
1033 3829 1068 3841 -
1083 3785 1221 3866 botoniates]
1238 3805 1310 3851 Parc.
1326 3802 1383 3847 roiss-

154 3894 161 3904 ⁸
243 3900 300 3942 totos
318 3908 374 3940 uero
392 3883 476 3941 Ceteri
493 3893 571 3940 cndu.
589 3891 650 3940 uoti.
685 3892 732 3938 Sed
749 3891 801 3937 iure
820 3890 961 3937 offendimus
983 3889 1007 3935 iu
1036 3903 1090 3933 uero
1112 3889 1151 3936 rel
1176 3896 1281 3950 propter
1309 3888 1394 3948 praete

243 3984 301 4028 deus
316 3972 363 4024 uisi
377 3992 446 4031 vero,
463 3978 501 4025 oui
522 3977 594 4024 Pare.
610 3977 775 4036 interpolator
789 3974 910 4022 substituit
927 3971 1021 4034 planius
1038 3971 1096 4016 illud
1116 3973 1161 4015 nisi
1169 3970 1253 4030 sorte,
1271 3967 1382 4033 quoeris·

242 4066 400 4114 Protsebom
424 4064 534 4124 explicat
558 4064 602 4107 uiri
623 4075 685 4109 nero.

310 4149 322 4211 i
339 4151 381 4196 29.
399 4151 459 4209 quod
477 4151 498 4194 si
518 4151 565 4194 illis
582 4151 638 4193 meis
649 4146 774 4205 praesidiis
788 4144 855 4204 forte
872 4138 972 4204 inuidos]
991 4134 1052 4200 prod
1071 4143 1093 4185 si
1105 4154 1141 4184 me
1157 4142 1206 4185 rub
1221 4132 1394 4199 praeterissent

244 4240 288 4281 tem
307 4236 370 4280 uides
394 4234 424 4280 Ρ.
458 4219 546 4283 Haesit
570 4233 673 4281 sonasse
696 4230 721 4277 in
743 4245 767 4278 v.
783 4228 851 4288 sorte
874 4228 910 4275 sie
938 4231 1053 4286 reperero
1075 4240 1090 4272 ι
1110 4240 1133 4274 r.
1150 4227 1180 4272 si.
1195 4249 1228 4263 -
1250 4212 1393 4301 etardum]z

243 4324 309 4379 alque
332 4319 385 4364 adv.
408 4317 438 4363 P.
520 4366 524 4373 ,
1076 4343 1081 4348 -
1391 4306 1393 4391 A

311 4402 322 4463 i
341 4403 382 4449 ³0.
399 4403 427 4447 de
447 4403 562 4460 supplicio
579 4398 643 4462 [Ρ.]
663 4395 765 4458 Lentuli]
788 4399 815 4442 de
833 4397 948 4453 supplicio
968 4396 1060 4440 Lentuli
1077 4394 1106 4439 Ρ.

1383 4570 1392 4715 l
