2850 4759
241 286 411 394 onsrro
434 243 583 356 reor.
605 259 763 368 susis,
792 305 824 352 ι.
840 288 861 364 ι,
878 297 911 352 ιι
931 288 963 352 s.
1131 287 1191 352 sss

30 453 145 522 iuratus
168 449 282 530 dices,
315 449 472 533 probare.
515 446 684 516 Debuisse
710 468 771 532 spe
794 445 1044 524 tantummdo,
1080 443 1190 515 nenas
1210 455 1250 520 tc

30 577 105 626 cnse
121 576 205 638 opes
222 556 258 622 P.
276 553 421 631 Sullam,
447 551 573 620 nulium
593 554 799 635 potentiam,
833 551 916 619 nihii
933 551 1075 635 denique
1093 572 1191 632 prse-

30 671 71 726 ιιι·
92 658 192 726 tidem
218 658 425 728 defensionis
450 668 661 740 exspectare.
710 655 783 722 Nisi
814 667 870 735 tu,
896 655 1021 739 inquit,
1049 676 1190 722 esussm

30 763 221 845 recepisses,
244 784 415 845 ssunqnsm
437 760 517 828 mihi
538 761 737 838 restitisset,
758 759 818 827 sed
842 757 969 826 indicta
990 778 1092 830 consa
1112 780 1191 841 pro·

30 861 171 946 fugisset.
215 865 249 932 Si
272 867 340 934 iam
361 863 428 932 hoc
453 865 509 930 tibi
532 864 737 942 concedam,
767 863 811 954 Q.
836 862 1075 938 Hortensium,
1099 873 1192 934 tenta

30 970 181 1051 novitate
205 967 397 1058 bominem,
419 969 447 1035 si
468 966 531 1037 hos
553 967 636 1035 tales
658 968 747 1035 viros
769 990 838 1034 non
858 987 922 1034 sco
943 978 1034 1034 stare
1053 965 1190 1050 iudicio,

30 1074 80 1140 sed
99 1094 195 1155 meo,
222 1073 254 1140 si
273 1069 340 1139 hoe
362 1071 418 1138 tibi
443 1069 540 1152 dem,
564 1069 655 1155 quod
676 1069 773 1138 credi
790 1092 857 1138 uon
882 1082 1015 1154 potest,
1037 1071 1100 1150 nisi
1125 1092 1190 1151 ego

31 1175 97 1244 huic
122 1175 297 1261 adessem,
331 1173 602 1271 lrossdsnturos
624 1199 695 1242 non
719 1175 839 1243 fuisse:
862 1186 938 1242 uter
964 1173 1099 1242 tandem
1128 1195 1192 1248 rex

32 1294 89 1358 est,
109 1283 198 1358 isne,
221 1281 276 1347 cui
297 1281 494 1347 innocentes
522 1277 677 1346 homines
702 1301 780 1346 non.
795 1279 975 1357 resistunt,
997 1299 1040 1344 an
1066 1278 1112 1362 is,
1134 1278 1192 1361 qui

33 1384 236 1453 calamitosos
257 1407 327 1451 non
349 1380 501 1452 deserit?
541 1386 587 1449 At
603 1382 657 1452 hie
672 1384 792 1461 etiam,
813 1381 847 1448 id
865 1381 955 1466 quod
976 1382 1033 1449 tibi
1051 1402 1198 1450 neeesse,

34 1489 155 1556 minime
175 1485 259 1576 fuit,
281 1487 413 1555 facetus
437 1507 513 1554 esse
534 1484 687 1572 voluisti,
709 1508 787 1556 cum
817 1486 1039 1569 Tarquinium
1065 1500 1099 1553 et
1118 1487 1195 1554 Nn·

33 1614 109 1660 nram
133 1604 165 1659 et
188 1613 245 1659 me
270 1591 407 1658 tertium
427 1590 643 1672 peregrinum
668 1611 784 1671 regem
809 1611 884 1659 esse
908 1590 1034 1658 dixisti.

97 1698 188 1762 v111.
226 1696 335 1764 Mitto
359 1694 426 1762 iam
452 1692 494 1759 de
517 1714 598 1773 rege
622 1715 805 1777 quaerere,
825 1692 907 1762 iliud
927 1716 1073 1777 quaeso,
1094 1715 1193 1778 pere-

35 1800 151 1879 grinum
176 1823 239 1868 cur
265 1821 320 1867 me
345 1819 420 1868 esse
445 1796 586 1873 dixeris:
608 1819 686 1865 nam
713 1800 743 1866 si
764 1799 811 1864 ita
834 1819 930 1878 sum,
952 1821 1022 1866 non
1046 1810 1115 1866 tam
1140 1810 1195 1870 est

36 1902 254 1974 admirandum
282 1924 399 1983 sepem
432 1922 507 1969 esse
538 1920 614 1977 me,
645 1900 825 1982 quoniam,
862 1912 900 1967 ut
930 1913 965 1969 tu
992 1903 1062 1982 vis,
1082 1904 1193 1972 'ctiam

35 2010 185 2090 peregrini
204 2027 302 2088 ceges
318 2008 448 2074 Rosiae
464 2006 620 2097 suerunt,
636 2025 737 2087 quam
755 2003 930 2072 consulem
945 2008 1074 2076 Romae
1088 2008 1194 2076 fuisse
1278 2019 1284 2028 '

37 2114 251 2196 peregrinum.
289 2112 363 2179 Hoc
388 2109 483 2190 dieo,
511 2107 636 2200 inquit,
671 2119 702 2173 tc
729 2127 804 2175 esse
828 2129 872 2175 ex
896 2110 1091 2193 municipio.
1133 2110 1193 2178 Fa·
1214 2119 1253 2181 23

35 2226 114 2296 teor,
144 2229 177 2284 et
207 2215 299 2283 addo
325 2217 447 2293 etiam,
483 2234 527 2279 ex
554 2232 593 2278 eo
624 2211 826 2293 municipio,
858 2211 949 2278 unde
976 2213 1101 2280 iterum
1127 2215 1195 2282 ism

39 2318 114 2388 salus
133 2320 210 2388 huie
238 2321 312 2385 urbi
335 2317 546 2402 imperioque
569 2315 673 2382 missa
695 2327 757 2382 est.
800 2313 865 2381 Sed
885 2316 973 2381 scire
997 2336 1041 2382 ex
1066 2327 1099 2382 te
1120 2338 1198 2399 per·

38 2420 138 2500 veiint,
161 2424 381 2508 quanroisrem
403 2420 460 2505 qui
484 2441 526 2487 ex
552 2418 743 2501 municipiis
769 2419 923 2498 ueniant,
944 2420 1114 2500 peregrini
1137 2421 1198 2487 tibi-

41 2545 100 2592 esse
120 2528 317 2596 uideantur:
341 2546 443 2609 nenio
474 2525 562 2591 enim
585 2524 674 2590 istuc
704 2524 755 2590 M.
776 2520 824 2588 itti
848 2523 968 2590 Catoni
996 2523 1085 2603 seui,
1115 2545 1199 2590 οιιιιι,

40 2627 186 2708 plurimos
216 2628 358 2695 haberet
390 2629 564 2708 inimicos,
584 2648 702 2694 nemo
735 2627 790 2694 Ti.
820 2627 1052 2715 Coruncanio,
1093 2648 1194 2696 nemo

41 2729 89 2799 Μ’.
110 2731 226 2810 Curio,
254 2754 356 2800 nemo
382 2731 460 2798 huie
486 2733 547 2814 ipsi
573 2744 692 2798 nostro
718 2730 909 2805 emar-10,
940 2751 1019 2798 cum
1044 2731 1074 2798 ei
1099 2730 1197 2802 urulti

42 2832 228 2915 inviderent,
268 2837 391 2908 obiecit
424 2859 581 2919 unquam.
638 2833 804 2917 Equidem
838 2832 1058 2902 vehementer
1087 2832 1198 2904 laetos

44 2957 106 3006 eum
130 2963 202 3010 esse
224 2960 298 3018 me,
320 2940 474 3025 inquens
500 2953 553 3020 tn,
575 2960 654 3006 cuns
682 2958 842 3024 cuperes,
863 2935 991 3012 nuliam
1018 2948 1197 3006 contume-

98 3149 162 3212 ἢῆ.
180 3152 320 3214 recepisset]
342 3155 477 3222 suscepisset
497 3153 527 3199 Ρ.
544 3175 578 3188 -··
599 3166 714 3212 nunquam
737 3153 794 3208 midi
818 3152 851 3212 r.]
873 3166 988 3211 nunquam
1011 3154 1050 3198 tie
1072 3169 1094 3199 r.
1117 3153 1147 3202 P.
1167 3179 1199 3194 .-

45 3236 141 3301 grcuitcte
157 3238 281 3301 leunsinem]
298 3241 413 3298 grauitate
430 3238 460 3285 P.
476 3262 509 3277 -
527 3238 645 3298 quostiam]
663 3238 735 3284 Psrc.
753 3239 808 3296 quic
825 3237 907 3284 Ceteri
924 3237 1002 3284 Codd.
1023 3239 1112 3299 Volgo.

101 3343 166 3406 523.
183 3363 248 3394 nemo
268 3348 305 3394 Τι’.
327 3348 483 3405 Coruncanio,
512 3362 577 3393 nemo
600 3346 643 3395 Μ’.
669 3347 750 3406 Curio]
772 3347 885 3393 Ambros.
903 3362 968 3393 nemo
988 3348 1015 3394 Τ.
1033 3347 1091 3410 (sic)
1112 3349 1199 3393 Corum

47 3425 114 3478 carrio,
141 3444 205 3476 nemo
232 3431 327 3476 Curioni
350 3431 380 3483 Ι),
396 3456 431 3468 -
449 3436 541 3488 partem
560 3430 653 3493 ciuium]
677 3433 760 3475 cinisem
774 3437 866 3489 purtem
884 3432 915 3477 P.
931 3457 965 3470 -·
983 3431 1127 3497 eorsuersiret]
1144 3411 1200 3491 per·¹

49 3508 117 3554 tineret
131 3512 172 3568 P.,
190 3523 215 3561 ut
233 3517 317 3563 Oxou.
336 3516 382 3572 lt,
402 3515 426 3561 in
444 3527 493 3576 quo
511 3517 614 3562 fortuito
633 3516 696 3563 idem
713 3518 834 3577 glossema
851 3532 934 3565 verum
952 3521 1050 3566 verbum
1068 3521 1201 3568 extrusisss

49 3590 134 3643 ridetur.
150 3607 153 3612 ’
167 3599 263 3647 Nultsm
281 3600 344 3648 enim
361 3600 435 3648 attam
452 3602 789 3663 cognationom'deprehendi
806 3603 870 3651 inter
886 3603 959 3651 Psrc.
977 3611 1001 3651 et
1018 3605 1052 3651 H.

49 3704 254 3727 ,κθ-ἠ

105 3792 171 3855 523.
200 3798 221 3844 A
246 3799 276 3859 C,
300 3799 382 3848 Murio
408 3800 528 3866 Arpinate
550 3803 652 3862 primum
673 3804 774 3852 devictis
797 3803 914 3852 Teutonis
937 3811 962 3852 et
981 3805 1097 3862 Cimbris,
1116 3807 1202 3854 deinde

53 3872 77 3918 sb
93 3876 141 3938 ipso
161 3882 285 3934 Cicerone.
305 3912 340 3924 -
358 3886 393 3931 M.
411 3867 478 3933 l(Isto
498 3886 588 3947 priscus
610 3905 629 3935 s.
653 3890 788 3947 censorius,
806 3897 862 3936 ortu
885 3890 1034 3937 Tusculanus
1054 3893 1100 3939 fuit
1118 3899 1143 3938 et
1163 3892 1201 3939 Ti.

53 3954 214 4021 Coruncanius,
232 3970 316 4015 consul
334 3986 358 4016 ιι.
374 3985 397 4017 ιι.
412 3985 433 4017 c.
452 3971 524 4028 stt,
547 3972 636 4033 primus
652 3974 749 4034 eptehe
765 3974 881 4034 pontifex
897 3975 1018 4023 maximus
1034 3978 1126 4031 fectus,
1144 3976 1202 4023 iuris

54 4040 138 4093 scientis
162 4059 185 4096 et
198 4054 332 4125 ›prode-ntis
354 4054 418 4103 civiti
441 4056 520 4102 clerus
542 4045 708 4106 ex‘Cssnerio
729 4066 796 4107 ortus
813 4067 857 4107 est.
873 4059 931 4120 (cfr.
954 4060 979 4106 in
1000 4061 1082 4121 primis
1101 4062 1202 4108 Wunde-

56 4138 97 4171 rns
113 4135 140 4178 sd
157 4133 312 4185 Plancianum·
329 4153 355 4199 p.
369 4139 423 4198 87.)
442 4141 484 4189 Μ’.
499 4141 584 4190 Curius
599 4143 719 4189 Dentatus
733 4145 795 4190 unde
813 4151 881 4192 ortus
893 4144 937 4203 sit,
954 4144 1090 4205 ignoretur.
1125 4146 1203 4192 Scito·

57 4205 127 4261 trun,
147 4214 260 4275 „Sabinis
280 4223 393 4271 oriundut
416 4224 540 4273 ridetur.“
562 4227 610 4272 Sed
636 4241 744 4276 errorem
766 4229 918 4276 menifestum
938 4244 1001 4285 esse,
1032 4245 1086 4276 cum
1109 4234 1203 4275 constet

58 4291 210 4425 fficfem
230 4309 324 4356 demum
341 4316 399 4369 post
416 4309 482 4359 Curii
502 4310 631 4361 victoriam
648 4314 672 4361 iu
693 4312 817 4362 citiorem
835 4329 887 4362 esse
904 4320 1041 4373 receptam,
1058 4319 1130 4361 notet
1146 4313 1216 4359 rtis.

99 4396 147 4432 nus.
