2850 4759
174 245 185 420 'y
229 295 291 364 rsa
697 298 930 371 mannonis

230 469 311 531 cum
331 460 388 532 illo
410 462 548 544 fuisset,
568 483 677 548 neque
696 484 761 533 nos
781 484 947 547 unquam,
969 484 1046 534 eum
1068 462 1125 534 ille
1141 465 1176 533 in
1190 465 1362 536 urbehastia

231 576 340 643 essct,
370 567 469 636 tantis
490 564 650 649 periculis
669 587 744 634 rem
763 568 931 651 publicam
954 580 1047 638 tanta
1066 591 1166 658 pace,
1197 572 1363 651 lautomia

233 681 327 737 teuto
348 668 481 737 silentio
501 669 755 739 liberassemus.
1048 743 1049 746 ,

173 767 212 832 ts
294 775 405 840 vill.
448 772 661 865 Quamquam
688 773 924 855 haecomnia,
946 775 1116 868 Quirites,
1139 779 1184 846 ita
1203 792 1278 849 sunt
1295 803 1311 848 a
1327 800 1365 846 nc

230 876 482 957 adorinistrata,
513 888 552 944 ut
576 876 718 948 deorum
747 878 995 947 immortalium.
1017 894 1102 948 nutu
1127 894 1230 966 atque
1254 882 1364 950 consilia

231 993 267 1050 ot
290 993 387 1063 gesta
410 992 444 1049 et
466 982 605 1064 provisa
634 1002 709 1050 esse
732 980 921 1050 videantur.
964 983 1068 1068 ldque
1095 1007 1175 1053 cum
1204 986 1366 1054 coniectura

229 1085 393 1169 consequi
416 1105 617 1167 possumus,
648 1085 739 1170 quod
761 1088 821 1154 vix
845 1085 978 1154 videtur
1001 1085 1140 1155 humani
1166 1087 1293 1159 consilii
1313 1100 1367 1154 tau·

228 1200 343 1258 tarum
370 1210 486 1256 rerum
510 1189 710 1270 gubernatio
734 1210 808 1258 esse
832 1192 1003 1273 potuisse,
1028 1202 1106 1266 tum
1130 1213 1214 1259 vero
1235 1193 1279 1259 its
1298 1211 1367 1274 prse-

229 1306 345 1364 sentes
370 1291 659 1376 his-temporibus
684 1314 783 1376 opem
808 1294 1028 1382 etqauxilium
1053 1295 1150 1364 uobis
1176 1295 1330 1374 tulerunt,
1343 1304 1369 1359 ut

230 1418 291 1466 eos
306 1417 417 1481 paene
438 1395 545 1464 oculu
569 1394 683 1464 videre
708 1417 901 1478 possemus.
950 1397 1057 1477 Nam,
1090 1410 1130 1466 ut
1151 1398 1212 1468 illa
1232 1401 1367 1474 omittam,

230 1502 323 1571 visas
342 1512 510 1570 nocturno
530 1512 683 1582 tempore
698 1500 739 1568 ab
756 1499 933 1569 occidente
948 1501 1041 1576 faces
1062 1503 1284 1588 ardoremque
1298 1500 1367 1586 caeli,

228 1615 269 1671 ut
288 1602 467 1672 fulminum
492 1605 619 1682 iactus,
640 1613 678 1671 ut
705 1615 817 1670 terrae
844 1616 958 1673 motus
987 1617 1187 1689 ceteraque,
1222 1628 1301 1691 quae
1320 1618 1367 1673 tau
1404 1639 1406 1645 ·

229 1706 338 1778 multa
358 1709 455 1775 nobis
474 1705 669 1775 consulibus
687 1707 891 1784 factasunt,
913 1720 952 1776 ut
971 1706 1072 1789 haec,
1095 1732 1181 1793 quae
1198 1732 1284 1778 nuno
1298 1710 1368 1784 fiunt,

230 1832 353 1880 cauere
375 1810 419 1878 dii
439 1810 651 1879 immortales
667 1808 878 1878 viderentur:
899 1808 966 1879 hoc
982 1813 1285 1905 ceum-,Quiritem
1304 1810 1369 1896 quod
1404 1867 1406 1884 1

230 1937 306 1984 sum
324 1915 496 1994 dicturus,
528 1936 638 1997 neque
656 1914 993 1997 praetermittendum
1013 1937 1122 2001 neque
1142 1913 1369 2001 relinquendum
1404 1967 1405 1975 a

171 2025 210 2091 19
230 2030 294 2086 eet.
335 2018 421 2086 Nam
445 2018 601 2101 protecto
623 2018 785 2085 mernor-ia
810 2019 929 2086 tenetis
952 2020 1055 2086 Cotta
1074 2032 1108 2087 et
1124 2021 1296 2105 Torquato
1314 2040 1370 2085 con·
1404 2055 1406 2092 1

229 2111 359 2192 solibus
385 2120 576 2206 complures
596 2123 630 2189 iu
652 2119 818 2204 Capitolio
846 2142 900 2189 res
925 2119 968 2188 de
991 2121 1085 2191 caelo
1108 2144 1185 2192 esse
1209 2141 1369 2208 percussas,

230 2247 309 2296 cum
335 2239 369 2293 et
387 2224 569 2295 simulacra
592 2225 734 2291 deorum
758 2223 1002 2293 immortalium
1022 2225 1161 2310 depulsa
1181 2240 1262 2297 sunt
1280 2240 1309 2294 et
1323 2236 1370 2293 sta·
1404 2260 1406 2299 ;

231 2340 308 2396 tuae
331 2340 485 2398 veterum
510 2327 686 2398 hominurn
716 2323 866 2400 deiectae
890 2341 924 2396 et
950 2328 1064 2411 legum
1093 2351 1173 2398 aera
1201 2330 1371 2416 liquefacta

230 2444 341 2502 tactus
363 2446 415 2502 est
439 2434 540 2502 etiam
564 2432 639 2513 ille,
677 2433 732 2517 qui
756 2429 844 2500 hane
870 2431 989 2501 urbem
1013 2433 1188 2513 condidit,
1221 2431 1370 2508 Romulus,

297 2632 538 2695 §tarantasiam
558 2632 589 2680 li.
609 2651 643 2668 -
659 2631 701 2676 air
718 2629 845 2693 videratur]
865 2627 894 2678 T.
914 2626 974 2688 (nou
993 2628 1037 2691 u.)
1055 2656 1089 2670 -
1107 2634 1214 2682 burnonis
1231 2634 1325 2680 cauma
1336 2633 1371 2674 tas·

230 2724 277 2766 ram
293 2705 376 2764 molem
391 2731 468 2766 rerum
484 2717 620 2775 gubernatio
639 2717 745 2775 consequi
760 2717 864 2774 potuisse
881 2714 934 2761 TR.
952 2718 1057 2764 masan
1073 2719 1177 2762 consiliis
1193 2724 1304 2765 tanmrsm
1317 2726 1372 2762 rem

229 2805 417 2863 gubernationem
437 2804 488 2863 quis
509 2801 616 2860 consequi
639 2803 743 2859 potuisse
765 2799 796 2846 Ρ.
818 2799 928 2859 Vulgata
950 2802 1058 2847 firmatur
1080 2817 1095 2848 a
1119 2802 1255 2864 Salisburg.
1274 2828 1304 2841 ·-
1319 2802 1371 2845 nana

230 2892 304 2934 retem
325 2902 423 2947 quaeque
445 2892 491 2931 tam
510 2886 576 2932 nobis
602 2886 731 2930 consulibua
753 2885 824 2929 multa
839 2883 908 2943 saeta
931 2882 960 2929 T.
980 2890 1054 2930 motus
1074 2888 1221 2946 relinquam,
1246 2892 1272 2934 ut
1294 2886 1372 2933 onitu

170 2971 178 2986 ⁵
227 2979 304 3025 cetera
322 2989 379 3035 qnae
398 2974 431 3021 ira
446 2975 518 3022 natea
539 2971 591 3020 ΒΡ.
608 2994 643 3010 -
659 2971 858 3029 taetaqasaaam
877 2972 911 3013 est
927 2967 957 3017 T.
975 2968 1034 3032 (nou
1052 2968 1095 3031 ll.)
1399 2943 1402 2966 Ι

220 3087 223 3090 ’
295 3085 308 3148 b
332 3086 371 3132 19.
388 3084 435 3145 ras]
452 3081 527 3129 TRP.
546 3095 596 3128 nou
617 3084 698 3127 turres.
717 3103 747 3115 -
766 3080 859 3135 larana
879 3077 969 3130 habeut
992 3078 1066 3126 TRP.
1086 3093 1135 3126 non
1148 3082 1254 3139 delapsa.
1268 3087 1372 3136 -regn
1399 3047 1403 3164 Ξ

227 3187 283 3219 uera
300 3171 353 3220 Tll.
377 3195 410 3207 -
435 3170 556 3214 laetantem
578 3167 607 3212 T.
628 3166 683 3211 Om.
703 3165 751 3210 hoc
772 3179 796 3211 v.
815 3165 846 3209 R.
872 3161 971 3225 (Habet
989 3164 1064 3213 etiam
1083 3164 1219 3213 Arusianus
1239 3182 1265 3226 p.
1278 3164 1328 3212 2³4.
1344 3158 1371 3218 b)

180 3319 182 3322 v
228 3274 241 3302 e
259 3260 307 3302 tota
330 3256 361 3303 tt.
379 3255 438 3315 (non
459 3248 499 3311 Τ.)
515 3277 548 3289 -
568 3265 596 3295 ac
613 3253 682 3298 totius
701 3249 755 3298 ΤΒ,

230 3360 422 3377 Μ

295 3423 307 3485 l
330 3424 369 3470 19.
387 3421 426 3469 Ad
439 3425 516 3466 totum
527 3420 609 3465 locum
621 3414 762 3464 conferendi
775 3419 828 3460 sunt
840 3428 920 3461 versus
931 3412 1006 3473 ipsius
1018 3414 1142 3463 Ciceronis
1155 3418 1185 3462 de
1196 3415 1302 3464 Divinat.
1317 3414 1334 3466 l,
1346 3409 1372 3454 ll·

228 3512 295 3556 Nunc
317 3524 343 3554 ea
368 3507 484 3566 Torquato
507 3520 564 3566 quaa
586 3504 700 3563 quondam
723 3504 746 3546 et
768 3501 858 3550 romule
884 3499 949 3543 Cotta
968 3498 1003 3559 (a.
1021 3513 1044 3545 u.
1062 3513 1083 3545 c.
1102 3499 1174 3560 639.)
1191 3503 1278 3559 Lydius
1294 3496 1373 3544 eluat

230 3596 359 3653 Tyrrhenae
380 3593 455 3650 gentis
472 3594 598 3647 haruspex.
629 3588 710 3633 Omaia
721 3586 776 3645 fixa
794 3588 844 3629 tuus
859 3586 991 3641 glomerans
1008 3585 1145 3629 determinat
1159 3599 1240 3631 astans.
1275 3584 1371 3635 noan

227 3681 263 3721 ter
280 3677 417 3726 altitonans,
444 3674 544 3722 stellanti
567 3673 636 3715 airus
661 3668 758 3725 Olympo
776 3669 830 3726 Ipse
846 3682 899 3713 suos
917 3670 1030 3727 quondam
1047 3667 1148 3714 tumulos
1162 3685 1190 3714 ar
1205 3670 1290 3726 tempta
1308 3661 1372 3724 petiuit

227 3762 259 3807 Et
278 3762 415 3817 Capitolinis
433 3760 511 3804 iniecit
527 3758 618 3802 sedibus
636 3757 708 3812 iguem
746 3753 802 3797 Turn
826 3756 912 3811 speeies
933 3768 963 3798 ea
979 3769 1032 3799 aare
1053 3758 1115 3799 natm
1135 3768 1289 3813 generosaque
1307 3751 1371 3796 nanu

230 3847 336 3891 mactate
351 3829 484 3902 elapsaeque
501 3844 588 3886 uetusto
605 3839 696 3882 nomine
713 3839 775 3895 tegas
793 3838 920 3883 EtDioom
938 3840 1061 3884 simulacra
1074 3841 1177 3897 peremit
1186 3838 1295 3897 sulsninis
1309 3832 1371 3878 arflat-

227 3932 275 3977 Hic
299 3931 413 3975 siluestris
436 3931 500 3981 erat,
529 3924 630 3971 nomam·
653 3912 753 3967 nominis
775 3924 850 3968 altrix
872 3924 972 3977 Martia,
1002 3937 1059 3983 quaa
1072 3938 1162 3981 paruos
1180 3924 1292 3968 Mauortis
1308 3916 1371 3964 senitt

227 4022 294 4062 statos
315 4015 425 4061 Uberibus
442 4011 549 4070 grauirfls
567 4009 634 4052 uitali
651 4021 704 4052 rare
722 4007 830 4065 rigabat3
850 4008 911 4061 Quae
928 4013 974 4053 tum
991 4021 1041 4052 cum
1056 4009 1137 4065 pueris
1147 4009 1272 4069 flammato
1281 3999 1370 4063 satana

227 4102 273 4145 ictu
300 4098 405 4143 Concidit
426 4098 492 4152 atque
513 4092 594 4137 avolsa
615 4090 699 4147 pedum
722 4093 820 4149 uestigia
841 4093 917 4152 liquit.
954 4093 1011 4137 Tum
1029 4094 1158 4151 quianon,
1185 4097 1243 4138 artis
1260 4092 1339 4146 scripit
1352 4096 1371 4126 ⁶⁶

227 4162 370 4229 monumenta
387 4182 505 4230 uolutans,
527 4178 597 4222 Voces
615 4175 734 4234 tristificas
752 4177 838 4221 obortis
853 4178 975 4233 promebat
991 4177 1111 4223 Etruscis?
1147 4177 1229 4223 Omnes
1244 4175 1307 4221 cirili
1319 4180 1370 4229 gat·

227 4278 282 4310 rosa
305 4249 333 4306 ab
356 4262 429 4315 stirpe
450 4257 579 4315 profectam
607 4258 685 4301 Vitare
708 4258 821 4313 ingentem
844 4261 931 4304 cladem
951 4265 1080 4320 pestemque
1102 4263 1233 4314 monebant,
1263 4259 1301 4305 ra
1314 4257 1371 4312 teg*

227 4347 324 4391 exitium
348 4337 463 4388 constanti
487 4356 541 4390 uoce
557 4341 680 4400 ferebant,
714 4342 809 4401 Tempta
832 4343 939 4404 deumque
961 4346 1019 4389 alteo
1033 4346 1139 4404 flammis
1161 4337 1372 4403 urbesque‘inbrlfll

228 4431 325 4487 Eripere
343 4432 365 4473 et
381 4431 481 4485 stragem
498 4426 633 4472 horribilem
650 4409 782 4487 caedemque
799 4430 881 4475 uereri.
915 4429 990 4489 Atque
1006 4431 1061 4475 baec
1071 4429 1128 4489 fisa
1144 4432 1213 4489 gram
1223 4429 1279 4489 sato
1294 4419 1371 4481 aest*t
