<?xml version="1.0" encoding="UTF-8"?>
<!DOCTYPE html PUBLIC "-//W3C//DTD XHTML 1.0 Transitional//EN"
    "http://www.w3.org/TR/xhtml1/DTD/xhtml1-transitional.dtd">
<html xmlns="http://www.w3.org/1999/xhtml" xml:lang="en" lang="en">
 <head>
  <title>
</title>
<meta http-equiv="Content-Type" content="text/html;charset=utf-8" />
  <meta name='ocr-system' content='tesseract 3.04.00' />
  <meta name='ocr-capabilities' content='ocr_page ocr_carea ocr_par ocr_line ocrx_word'/>
</head>
<body>
  <div class='ocr_page' id='page_1' title='image "./mtulliiciceroni00orelgoog_0408.png"; bbox 0 0 2850 4759; ppageno 0'>
   <div class='ocr_carea' id='block_1_1' title="bbox 189 186 1404 303">
    <p class='ocr_par' dir='ltr' id='par_1_1' title="bbox 189 186 1404 303">
     <span class='ocr_line' id='line_1_1' title="bbox 189 186 1404 303; baseline 0.012 -14"><span class='ocrx_word' id='word_1_1' title='bbox 189 237 250 302; x_wconf 70' lang='lat' dir='ltr'><strong>nn</strong></span> <span class='ocrx_word' id='word_1_2' title='bbox 666 226 904 297; x_wconf 79' lang='lat' dir='ltr'><strong>creeuouts</strong></span> <span class='ocrx_word' id='word_1_3' title='bbox 1096 218 1099 219; x_wconf 19' lang='lat' dir='ltr'>ff</span> <span class='ocrx_word' id='word_1_4' title='bbox 1400 186 1404 303; x_wconf 81' lang='lat' dir='ltr'><strong>l</strong></span> 
     </span>
    </p>
   </div>
   <div class='ocr_carea' id='block_1_2' title="bbox 77 385 1371 3318">
    <p class='ocr_par' dir='ltr' id='par_1_2' title="bbox 130 385 1371 2615">
     <span class='ocr_line' id='line_1_2' title="bbox 130 385 1365 477; baseline -0.006 -15"><span class='ocrx_word' id='word_1_5' title='bbox 130 400 170 462; x_wconf 84' lang='lat' dir='ltr'><strong>ot</strong></span> <span class='ocrx_word' id='word_1_6' title='bbox 270 393 390 477; x_wconf 74' lang='lat' dir='ltr'><strong>XXV.</strong></span> <span class='ocrx_word' id='word_1_7' title='bbox 431 389 561 459; x_wconf 87' lang='lat' dir='ltr'><strong>Venisti</strong></span> <span class='ocrx_word' id='word_1_8' title='bbox 576 385 816 467; x_wconf 77' lang='lat' dir='ltr'>Brundisium,</span> <span class='ocrx_word' id='word_1_9' title='bbox 844 388 878 455; x_wconf 90' lang='lat' dir='ltr'><strong>in</strong></span> <span class='ocrx_word' id='word_1_10' title='bbox 895 388 1007 455; x_wconf 89' lang='lat' dir='ltr'><strong>sinum</strong></span> <span class='ocrx_word' id='word_1_11' title='bbox 1026 387 1161 470; x_wconf 88' lang='lat' dir='ltr'><strong>quidem</strong></span> <span class='ocrx_word' id='word_1_12' title='bbox 1177 398 1209 453; x_wconf 90' lang='lat' dir='ltr'><strong>et</strong></span> <span class='ocrx_word' id='word_1_13' title='bbox 1222 387 1253 452; x_wconf 87' lang='lat' dir='ltr'><strong>in</strong></span> <span class='ocrx_word' id='word_1_14' title='bbox 1268 406 1365 455; x_wconf 85' lang='lat' dir='ltr'><strong>conr-</strong></span> 
     </span>
     <span class='ocr_line' id='line_1_3' title="bbox 191 478 1366 582; baseline -0.007 -20"><span class='ocrx_word' id='word_1_15' title='bbox 191 494 330 580; x_wconf 76' lang='lat' dir='ltr'><strong>plexum</strong></span> <span class='ocrx_word' id='word_1_16' title='bbox 357 507 436 573; x_wconf 81' lang='lat' dir='ltr'><strong>tuae</strong></span> <span class='ocrx_word' id='word_1_17' title='bbox 456 478 627 561; x_wconf 84' lang='lat' dir='ltr'><strong>mimulae.</strong></span> <span class='ocrx_word' id='word_1_18' title='bbox 658 490 751 582; x_wconf 75' lang='lat' dir='ltr'><strong>Quid</strong></span> <span class='ocrx_word' id='word_1_19' title='bbox 773 490 853 559; x_wconf 66' lang='lat' dir='ltr'><strong>esti</strong></span> <span class='ocrx_word' id='word_1_20' title='bbox 875 513 957 556; x_wconf 89' lang='lat' dir='ltr'><strong>uum</strong></span> <span class='ocrx_word' id='word_1_21' title='bbox 981 490 1154 557; x_wconf 72' lang='lat' dir='ltr'><strong>mentior?</strong></span> <span class='ocrx_word' id='word_1_22' title='bbox 1177 490 1281 580; x_wconf 77' lang='lat' dir='ltr'><strong>Quam</strong></span> <span class='ocrx_word' id='word_1_23' title='bbox 1299 490 1366 556; x_wconf 85' lang='lat' dir='ltr'><strong>mi·</strong></span> 
     </span>
     <span class='ocr_line' id='line_1_4' title="bbox 191 590 1361 675; baseline -0.007 -10"><span class='ocrx_word' id='word_1_24' title='bbox 191 618 307 666; x_wconf 89' lang='lat' dir='ltr'><strong>serum</strong></span> <span class='ocrx_word' id='word_1_25' title='bbox 338 608 390 664; x_wconf 88' lang='lat' dir='ltr'><strong>est</strong></span> <span class='ocrx_word' id='word_1_26' title='bbox 415 597 449 669; x_wconf 89' lang='lat' dir='ltr'><strong>id</strong></span> <span class='ocrx_word' id='word_1_27' title='bbox 473 614 598 675; x_wconf 85' lang='lat' dir='ltr'><strong>negare</strong></span> <span class='ocrx_word' id='word_1_28' title='bbox 622 615 697 675; x_wconf 40' lang='lat' dir='ltr'><strong>non,</strong></span> <span class='ocrx_word' id='word_1_29' title='bbox 711 614 832 675; x_wconf 91' lang='lat' dir='ltr'><strong>posse,</strong></span> <span class='ocrx_word' id='word_1_30' title='bbox 855 590 947 675; x_wconf 91' lang='lat' dir='ltr'><strong>quod</strong></span> <span class='ocrx_word' id='word_1_31' title='bbox 968 593 1013 659; x_wconf 91' lang='lat' dir='ltr'><strong>sit</strong></span> <span class='ocrx_word' id='word_1_32' title='bbox 1034 592 1265 674; x_wconf 87' lang='lat' dir='ltr'><strong>turpissimum</strong></span> <span class='ocrx_word' id='word_1_33' title='bbox 1283 612 1361 657; x_wconf 82' lang='lat' dir='ltr'><strong>cou-</strong></span> 
     </span>
     <span class='ocr_line' id='line_1_5' title="bbox 191 690 1363 778; baseline -0.006 -13"><span class='ocrx_word' id='word_1_34' title='bbox 191 697 298 766; x_wconf 80' lang='lat' dir='ltr'><strong>literi!</strong></span> <span class='ocrx_word' id='word_1_35' title='bbox 320 699 355 765; x_wconf 88' lang='lat' dir='ltr'><strong>Si</strong></span> <span class='ocrx_word' id='word_1_36' title='bbox 377 708 410 763; x_wconf 90' lang='lat' dir='ltr'><strong>te</strong></span> <span class='ocrx_word' id='word_1_37' title='bbox 434 696 696 778; x_wconf 82' lang='lat' dir='ltr'><strong>municipiorum</strong></span> <span class='ocrx_word' id='word_1_38' title='bbox 714 718 785 763; x_wconf 86' lang='lat' dir='ltr'><strong>non</strong></span> <span class='ocrx_word' id='word_1_39' title='bbox 806 693 975 777; x_wconf 86' lang='lat' dir='ltr'><strong>pudebat,</strong></span> <span class='ocrx_word' id='word_1_40' title='bbox 1001 715 1045 761; x_wconf 89' lang='lat' dir='ltr'><strong>ne</strong></span> <span class='ocrx_word' id='word_1_41' title='bbox 1064 693 1216 760; x_wconf 62' lang='lat' dir='ltr'><strong>veterani</strong></span> <span class='ocrx_word' id='word_1_42' title='bbox 1234 690 1363 774; x_wconf 87' lang='lat' dir='ltr'><strong>quidem</strong></span> 
     </span>
     <span class='ocr_line' id='line_1_6' title="bbox 192 792 1364 881; baseline -0.007 -14"><span class='ocrx_word' id='word_1_43' title='bbox 192 798 395 867; x_wconf 70' lang='lat' dir='ltr'><strong>exereitus?</strong></span> <span class='ocrx_word' id='word_1_44' title='bbox 429 799 504 881; x_wconf 87' lang='lat' dir='ltr'><strong>quis</strong></span> <span class='ocrx_word' id='word_1_45' title='bbox 532 798 621 863; x_wconf 89' lang='lat' dir='ltr'><strong>enim</strong></span> <span class='ocrx_word' id='word_1_46' title='bbox 651 795 748 864; x_wconf 86' lang='lat' dir='ltr'><strong>miles</strong></span> <span class='ocrx_word' id='word_1_47' title='bbox 779 795 864 876; x_wconf 86' lang='lat' dir='ltr'><strong>suit,</strong></span> <span class='ocrx_word' id='word_1_48' title='bbox 895 798 951 879; x_wconf 90' lang='lat' dir='ltr'><strong>qui</strong></span> <span class='ocrx_word' id='word_1_49' title='bbox 983 794 1154 863; x_wconf 79' lang='lat' dir='ltr'><strong>Brundisii</strong></span> <span class='ocrx_word' id='word_1_50' title='bbox 1181 792 1270 877; x_wconf 81' lang='lat' dir='ltr'><strong>illam</strong></span> <span class='ocrx_word' id='word_1_51' title='bbox 1296 816 1364 859; x_wconf 85' lang='lat' dir='ltr'><strong>non</strong></span> 
     </span>
     <span class='ocr_line' id='line_1_7' title="bbox 191 895 1365 984; baseline -0.004 -19"><span class='ocrx_word' id='word_1_52' title='bbox 191 899 344 967; x_wconf 67' lang='lat' dir='ltr'><strong>viderit?</strong></span> <span class='ocrx_word' id='word_1_53' title='bbox 374 900 466 984; x_wconf 89' lang='lat' dir='ltr'><strong>quis,</strong></span> <span class='ocrx_word' id='word_1_54' title='bbox 497 901 554 982; x_wconf 87' lang='lat' dir='ltr'><strong>qui</strong></span> <span class='ocrx_word' id='word_1_55' title='bbox 579 899 758 976; x_wconf 88' lang='lat' dir='ltr'><strong>nescierit,</strong></span> <span class='ocrx_word' id='word_1_56' title='bbox 794 898 929 965; x_wconf 90' lang='lat' dir='ltr'><strong>venisse</strong></span> <span class='ocrx_word' id='word_1_57' title='bbox 966 917 1040 963; x_wconf 91' lang='lat' dir='ltr'><strong>eam</strong></span> <span class='ocrx_word' id='word_1_58' title='bbox 1071 908 1124 964; x_wconf 90' lang='lat' dir='ltr'><strong>tot</strong></span> <span class='ocrx_word' id='word_1_59' title='bbox 1156 897 1213 964; x_wconf 85' lang='lat' dir='ltr'><strong>tibi</strong></span> <span class='ocrx_word' id='word_1_60' title='bbox 1239 895 1365 963; x_wconf 84' lang='lat' dir='ltr'><strong>dierum</strong></span> 
     </span>
     <span class='ocr_line' id='line_1_8' title="bbox 192 999 1364 1089; baseline -0.004 -21"><span class='ocrx_word' id='word_1_61' title='bbox 192 1002 283 1068; x_wconf 88' lang='lat' dir='ltr'><strong>viam</strong></span> <span class='ocrx_word' id='word_1_62' title='bbox 311 1000 547 1083; x_wconf 63' lang='lat' dir='ltr'><strong>gratulatum?</strong></span> <span class='ocrx_word' id='word_1_63' title='bbox 583 999 675 1084; x_wconf 85' lang='lat' dir='ltr'><strong>quia,</strong></span> <span class='ocrx_word' id='word_1_64' title='bbox 710 1001 768 1084; x_wconf 89' lang='lat' dir='ltr'><strong>qui</strong></span> <span class='ocrx_word' id='word_1_65' title='bbox 801 1020 872 1067; x_wconf 90' lang='lat' dir='ltr'><strong>non</strong></span> <span class='ocrx_word' id='word_1_66' title='bbox 900 999 1086 1089; x_wconf 82' lang='lat' dir='ltr'><strong>indoluerit</strong></span> <span class='ocrx_word' id='word_1_67' title='bbox 1117 1009 1185 1065; x_wconf 85' lang='lat' dir='ltr'><strong>tam</strong></span> <span class='ocrx_word' id='word_1_68' title='bbox 1212 1019 1288 1066; x_wconf 89' lang='lat' dir='ltr'><strong>sero</strong></span> <span class='ocrx_word' id='word_1_69' title='bbox 1313 1018 1364 1071; x_wconf 79' lang='lat' dir='ltr'><strong>se.</strong></span> 
     </span>
     <span class='ocr_line' id='line_1_9' title="bbox 132 1097 1371 1189; baseline -0.006 -18"><span class='ocrx_word' id='word_1_70' title='bbox 132 1097 172 1160; x_wconf 73' lang='lat'><strong>⁶²</strong></span> <span class='ocrx_word' id='word_1_71' title='bbox 193 1122 295 1188; x_wconf 84' lang='lat' dir='ltr'><strong>quem</strong></span> <span class='ocrx_word' id='word_1_72' title='bbox 319 1123 463 1189; x_wconf 80' lang='lat' dir='ltr'><strong>nequam</strong></span> <span class='ocrx_word' id='word_1_73' title='bbox 490 1100 663 1170; x_wconf 88' lang='lat' dir='ltr'><strong>homiuem</strong></span> <span class='ocrx_word' id='word_1_74' title='bbox 688 1113 829 1171; x_wconf 87' lang='lat' dir='ltr'><strong>secutus</strong></span> <span class='ocrx_word' id='word_1_75' title='bbox 856 1114 965 1179; x_wconf 85' lang='lat' dir='ltr'><strong>esset,</strong></span> <span class='ocrx_word' id='word_1_76' title='bbox 988 1100 1226 1183; x_wconf 68' lang='lat' dir='ltr'><strong>cognoscere?</strong></span> <span class='ocrx_word' id='word_1_77' title='bbox 1248 1097 1371 1183; x_wconf 14' lang='lat' dir='ltr'><strong>‘Italiae</strong></span> 
     </span>
     <span class='ocr_line' id='line_1_10' title="bbox 192 1200 1363 1288; baseline -0.008 -15"><span class='ocrx_word' id='word_1_78' title='bbox 192 1226 313 1273; x_wconf 87' lang='lat' dir='ltr'><strong>rursus</strong></span> <span class='ocrx_word' id='word_1_79' title='bbox 337 1207 551 1288; x_wconf 72' lang='lat' dir='ltr'><strong>percursatio</strong></span> <span class='ocrx_word' id='word_1_80' title='bbox 577 1203 696 1271; x_wconf 88' lang='lat' dir='ltr'><strong>eadem</strong></span> <span class='ocrx_word' id='word_1_81' title='bbox 725 1204 849 1272; x_wconf 89' lang='lat' dir='ltr'><strong>comite</strong></span> <span class='ocrx_word' id='word_1_82' title='bbox 874 1206 998 1281; x_wconf 65' lang='lat' dir='ltr'><strong>mimas</strong></span> <span class='ocrx_word' id='word_1_83' title='bbox 1018 1203 1051 1269; x_wconf 89' lang='lat' dir='ltr'><strong>in</strong></span> <span class='ocrx_word' id='word_1_84' title='bbox 1079 1200 1203 1285; x_wconf 88' lang='lat' dir='ltr'><strong>oppida</strong></span> <span class='ocrx_word' id='word_1_85' title='bbox 1228 1200 1363 1268; x_wconf 86' lang='lat' dir='ltr'><strong>militum</strong></span> 
     </span>
     <span class='ocr_line' id='line_1_11' title="bbox 194 1304 1363 1385; baseline -0.005 -10"><span class='ocrx_word' id='word_1_86' title='bbox 194 1304 341 1375; x_wconf 87' lang='lat' dir='ltr'><strong>erudelis</strong></span> <span class='ocrx_word' id='word_1_87' title='bbox 364 1319 397 1374; x_wconf 90' lang='lat' dir='ltr'><strong>et</strong></span> <span class='ocrx_word' id='word_1_88' title='bbox 420 1308 544 1374; x_wconf 87' lang='lat' dir='ltr'><strong>misera</strong></span> <span class='ocrx_word' id='word_1_89' title='bbox 569 1305 749 1385; x_wconf 63' lang='lat' dir='ltr'><strong>deductim</strong></span> <span class='ocrx_word' id='word_1_90' title='bbox 779 1306 813 1372; x_wconf 90' lang='lat' dir='ltr'><strong>in</strong></span> <span class='ocrx_word' id='word_1_91' title='bbox 832 1307 918 1373; x_wconf 89' lang='lat' dir='ltr'><strong>urbe</strong></span> <span class='ocrx_word' id='word_1_92' title='bbox 938 1305 1029 1384; x_wconf 86' lang='lat' dir='ltr'><strong>auri,</strong></span> <span class='ocrx_word' id='word_1_93' title='bbox 1053 1305 1186 1384; x_wconf 85' lang='lat' dir='ltr'><strong>argenti</strong></span> <span class='ocrx_word' id='word_1_94' title='bbox 1211 1304 1363 1370; x_wconf 80' lang='lat' dir='ltr'><strong>maxime·</strong></span> 
     </span>
     <span class='ocr_line' id='line_1_12' title="bbox 194 1407 1364 1494; baseline -0.006 -19"><span class='ocrx_word' id='word_1_95' title='bbox 194 1430 259 1494; x_wconf 87' lang='lat' dir='ltr'><strong>que</strong></span> <span class='ocrx_word' id='word_1_96' title='bbox 282 1410 349 1475; x_wconf 80' lang='lat' dir='ltr'><strong>vini</strong></span> <span class='ocrx_word' id='word_1_97' title='bbox 370 1407 469 1477; x_wconf 80' lang='lat' dir='ltr'><strong>ioeda</strong></span> <span class='ocrx_word' id='word_1_98' title='bbox 489 1408 647 1490; x_wconf 79' lang='lat' dir='ltr'><strong>direptio.</strong></span> <span class='ocrx_word' id='word_1_99' title='bbox 687 1407 865 1486; x_wconf 76' lang='lat' dir='ltr'><strong>Accessit,</strong></span> <span class='ocrx_word' id='word_1_100' title='bbox 886 1419 944 1486; x_wconf 89' lang='lat' dir='ltr'><strong>ut,</strong></span> <span class='ocrx_word' id='word_1_101' title='bbox 967 1407 1113 1474; x_wconf 83' lang='lat' dir='ltr'><strong>Caesare</strong></span> <span class='ocrx_word' id='word_1_102' title='bbox 1137 1409 1273 1486; x_wconf 86' lang='lat' dir='ltr'><strong>ignaro,</strong></span> <span class='ocrx_word' id='word_1_103' title='bbox 1293 1425 1364 1469; x_wconf 89' lang='lat' dir='ltr'><strong>cum</strong></span> 
     </span>
     <span class='ocr_line' id='line_1_13' title="bbox 194 1508 1365 1600; baseline -0.009 -22"><span class='ocrx_word' id='word_1_104' title='bbox 194 1521 285 1579; x_wconf 86' lang='lat' dir='ltr'><strong>esset</strong></span> <span class='ocrx_word' id='word_1_105' title='bbox 315 1508 372 1576; x_wconf 93' lang='lat' dir='ltr'><strong>ille</strong></span> <span class='ocrx_word' id='word_1_106' title='bbox 394 1508 651 1592; x_wconf 73' lang='lat' dir='ltr'><strong>Alexandreae,</strong></span> <span class='ocrx_word' id='word_1_107' title='bbox 682 1510 848 1580; x_wconf 79' lang='lat' dir='ltr'><strong>beneficio</strong></span> <span class='ocrx_word' id='word_1_108' title='bbox 883 1509 1073 1600; x_wconf 88' lang='lat' dir='ltr'><strong>amicorum</strong></span> <span class='ocrx_word' id='word_1_109' title='bbox 1110 1509 1183 1574; x_wconf 89' lang='lat' dir='ltr'><strong>eius</strong></span> <span class='ocrx_word' id='word_1_110' title='bbox 1214 1508 1365 1586; x_wconf 78' lang='lat' dir='ltr'><strong>magister</strong></span> 
     </span>
     <span class='ocr_line' id='line_1_14' title="bbox 194 1609 1363 1694; baseline -0.006 -16"><span class='ocrx_word' id='word_1_111' title='bbox 194 1612 347 1694; x_wconf 87' lang='lat' dir='ltr'><strong>e&#39;quitum</strong></span> <span class='ocrx_word' id='word_1_112' title='bbox 375 1611 655 1678; x_wconf 75' lang='lat' dir='ltr'><strong>constitueretur.</strong></span> <span class='ocrx_word' id='word_1_113' title='bbox 704 1613 795 1679; x_wconf 84' lang='lat' dir='ltr'><strong>Tum</strong></span> <span class='ocrx_word' id='word_1_114' title='bbox 821 1610 1030 1678; x_wconf 83' lang='lat' dir='ltr'><strong>existimavit</strong></span> <span class='ocrx_word' id='word_1_115' title='bbox 1052 1629 1090 1677; x_wconf 91' lang='lat' dir='ltr'><strong>se</strong></span> <span class='ocrx_word' id='word_1_116' title='bbox 1114 1630 1178 1677; x_wconf 93' lang='lat' dir='ltr'><strong>suo</strong></span> <span class='ocrx_word' id='word_1_117' title='bbox 1199 1609 1273 1675; x_wconf 91' lang='lat' dir='ltr'><strong>iure</strong></span> <span class='ocrx_word' id='word_1_118' title='bbox 1293 1629 1363 1673; x_wconf 88' lang='lat' dir='ltr'><strong>cum</strong></span> 
     </span>
     <span class='ocr_line' id='line_1_15' title="bbox 192 1710 1362 1796; baseline -0.006 -16"><span class='ocrx_word' id='word_1_119' title='bbox 192 1713 316 1795; x_wconf 84' lang='lat' dir='ltr'><strong>Hippia</strong></span> <span class='ocrx_word' id='word_1_120' title='bbox 332 1712 447 1781; x_wconf 84' lang='lat' dir='ltr'><strong>vivere</strong></span> <span class='ocrx_word' id='word_1_121' title='bbox 466 1724 501 1780; x_wconf 87' lang='lat' dir='ltr'><strong>et</strong></span> <span class='ocrx_word' id='word_1_122' title='bbox 518 1732 624 1796; x_wconf 87' lang='lat' dir='ltr'><strong>equos</strong></span> <span class='ocrx_word' id='word_1_123' title='bbox 642 1713 826 1795; x_wconf 83' lang='lat' dir='ltr'><strong>vectigales</strong></span> <span class='ocrx_word' id='word_1_124' title='bbox 844 1712 962 1792; x_wconf 90' lang='lat' dir='ltr'><strong>Sergio</strong></span> <span class='ocrx_word' id='word_1_125' title='bbox 981 1713 1085 1779; x_wconf 90' lang='lat' dir='ltr'><strong>mimo</strong></span> <span class='ocrx_word' id='word_1_126' title='bbox 1105 1710 1268 1787; x_wconf 21' lang='lat' dir='ltr'><strong>tradere..</strong></span> <span class='ocrx_word' id='word_1_127' title='bbox 1283 1711 1362 1775; x_wconf 85' lang='lat' dir='ltr'><strong>l&#39;nm</strong></span> 
     </span>
     <span class='ocr_line' id='line_1_16' title="bbox 194 1811 1360 1904; baseline -0.003 -23"><span class='ocrx_word' id='word_1_128' title='bbox 194 1814 257 1881; x_wconf 92' lang='lat' dir='ltr'><strong>sibi</strong></span> <span class='ocrx_word' id='word_1_129' title='bbox 281 1835 349 1881; x_wconf 89' lang='lat' dir='ltr'><strong>nou</strong></span> <span class='ocrx_word' id='word_1_130' title='bbox 369 1812 476 1893; x_wconf 86' lang='lat' dir='ltr'><strong>hano,</strong></span> <span class='ocrx_word' id='word_1_131' title='bbox 498 1835 599 1895; x_wconf 79' lang='lat' dir='ltr'><strong>quarn</strong></span> <span class='ocrx_word' id='word_1_132' title='bbox 621 1834 711 1883; x_wconf 87' lang='lat' dir='ltr'><strong>nunc</strong></span> <span class='ocrx_word' id='word_1_133' title='bbox 731 1813 821 1881; x_wconf 87' lang='lat' dir='ltr'><strong>male</strong></span> <span class='ocrx_word' id='word_1_134' title='bbox 842 1827 976 1892; x_wconf 85' lang='lat' dir='ltr'><strong>tuetur,</strong></span> <span class='ocrx_word' id='word_1_135' title='bbox 999 1812 1059 1880; x_wconf 93' lang='lat' dir='ltr'><strong>sed</strong></span> <span class='ocrx_word' id='word_1_136' title='bbox 1082 1815 1135 1880; x_wconf 91' lang='grc' dir='ltr'><strong>Μ.</strong></span> <span class='ocrx_word' id='word_1_137' title='bbox 1158 1814 1291 1904; x_wconf 84' lang='lat' dir='ltr'><strong>Pisonis</strong></span> <span class='ocrx_word' id='word_1_138' title='bbox 1307 1811 1360 1878; x_wconf 85' lang='lat' dir='ltr'><strong>de-</strong></span> 
     </span>
     <span class='ocr_line' id='line_1_17' title="bbox 195 1909 1365 2006; baseline -0.006 -23"><span class='ocrx_word' id='word_1_139' title='bbox 195 1934 308 2001; x_wconf 85' lang='lat' dir='ltr'><strong>mum,</strong></span> <span class='ocrx_word' id='word_1_140' title='bbox 329 1916 387 1983; x_wconf 90' lang='lat' dir='ltr'><strong>ubi</strong></span> <span class='ocrx_word' id='word_1_141' title='bbox 408 1914 590 1989; x_wconf 87' lang='lat' dir='ltr'><strong>habitaret.</strong></span> <span class='ocrx_word' id='word_1_142' title='bbox 611 1914 754 1997; x_wconf 76' lang='lat' dir='ltr'><strong>legerat.</strong></span> <span class='ocrx_word' id='word_1_143' title='bbox 798 1915 890 2006; x_wconf 79' lang='lat' dir='ltr'><strong>Quid</strong></span> <span class='ocrx_word' id='word_1_144' title='bbox 909 1939 973 1997; x_wconf 89' lang='lat' dir='ltr'><strong>ego</strong></span> <span class='ocrx_word' id='word_1_145' title='bbox 994 1917 1095 1988; x_wconf 79' lang='lat' dir='ltr'><strong>istius</strong></span> <span class='ocrx_word' id='word_1_146' title='bbox 1112 1915 1269 1993; x_wconf 81' lang='lat' dir='ltr'><strong>decreta,</strong></span> <span class='ocrx_word' id='word_1_147' title='bbox 1297 1909 1365 1996; x_wconf 90' lang='lat' dir='ltr'><strong>quid</strong></span> 
     </span>
     <span class='ocr_line' id='line_1_18' title="bbox 194 2017 1363 2105; baseline 0 -23"><span class='ocrx_word' id='word_1_148' title='bbox 194 2017 350 2105; x_wconf 79' lang='lat' dir='ltr'><strong>rapinas,</strong></span> <span class='ocrx_word' id='word_1_149' title='bbox 366 2017 459 2101; x_wconf 75' lang='lat' dir='ltr'><strong>&#39;quid</strong></span> <span class='ocrx_word' id='word_1_150' title='bbox 483 2017 709 2084; x_wconf 86' lang='lat' dir='ltr'><strong>hereditatum</strong></span> <span class='ocrx_word' id='word_1_151' title='bbox 736 2020 970 2098; x_wconf 87' lang='lat' dir='ltr'><strong>possessiones</strong></span> <span class='ocrx_word' id='word_1_152' title='bbox 990 2019 1106 2095; x_wconf 86' lang='lat' dir='ltr'><strong>datas,</strong></span> <span class='ocrx_word' id='word_1_153' title='bbox 1136 2018 1216 2101; x_wconf 90' lang='lat' dir='ltr'><strong>quid</strong></span> <span class='ocrx_word' id='word_1_154' title='bbox 1245 2029 1363 2099; x_wconf 88' lang='lat' dir='ltr'><strong>ereptas</strong></span> 
     </span>
     <span class='ocr_line' id='line_1_19' title="bbox 193 2119 1361 2208; baseline -0.002 -23"><span class='ocrx_word' id='word_1_155' title='bbox 193 2119 399 2201; x_wconf 74' lang='lat' dir='ltr'><strong>proferam?</strong></span> <span class='ocrx_word' id='word_1_156' title='bbox 429 2119 582 2200; x_wconf 86' lang='lat' dir='ltr'><strong>Cogebat</strong></span> <span class='ocrx_word' id='word_1_157' title='bbox 606 2131 762 2201; x_wconf 78' lang='lat' dir='ltr'><strong>egestas3</strong></span> <span class='ocrx_word' id='word_1_158' title='bbox 782 2144 849 2204; x_wconf 89' lang='lat' dir='ltr'><strong>quo</strong></span> <span class='ocrx_word' id='word_1_159' title='bbox 875 2142 912 2189; x_wconf 90' lang='lat' dir='ltr'><strong>se</strong></span> <span class='ocrx_word' id='word_1_160' title='bbox 936 2132 1103 2204; x_wconf 86' lang='lat' dir='ltr'><strong>verteret,</strong></span> <span class='ocrx_word' id='word_1_161' title='bbox 1125 2143 1195 2187; x_wconf 90' lang='lat' dir='ltr'><strong>non</strong></span> <span class='ocrx_word' id='word_1_162' title='bbox 1221 2120 1361 2208; x_wconf 74' lang='lat' dir='ltr'><strong>habebat</strong></span> 
     </span>
     <span class='ocr_line' id='line_1_20' title="bbox 193 2218 1364 2306; baseline -0.003 -18"><span class='ocrx_word' id='word_1_163' title='bbox 193 2220 356 2291; x_wconf 89' lang='lat' dir='ltr'><strong>Nondum</strong></span> <span class='ocrx_word' id='word_1_164' title='bbox 384 2221 415 2288; x_wconf 88' lang='lat' dir='ltr'><strong>ci</strong></span> <span class='ocrx_word' id='word_1_165' title='bbox 438 2233 531 2291; x_wconf 89' lang='lat' dir='ltr'><strong>tanta</strong></span> <span class='ocrx_word' id='word_1_166' title='bbox 557 2242 577 2288; x_wconf 90' lang='lat' dir='ltr'><strong>a</strong></span> <span class='ocrx_word' id='word_1_167' title='bbox 597 2221 637 2288; x_wconf 81' lang='lat' dir='ltr'><strong>l..</strong></span> <span class='ocrx_word' id='word_1_168' title='bbox 660 2223 810 2306; x_wconf 87' lang='lat' dir='ltr'><strong>Rubrio,</strong></span> <span class='ocrx_word' id='word_1_169' title='bbox 831 2245 899 2290; x_wconf 88' lang='lat' dir='ltr'><strong>nou</strong></span> <span class='ocrx_word' id='word_1_170' title='bbox 922 2243 941 2290; x_wconf 96' lang='lat' dir='ltr'><strong>a</strong></span> <span class='ocrx_word' id='word_1_171' title='bbox 963 2223 1003 2291; x_wconf 83' lang='lat' dir='ltr'><strong>t..</strong></span> <span class='ocrx_word' id='word_1_172' title='bbox 1026 2221 1187 2290; x_wconf 80' lang='lat' dir='ltr'><strong>Turselio</strong></span> <span class='ocrx_word' id='word_1_173' title='bbox 1206 2218 1364 2303; x_wconf 78' lang='lat' dir='ltr'><strong>liereditas</strong></span> 
     </span>
     <span class='ocr_line' id='line_1_21' title="bbox 193 2322 1366 2408; baseline 0.001 -20"><span class='ocrx_word' id='word_1_174' title='bbox 193 2335 353 2399; x_wconf 63' lang='lat' dir='ltr'><strong>veneratu</strong></span> <span class='ocrx_word' id='word_1_175' title='bbox 373 2322 526 2391; x_wconf 83' lang='lat' dir='ltr'><strong>noudum</strong></span> <span class='ocrx_word' id='word_1_176' title='bbox 553 2325 587 2389; x_wconf 90' lang='lat' dir='ltr'><strong>in</strong></span> <span class='ocrx_word' id='word_1_177' title='bbox 613 2324 674 2393; x_wconf 84' lang='lat' dir='ltr'><strong>Cn.</strong></span> <span class='ocrx_word' id='word_1_178' title='bbox 694 2326 850 2408; x_wconf 86' lang='lat' dir='ltr'><strong>Pompeii</strong></span> <span class='ocrx_word' id='word_1_179' title='bbox 874 2324 989 2394; x_wconf 89' lang='lat' dir='ltr'><strong>locum</strong></span> <span class='ocrx_word' id='word_1_180' title='bbox 1015 2323 1274 2408; x_wconf 80' lang='lat' dir='ltr'><strong>multorumque</strong></span> <span class='ocrx_word' id='word_1_181' title='bbox 1296 2323 1366 2407; x_wconf 84' lang='lat' dir='ltr'><strong>aiio·</strong></span> 
     </span>
     <span class='ocr_line' id='line_1_22' title="bbox 193 2423 1365 2509; baseline -0.003 -19"><span class='ocrx_word' id='word_1_182' title='bbox 193 2444 291 2509; x_wconf 85' lang='lat' dir='ltr'><strong>rum,</strong></span> <span class='ocrx_word' id='word_1_183' title='bbox 325 2425 381 2506; x_wconf 86' lang='lat' dir='ltr'><strong>qui</strong></span> <span class='ocrx_word' id='word_1_184' title='bbox 409 2426 567 2502; x_wconf 85' lang='lat' dir='ltr'><strong>aberant,</strong></span> <span class='ocrx_word' id='word_1_185' title='bbox 602 2428 798 2508; x_wconf 88' lang='lat' dir='ltr'><strong>repentinus</strong></span> <span class='ocrx_word' id='word_1_186' title='bbox 829 2426 928 2495; x_wconf 88' lang='lat' dir='ltr'><strong>heres</strong></span> <span class='ocrx_word' id='word_1_187' title='bbox 956 2439 1206 2495; x_wconf 87' lang='lat' dir='ltr'><strong>successerat..</strong></span> <span class='ocrx_word' id='word_1_188' title='bbox 1234 2427 1315 2494; x_wconf 90' lang='lat' dir='ltr'><strong>Erat</strong></span> <span class='ocrx_word' id='word_1_189' title='bbox 1339 2423 1365 2489; x_wconf 90' lang='lat' dir='ltr'><strong>ei</strong></span> 
     </span>
     <span class='ocr_line' id='line_1_23' title="bbox 193 2522 1366 2615; baseline 0.001 -26"><span class='ocrx_word' id='word_1_190' title='bbox 193 2523 377 2591; x_wconf 86' lang='lat' dir='ltr'><strong>vivendum</strong></span> <span class='ocrx_word' id='word_1_191' title='bbox 395 2522 569 2593; x_wconf 87' lang='lat' dir='ltr'><strong>latronum</strong></span> <span class='ocrx_word' id='word_1_192' title='bbox 589 2526 676 2605; x_wconf 88' lang='lat' dir='ltr'><strong>ritu,</strong></span> <span class='ocrx_word' id='word_1_193' title='bbox 696 2540 737 2594; x_wconf 88' lang='lat' dir='ltr'><strong>ut</strong></span> <span class='ocrx_word' id='word_1_194' title='bbox 750 2539 882 2597; x_wconf 86' lang='lat' dir='ltr'><strong>tantum</strong></span> <span class='ocrx_word' id='word_1_195' title='bbox 897 2529 1054 2615; x_wconf 89' lang='lat' dir='ltr'><strong>haberet,</strong></span> <span class='ocrx_word' id='word_1_196' title='bbox 1076 2541 1243 2612; x_wconf 84' lang='lat' dir='ltr'><strong>quantum</strong></span> <span class='ocrx_word' id='word_1_197' title='bbox 1261 2546 1366 2611; x_wconf 89' lang='lat' dir='ltr'><strong>rapere</strong></span> 
     </span>
    </p>

    <p class='ocr_par' dir='ltr' id='par_1_3' title="bbox 77 2626 1366 3318">
     <span class='ocr_line' id='line_1_24' title="bbox 171 2626 1278 2711; baseline 0.001 -20"><span class='ocrx_word' id='word_1_198' title='bbox 171 2630 176 2641; x_wconf 76' lang='grc'>’</span> <span class='ocrx_word' id='word_1_199' title='bbox 193 2626 373 2708; x_wconf 89' lang='lat' dir='ltr'><strong>potuisset.</strong></span> <span class='ocrx_word' id='word_1_200' title='bbox 1276 2706 1278 2711; x_wconf 67' lang='lat'>,</span> 
     </span>
     <span class='ocr_line' id='line_1_25' title="bbox 130 2725 1366 2825; baseline 0.003 -33"><span class='ocrx_word' id='word_1_201' title='bbox 130 2730 170 2793; x_wconf 80' lang='grc'><strong>63</strong></span> <span class='ocrx_word' id='word_1_202' title='bbox 273 2725 338 2793; x_wconf 86' lang='lat' dir='ltr'><strong>Sed</strong></span> <span class='ocrx_word' id='word_1_203' title='bbox 353 2731 453 2806; x_wconf 83' lang='lat' dir='ltr'><strong>haee,</strong></span> <span class='ocrx_word' id='word_1_204' title='bbox 475 2750 562 2813; x_wconf 87' lang='lat' dir='ltr'><strong>quae</strong></span> <span class='ocrx_word' id='word_1_205' title='bbox 573 2731 778 2803; x_wconf 85' lang='lat' dir='ltr'><strong>robustioris</strong></span> <span class='ocrx_word' id='word_1_206' title='bbox 793 2733 1019 2816; x_wconf 87' lang='lat' dir='ltr'><strong>improbitatis</strong></span> <span class='ocrx_word' id='word_1_207' title='bbox 1034 2726 1133 2812; x_wconf 82' lang='lat' dir='ltr'><strong>suut,</strong></span> <span class='ocrx_word' id='word_1_208' title='bbox 1147 2733 1366 2825; x_wconf 76' lang='lat' dir='ltr'><strong>omittamus3</strong></span> 
     </span>
     <span class='ocr_line' id='line_1_26' title="bbox 192 2827 1365 2917; baseline 0.004 -22"><span class='ocrx_word' id='word_1_209' title='bbox 192 2827 374 2910; x_wconf 87' lang='lat' dir='ltr'><strong>loquamur</strong></span> <span class='ocrx_word' id='word_1_210' title='bbox 403 2833 518 2912; x_wconf 89' lang='lat' dir='ltr'><strong>potius</strong></span> <span class='ocrx_word' id='word_1_211' title='bbox 547 2833 589 2900; x_wconf 89' lang='lat' dir='ltr'><strong>de</strong></span> <span class='ocrx_word' id='word_1_212' title='bbox 616 2836 826 2917; x_wconf 87' lang='lat' dir='ltr'><strong>nequissimo</strong></span> <span class='ocrx_word' id='word_1_213' title='bbox 852 2856 977 2917; x_wconf 84' lang='lat' dir='ltr'><strong>genere</strong></span> <span class='ocrx_word' id='word_1_214' title='bbox 1004 2834 1163 2905; x_wconf 87' lang='lat' dir='ltr'><strong>levitatis.</strong></span> <span class='ocrx_word' id='word_1_215' title='bbox 1221 2836 1277 2902; x_wconf 81' lang='lat' dir='ltr'><strong>&#39;lu</strong></span> <span class='ocrx_word' id='word_1_216' title='bbox 1304 2835 1365 2901; x_wconf 88' lang='lat' dir='ltr'><strong>istis</strong></span> 
     </span>
     <span class='ocr_line' id='line_1_27' title="bbox 77 2924 1366 3018; baseline 0 -20"><span class='ocrx_word' id='word_1_217' title='bbox 77 2924 86 2941; x_wconf 78' lang='grc'><strong>“</strong></span> <span class='ocrx_word' id='word_1_218' title='bbox 191 2931 364 3014; x_wconf 82' lang='lat' dir='ltr'><strong>saucibus,</strong></span> <span class='ocrx_word' id='word_1_219' title='bbox 391 2933 465 3001; x_wconf 90' lang='lat' dir='ltr'><strong>istis</strong></span> <span class='ocrx_word' id='word_1_220' title='bbox 485 2932 668 3016; x_wconf 59' lang='lat' dir='ltr'><strong>lateribus3</strong></span> <span class='ocrx_word' id='word_1_221' title='bbox 698 2938 764 3005; x_wconf 90' lang='lat' dir='ltr'><strong>ista</strong></span> <span class='ocrx_word' id='word_1_222' title='bbox 790 2936 991 3018; x_wconf 91' lang='lat' dir='ltr'><strong>gladiatoria</strong></span> <span class='ocrx_word' id='word_1_223' title='bbox 1015 2938 1119 3003; x_wconf 89' lang='lat' dir='ltr'><strong>totius</strong></span> <span class='ocrx_word' id='word_1_224' title='bbox 1141 2938 1302 3017; x_wconf 86' lang='lat' dir='ltr'><strong>corporis</strong></span> <span class='ocrx_word' id='word_1_225' title='bbox 1319 2935 1366 3000; x_wconf 86' lang='lat' dir='ltr'><strong>fir·</strong></span> 
     </span>
     <span class='ocr_line' id='line_1_28' title="bbox 190 3033 1364 3125; baseline 0.001 -27"><span class='ocrx_word' id='word_1_226' title='bbox 190 3033 313 3103; x_wconf 78' lang='lat' dir='ltr'><strong>mirate</strong></span> <span class='ocrx_word' id='word_1_227' title='bbox 342 3044 473 3103; x_wconf 87' lang='lat' dir='ltr'><strong>tantum</strong></span> <span class='ocrx_word' id='word_1_228' title='bbox 506 3038 574 3103; x_wconf 89' lang='lat' dir='ltr'><strong>vini</strong></span> <span class='ocrx_word' id='word_1_229' title='bbox 602 3038 635 3103; x_wconf 90' lang='lat' dir='ltr'><strong>iu</strong></span> <span class='ocrx_word' id='word_1_230' title='bbox 664 3037 807 3120; x_wconf 88' lang='lat' dir='ltr'><strong>Hippiae</strong></span> <span class='ocrx_word' id='word_1_231' title='bbox 838 3041 964 3120; x_wconf 88' lang='lat' dir='ltr'><strong>nuptiis</strong></span> <span class='ocrx_word' id='word_1_232' title='bbox 996 3037 1225 3125; x_wconf 81' lang='lat' dir='ltr'><strong>exhauseras,</strong></span> <span class='ocrx_word' id='word_1_233' title='bbox 1258 3049 1296 3105; x_wconf 89' lang='lat' dir='ltr'><strong>ut</strong></span> <span class='ocrx_word' id='word_1_234' title='bbox 1319 3035 1364 3103; x_wconf 84' lang='lat' dir='ltr'><strong>tibi</strong></span> 
     </span>
     <span class='ocr_line' id='line_1_29' title="bbox 189 3138 1365 3223; baseline 0.005 -26"><span class='ocrx_word' id='word_1_235' title='bbox 189 3153 329 3202; x_wconf 88' lang='lat' dir='ltr'><strong>necesse</strong></span> <span class='ocrx_word' id='word_1_236' title='bbox 354 3150 447 3204; x_wconf 90' lang='lat' dir='ltr'><strong>esset</strong></span> <span class='ocrx_word' id='word_1_237' title='bbox 468 3138 500 3204; x_wconf 90' lang='lat' dir='ltr'><strong>in</strong></span> <span class='ocrx_word' id='word_1_238' title='bbox 523 3138 640 3222; x_wconf 91' lang='lat' dir='ltr'><strong>populi</strong></span> <span class='ocrx_word' id='word_1_239' title='bbox 661 3142 806 3207; x_wconf 86' lang='lat' dir='ltr'><strong>Romani</strong></span> <span class='ocrx_word' id='word_1_240' title='bbox 828 3151 1015 3221; x_wconf 90' lang='lat' dir='ltr'><strong>conspectu</strong></span> <span class='ocrx_word' id='word_1_241' title='bbox 1037 3161 1179 3207; x_wconf 89' lang='lat' dir='ltr'><strong>vomere</strong></span> <span class='ocrx_word' id='word_1_242' title='bbox 1201 3140 1365 3223; x_wconf 83' lang='lat' dir='ltr'><strong>postridie.</strong></span> 
     </span>
     <span class='ocr_line' id='line_1_30' title="bbox 190 3234 1363 3318; baseline 0.002 -17"><span class='ocrx_word' id='word_1_243' title='bbox 190 3234 218 3301; x_wconf 92' lang='grc' dir='ltr'><strong>Ο</strong></span> <span class='ocrx_word' id='word_1_244' title='bbox 249 3257 319 3303; x_wconf 90' lang='lat' dir='ltr'><strong>rem</strong></span> <span class='ocrx_word' id='word_1_245' title='bbox 348 3262 418 3306; x_wconf 89' lang='lat' dir='ltr'><strong>non</strong></span> <span class='ocrx_word' id='word_1_246' title='bbox 442 3240 545 3309; x_wconf 91' lang='lat' dir='ltr'><strong>rnodo</strong></span> <span class='ocrx_word' id='word_1_247' title='bbox 574 3244 649 3310; x_wconf 89' lang='lat' dir='ltr'><strong>visu</strong></span> <span class='ocrx_word' id='word_1_248' title='bbox 678 3241 835 3318; x_wconf 78' lang='lat' dir='ltr'><strong>foedam,</strong></span> <span class='ocrx_word' id='word_1_249' title='bbox 858 3241 917 3308; x_wconf 89' lang='lat' dir='ltr'><strong>sed</strong></span> <span class='ocrx_word' id='word_1_250' title='bbox 942 3243 1044 3309; x_wconf 87' lang='lat' dir='ltr'><strong>etiam</strong></span> <span class='ocrx_word' id='word_1_251' title='bbox 1070 3240 1206 3309; x_wconf 85' lang='lat' dir='ltr'><strong>auditu!</strong></span> <span class='ocrx_word' id='word_1_252' title='bbox 1231 3244 1266 3309; x_wconf 85' lang='lat' dir='ltr'><strong>si</strong></span> <span class='ocrx_word' id='word_1_253' title='bbox 1290 3244 1363 3307; x_wconf 86' lang='lat' dir='ltr'><strong>inter</strong></span> 
     </span>
    </p>
   </div>
   <div class='ocr_carea' id='block_1_3' title="bbox 191 3357 385 3370">
    <p class='ocr_par' dir='ltr' id='par_1_4' title="bbox 191 3357 385 3370">
     <span class='ocr_line' id='line_1_31' title="bbox 191 3357 385 3370; baseline 0.005 -3"><span class='ocrx_word' id='word_1_254' title='bbox 191 3357 385 3370; x_wconf 77' lang='lat'>——-—-</span> 
     </span>
    </p>
   </div>
   <div class='ocr_carea' id='block_1_4' title="bbox 143 3405 1399 4313">
    <p class='ocr_par' dir='ltr' id='par_1_5' title="bbox 143 3405 1399 4313">
     <span class='ocr_line' id='line_1_32' title="bbox 258 3405 1363 3481; baseline 0.001 -17"><span class='ocrx_word' id='word_1_255' title='bbox 258 3416 334 3478; x_wconf 56' lang='grc' dir='ltr'><strong>ιθθ.</strong></span> <span class='ocrx_word' id='word_1_256' title='bbox 352 3420 529 3481; x_wconf 67' lang='lat' dir='ltr'><strong>Alexandreae]</strong></span> <span class='ocrx_word' id='word_1_257' title='bbox 547 3436 571 3467; x_wconf 84' lang='lat' dir='ltr'><strong>a.</strong></span> <span class='ocrx_word' id='word_1_258' title='bbox 589 3423 648 3470; x_wconf 81' lang='lat'><strong>707.</strong></span> <span class='ocrx_word' id='word_1_259' title='bbox 667 3450 698 3462; x_wconf 90' lang='lat'>-</span> <span class='ocrx_word' id='word_1_260' title='bbox 718 3417 823 3481; x_wconf 82' lang='lat' dir='ltr'><strong>Hippia]</strong></span> <span class='ocrx_word' id='word_1_261' title='bbox 842 3428 904 3469; x_wconf 83' lang='lat' dir='ltr'><strong>teste</strong></span> <span class='ocrx_word' id='word_1_262' title='bbox 920 3422 1056 3468; x_wconf 85' lang='lat' dir='ltr'><strong>Plutarcho</strong></span> <span class='ocrx_word' id='word_1_263' title='bbox 1073 3405 1165 3468; x_wconf 68' lang='lat' dir='ltr'><strong>daton.</strong></span> <span class='ocrx_word' id='word_1_264' title='bbox 1184 3422 1210 3468; x_wconf 88' lang='grc'><strong>9.</strong></span> <span class='ocrx_word' id='word_1_265' title='bbox 1229 3422 1325 3478; x_wconf 85' lang='lat' dir='ltr'><strong>mimus,</strong></span> <span class='ocrx_word' id='word_1_266' title='bbox 1344 3424 1363 3465; x_wconf 82' lang='lat' dir='ltr'><strong>rt</strong></span> 
     </span>
     <span class='ocr_line' id='line_1_33' title="bbox 143 3487 1363 3571; baseline 0.004 -26"><span class='ocrx_word' id='word_1_267' title='bbox 143 3566 148 3571; x_wconf 84' lang='lat'><strong>.</strong></span> <span class='ocrx_word' id='word_1_268' title='bbox 189 3498 293 3559; x_wconf 75' lang='lat' dir='ltr'><strong>Sergius.</strong></span> <span class='ocrx_word' id='word_1_269' title='bbox 328 3502 422 3550; x_wconf 83' lang='lat' dir='ltr'><strong>Contra</strong></span> <span class='ocrx_word' id='word_1_270' title='bbox 440 3505 551 3557; x_wconf 77' lang='lat' dir='ltr'><strong>quenali</strong></span> <span class='ocrx_word' id='word_1_271' title='bbox 569 3507 598 3563; x_wconf 82' lang='grc'><strong>6,</strong></span> <span class='ocrx_word' id='word_1_272' title='bbox 616 3487 649 3553; x_wconf 60' lang='grc' dir='ltr'><strong>Βὲ</strong></span> <span class='ocrx_word' id='word_1_273' title='bbox 666 3522 734 3568; x_wconf 86' lang='lat' dir='ltr'><strong>seqq.</strong></span> <span class='ocrx_word' id='word_1_274' title='bbox 759 3509 821 3554; x_wconf 82' lang='lat' dir='ltr'><strong>haec</strong></span> <span class='ocrx_word' id='word_1_275' title='bbox 845 3508 894 3552; x_wconf 92' lang='lat' dir='ltr'><strong>duo</strong></span> <span class='ocrx_word' id='word_1_276' title='bbox 915 3505 1015 3552; x_wconf 82' lang='lat' dir='ltr'><strong>nornine</strong></span> <span class='ocrx_word' id='word_1_277' title='bbox 1039 3518 1073 3550; x_wconf 86' lang='lat' dir='ltr'><strong>ex</strong></span> <span class='ocrx_word' id='word_1_278' title='bbox 1090 3505 1139 3550; x_wconf 89' lang='lat' dir='ltr'><strong>hoc</strong></span> <span class='ocrx_word' id='word_1_279' title='bbox 1157 3505 1218 3551; x_wconf 87' lang='lat' dir='ltr'><strong>loco</strong></span> <span class='ocrx_word' id='word_1_280' title='bbox 1236 3512 1319 3551; x_wconf 82' lang='lat' dir='ltr'><strong>mutua</strong></span> <span class='ocrx_word' id='word_1_281' title='bbox 1333 3517 1363 3550; x_wconf 81' lang='lat' dir='ltr'><strong>sa·</strong></span> 
     </span>
     <span class='ocr_line' id='line_1_34' title="bbox 188 3584 1363 3653; baseline 0.003 -26"><span class='ocrx_word' id='word_1_282' title='bbox 188 3584 263 3630; x_wconf 84' lang='lat' dir='ltr'><strong>menti</strong></span> <span class='ocrx_word' id='word_1_283' title='bbox 282 3584 378 3646; x_wconf 83' lang='lat' dir='ltr'><strong>Hippia</strong></span> <span class='ocrx_word' id='word_1_284' title='bbox 396 3594 432 3635; x_wconf 83' lang='lat' dir='ltr'><strong>est</strong></span> <span class='ocrx_word' id='word_1_285' title='bbox 449 3589 549 3638; x_wconf 82' lang='lat' dir='ltr'><strong>femina.</strong></span> <span class='ocrx_word' id='word_1_286' title='bbox 565 3616 597 3628; x_wconf 90' lang='lat'>-</span> <span class='ocrx_word' id='word_1_287' title='bbox 609 3604 681 3650; x_wconf 79' lang='lat' dir='ltr'><strong>equos</strong></span> <span class='ocrx_word' id='word_1_288' title='bbox 696 3587 832 3653; x_wconf 77' lang='lat' dir='ltr'><strong>vectigales]</strong></span> <span class='ocrx_word' id='word_1_289' title='bbox 852 3590 943 3637; x_wconf 78' lang='lat' dir='ltr'><strong>Aaron.</strong></span> <span class='ocrx_word' id='word_1_290' title='bbox 961 3590 985 3635; x_wconf 89' lang='lat' dir='ltr'><strong>iu</strong></span> <span class='ocrx_word' id='word_1_291' title='bbox 1004 3595 1069 3635; x_wconf 87' lang='lat' dir='ltr'><strong>orat.</strong></span> <span class='ocrx_word' id='word_1_292' title='bbox 1087 3588 1112 3633; x_wconf 92' lang='lat' dir='ltr'><strong>iu</strong></span> <span class='ocrx_word' id='word_1_293' title='bbox 1129 3593 1192 3648; x_wconf 74' lang='lat' dir='ltr'><strong>toga</strong></span> <span class='ocrx_word' id='word_1_294' title='bbox 1211 3591 1283 3635; x_wconf 78' lang='lat' dir='ltr'><strong>caud</strong></span> <span class='ocrx_word' id='word_1_295' title='bbox 1295 3603 1320 3646; x_wconf 88' lang='lat' dir='ltr'><strong>p.</strong></span> <span class='ocrx_word' id='word_1_296' title='bbox 1330 3586 1363 3632; x_wconf 81' lang='lat' dir='ltr'><strong>et.</strong></span> 
     </span>
     <span class='ocr_line' id='line_1_35' title="bbox 187 3667 1363 3732; baseline 0.004 -21"><span class='ocrx_word' id='word_1_297' title='bbox 187 3667 235 3712; x_wconf 82' lang='lat' dir='ltr'><strong>Ed.</strong></span> <span class='ocrx_word' id='word_1_298' title='bbox 254 3667 362 3717; x_wconf 81' lang='lat' dir='ltr'><strong>Baiterir</strong></span> <span class='ocrx_word' id='word_1_299' title='bbox 386 3670 417 3719; x_wconf 79' lang='grc'><strong>’0.</strong></span> <span class='ocrx_word' id='word_1_300' title='bbox 435 3674 552 3719; x_wconf 79' lang='lat' dir='ltr'><strong>Antonius</strong></span> <span class='ocrx_word' id='word_1_301' title='bbox 575 3676 706 3732; x_wconf 81' lang='lat' dir='ltr'><strong>redemptae</strong></span> <span class='ocrx_word' id='word_1_302' title='bbox 723 3675 821 3720; x_wconf 76' lang='lat' dir='ltr'><strong>debedat</strong></span> <span class='ocrx_word' id='word_1_303' title='bbox 836 3675 865 3721; x_wconf 73' lang='lat' dir='ltr'><strong>ad</strong></span> <span class='ocrx_word' id='word_1_304' title='bbox 882 3676 976 3719; x_wconf 82' lang='lat' dir='ltr'><strong>aerario</strong></span> <span class='ocrx_word' id='word_1_305' title='bbox 993 3673 1117 3730; x_wconf 67' lang='lat' dir='ltr'><strong>occuparer</strong></span> <span class='ocrx_word' id='word_1_306' title='bbox 1134 3672 1279 3731; x_wconf 73' lang='lat' dir='ltr'><strong>quadrigas,</strong></span> <span class='ocrx_word' id='word_1_307' title='bbox 1306 3682 1363 3730; x_wconf 68' lang='lat' dir='ltr'><strong>pru</strong></span> 
     </span>
     <span class='ocr_line' id='line_1_36' title="bbox 187 3755 1364 3823; baseline 0.003 -25"><span class='ocrx_word' id='word_1_308' title='bbox 187 3755 368 3811; x_wconf 80' lang='lat' dir='ltr'><strong>redemptionem</strong></span> <span class='ocrx_word' id='word_1_309' title='bbox 385 3760 488 3804; x_wconf 77' lang='lat' dir='ltr'><strong>senatori</strong></span> <span class='ocrx_word' id='word_1_310' title='bbox 504 3759 588 3818; x_wconf 71' lang='lat' dir='ltr'><strong>lenden</strong></span> <span class='ocrx_word' id='word_1_311' title='bbox 606 3759 660 3802; x_wconf 73' lang='lat' dir='ltr'><strong>treet</strong></span> <span class='ocrx_word' id='word_1_312' title='bbox 673 3772 721 3823; x_wconf 75' lang='lat' dir='ltr'><strong>per</strong></span> <span class='ocrx_word' id='word_1_313' title='bbox 738 3761 819 3816; x_wconf 80' lang='lat' dir='ltr'><strong>legem.</strong></span> <span class='ocrx_word' id='word_1_314' title='bbox 854 3756 885 3802; x_wconf 90' lang='lat' dir='ltr'><strong>ld</strong></span> <span class='ocrx_word' id='word_1_315' title='bbox 903 3763 957 3813; x_wconf 81' lang='lat' dir='ltr'><strong>est,</strong></span> <span class='ocrx_word' id='word_1_316' title='bbox 974 3755 1009 3802; x_wconf 81' lang='lat' dir='ltr'><strong>ex</strong></span> <span class='ocrx_word' id='word_1_317' title='bbox 1026 3757 1105 3816; x_wconf 80' lang='lat' dir='ltr'><strong>equis,</strong></span> <span class='ocrx_word' id='word_1_318' title='bbox 1131 3755 1174 3816; x_wconf 89' lang='lat' dir='ltr'><strong>qui</strong></span> <span class='ocrx_word' id='word_1_319' title='bbox 1191 3755 1313 3811; x_wconf 80' lang='lat' dir='ltr'><strong>nonnullis</strong></span> <span class='ocrx_word' id='word_1_320' title='bbox 1325 3767 1364 3814; x_wconf 69' lang='lat' dir='ltr'><strong>pu</strong></span> 
     </span>
     <span class='ocr_line' id='line_1_37' title="bbox 187 3826 1399 3903; baseline 0.001 -20"><span class='ocrx_word' id='word_1_321' title='bbox 187 3838 252 3897; x_wconf 84' lang='lat' dir='ltr'><strong>pulis</strong></span> <span class='ocrx_word' id='word_1_322' title='bbox 270 3826 435 3898; x_wconf 77' lang='lat' dir='ltr'><strong>stipendiariis</strong></span> <span class='ocrx_word' id='word_1_323' title='bbox 452 3842 583 3903; x_wconf 83' lang='lat' dir='ltr'><strong>quotannis</strong></span> <span class='ocrx_word' id='word_1_324' title='bbox 602 3857 622 3887; x_wconf 83' lang='lat' dir='ltr'><strong>a·</strong></span> <span class='ocrx_word' id='word_1_325' title='bbox 635 3843 733 3901; x_wconf 91' lang='lat' dir='ltr'><strong>populo</strong></span> <span class='ocrx_word' id='word_1_326' title='bbox 752 3842 866 3887; x_wconf 84' lang='lat' dir='ltr'><strong>Romano</strong></span> <span class='ocrx_word' id='word_1_327' title='bbox 879 3839 964 3886; x_wconf 85' lang='lat' dir='ltr'><strong>tributi</strong></span> <span class='ocrx_word' id='word_1_328' title='bbox 976 3836 1073 3886; x_wconf 83' lang='lat' dir='ltr'><strong>nomine</strong></span> <span class='ocrx_word' id='word_1_329' title='bbox 1085 3838 1201 3900; x_wconf 81' lang='lat' dir='ltr'><strong>imperati</strong></span> <span class='ocrx_word' id='word_1_330' title='bbox 1214 3845 1362 3894; x_wconf 47' lang='lat' dir='ltr'><strong>andraeae·</strong></span> <span class='ocrx_word' id='word_1_331' title='bbox 1398 3846 1399 3863; x_wconf 77' lang='lat'><em>³</em></span> 
     </span>
     <span class='ocr_line' id='line_1_38' title="bbox 187 3922 1399 3984; baseline 0.002 -17"><span class='ocrx_word' id='word_1_332' title='bbox 187 3922 237 3968; x_wconf 88' lang='lat' dir='ltr'><strong>tori</strong></span> <span class='ocrx_word' id='word_1_333' title='bbox 255 3922 343 3984; x_wconf 85' lang='lat' dir='ltr'><strong>cuique</strong></span> <span class='ocrx_word' id='word_1_334' title='bbox 360 3932 452 3971; x_wconf 81' lang='lat' dir='ltr'><strong>certum</strong></span> <span class='ocrx_word' id='word_1_335' title='bbox 470 3938 594 3971; x_wconf 83' lang='lat' dir='ltr'><strong>numerum</strong></span> <span class='ocrx_word' id='word_1_336' title='bbox 612 3926 726 3983; x_wconf 86' lang='lat' dir='ltr'><strong>minimo,</strong></span> <span class='ocrx_word' id='word_1_337' title='bbox 751 3925 904 3980; x_wconf 80' lang='lat' dir='ltr'><strong>arridetur,</strong></span> <span class='ocrx_word' id='word_1_338' title='bbox 931 3924 1013 3983; x_wconf 85' lang='lat' dir='ltr'><strong>pretio</strong></span> <span class='ocrx_word' id='word_1_339' title='bbox 1036 3923 1155 3968; x_wconf 86' lang='lat' dir='ltr'><strong>redimere</strong></span> <span class='ocrx_word' id='word_1_340' title='bbox 1178 3923 1285 3970; x_wconf 77' lang='lat' dir='ltr'><strong>licebat:</strong></span> <span class='ocrx_word' id='word_1_341' title='bbox 1310 3922 1362 3967; x_wconf 76' lang='lat' dir='ltr'><strong>eise·</strong></span> <span class='ocrx_word' id='word_1_342' title='bbox 1398 3936 1399 3969; x_wconf 71' lang='lat'>1</span> 
     </span>
     <span class='ocr_line' id='line_1_39' title="bbox 187 4005 1362 4070; baseline -0.001 -20"><span class='ocrx_word' id='word_1_343' title='bbox 187 4006 253 4051; x_wconf 88' lang='lat' dir='ltr'><strong>modi</strong></span> <span class='ocrx_word' id='word_1_344' title='bbox 272 4020 349 4066; x_wconf 86' lang='lat' dir='ltr'><strong>equos</strong></span> <span class='ocrx_word' id='word_1_345' title='bbox 366 4007 489 4057; x_wconf 81' lang='lat' dir='ltr'><strong>Antonius</strong></span> <span class='ocrx_word' id='word_1_346' title='bbox 507 4006 608 4066; x_wconf 83' lang='lat' dir='ltr'><strong>Sergio,</strong></span> <span class='ocrx_word' id='word_1_347' title='bbox 634 4015 661 4053; x_wconf 88' lang='lat' dir='ltr'><strong>ut</strong></span> <span class='ocrx_word' id='word_1_348' title='bbox 678 4023 712 4054; x_wconf 83' lang='lat' dir='ltr'><strong>ex</strong></span> <span class='ocrx_word' id='word_1_349' title='bbox 731 4010 773 4064; x_wconf 80' lang='lat' dir='ltr'><strong>iia,</strong></span> <span class='ocrx_word' id='word_1_350' title='bbox 800 4022 872 4070; x_wconf 87' lang='lat' dir='ltr'><strong>quern</strong></span> <span class='ocrx_word' id='word_1_351' title='bbox 889 4009 965 4055; x_wconf 81' lang='lat' dir='ltr'><strong>vellet</strong></span> <span class='ocrx_word' id='word_1_352' title='bbox 982 4014 1108 4068; x_wconf 83' lang='lat' dir='ltr'><strong>quaestum</strong></span> <span class='ocrx_word' id='word_1_353' title='bbox 1126 4008 1233 4063; x_wconf 57' lang='lat' dir='ltr'><strong>lacera,</strong></span> <span class='ocrx_word' id='word_1_354' title='bbox 1252 4005 1362 4052; x_wconf 76' lang='lat' dir='ltr'><strong>indebat.</strong></span> 
     </span>
     <span class='ocr_line' id='line_1_40' title="bbox 186 4087 1362 4158; baseline 0.001 -25"><span class='ocrx_word' id='word_1_355' title='bbox 186 4087 254 4135; x_wconf 82' lang='lat' dir='ltr'><strong>lueet</strong></span> <span class='ocrx_word' id='word_1_356' title='bbox 281 4095 362 4136; x_wconf 82' lang='lat' dir='ltr'><strong>autern</strong></span> <span class='ocrx_word' id='word_1_357' title='bbox 387 4092 452 4136; x_wconf 82' lang='lat' dir='ltr'><strong>lusus</strong></span> <span class='ocrx_word' id='word_1_358' title='bbox 478 4089 616 4137; x_wconf 78' lang='lat' dir='ltr'><strong>verborum·</strong></span> <span class='ocrx_word' id='word_1_359' title='bbox 634 4089 659 4136; x_wconf 87' lang='lat' dir='ltr'><strong>in</strong></span> <span class='ocrx_word' id='word_1_360' title='bbox 685 4091 722 4137; x_wconf 85' lang='lat' dir='ltr'><strong>his</strong></span> <span class='ocrx_word' id='word_1_361' title='bbox 747 4093 871 4149; x_wconf 85' lang='lat' dir='ltr'><strong>omnibus,</strong></span> <span class='ocrx_word' id='word_1_362' title='bbox 896 4095 1009 4150; x_wconf 79' lang='lat' dir='ltr'><strong>magister</strong></span> <span class='ocrx_word' id='word_1_363' title='bbox 1035 4094 1134 4148; x_wconf 78' lang='lat' dir='ltr'><strong>equitum</strong></span> <span class='ocrx_word' id='word_1_364' title='bbox 1149 4114 1184 4127; x_wconf 93' lang='lat'>-</span> <span class='ocrx_word' id='word_1_365' title='bbox 1199 4105 1252 4158; x_wconf 75' lang='lat' dir='ltr'><strong>crore</strong></span> <span class='ocrx_word' id='word_1_366' title='bbox 1280 4091 1362 4146; x_wconf 78' lang='lat' dir='ltr'><strong>Hippia</strong></span> 
     </span>
     <span class='ocr_line' id='line_1_41' title="bbox 186 4164 1361 4236; baseline 0.001 -19"><span class='ocrx_word' id='word_1_367' title='bbox 186 4169 287 4231; x_wconf 56' lang='lat' dir='ltr'><strong>(rante)</strong></span> <span class='ocrx_word' id='word_1_368' title='bbox 305 4196 339 4208; x_wconf 92' lang='lat'><em>-</em></span> <span class='ocrx_word' id='word_1_369' title='bbox 355 4186 425 4230; x_wconf 69' lang='lat' dir='ltr'><strong>equos</strong></span> <span class='ocrx_word' id='word_1_370' title='bbox 442 4175 574 4230; x_wconf 71' lang='lat' dir='ltr'><strong>vectigales.</strong></span> <span class='ocrx_word' id='word_1_371' title='bbox 594 4198 626 4211; x_wconf 87' lang='lat'><em>-</em></span> <span class='ocrx_word' id='word_1_372' title='bbox 642 4174 712 4232; x_wconf 65' lang='lat' dir='ltr'><strong>aare]</strong></span> <span class='ocrx_word' id='word_1_373' title='bbox 731 4175 775 4221; x_wconf 78' lang='lat' dir='ltr'><strong>en.</strong></span> <span class='ocrx_word' id='word_1_374' title='bbox 793 4175 915 4234; x_wconf 69' lang='lat' dir='ltr'><strong>compen.</strong></span> <span class='ocrx_word' id='word_1_375' title='bbox 931 4201 960 4219; x_wconf 76' lang='grc'><strong>.-</strong></span> <span class='ocrx_word' id='word_1_376' title='bbox 979 4177 1013 4222; x_wconf 81' lang='lat' dir='ltr'><strong>rr.</strong></span> <span class='ocrx_word' id='word_1_377' title='bbox 1028 4164 1138 4236; x_wconf 67' lang='lat' dir='ltr'><strong>‘rooneJ</strong></span> <span class='ocrx_word' id='word_1_378' title='bbox 1157 4175 1191 4221; x_wconf 83' lang='lat' dir='ltr'><strong>u.</strong></span> <span class='ocrx_word' id='word_1_379' title='bbox 1210 4174 1285 4233; x_wconf 75' lang='lat' dir='ltr'><strong>rupa</strong></span> <span class='ocrx_word' id='word_1_380' title='bbox 1301 4173 1361 4218; x_wconf 69' lang='lat' dir='ltr'><strong>rm</strong></span> 
     </span>
     <span class='ocr_line' id='line_1_42' title="bbox 188 4252 595 4313; baseline 0.015 -19"><span class='ocrx_word' id='word_1_381' title='bbox 188 4252 225 4296; x_wconf 85' lang='lat' dir='ltr'><strong>nis</strong></span> <span class='ocrx_word' id='word_1_382' title='bbox 242 4253 405 4313; x_wconf 79' lang='lat' dir='ltr'><strong>Calpurniani</strong></span> <span class='ocrx_word' id='word_1_383' title='bbox 422 4268 474 4300; x_wconf 86' lang='lat' dir='ltr'><strong>eos.</strong></span> <span class='ocrx_word' id='word_1_384' title='bbox 492 4269 517 4300; x_wconf 79' lang='lat' dir='ltr'><strong>a.</strong></span> <span class='ocrx_word' id='word_1_385' title='bbox 536 4255 595 4300; x_wconf 76' lang='lat'><strong>698.</strong></span> 
     </span>
    </p>
   </div>
   <div class='ocr_carea' id='block_1_5' title="bbox 0 0 1430 4759">
    <p class='ocr_par' dir='ltr' id='par_1_6' title="bbox 0 0 1430 4759">
     <span class='ocr_line' id='line_1_43' title="bbox 0 0 1430 4759; baseline 0 2"><span class='ocrx_word' id='word_1_386' title='bbox 0 0 1430 4759; x_wconf 95' lang='lat' dir='ltr'><strong> </strong></span> 
     </span>
    </p>
   </div>
  </div>
 </body>
</html>
