2850 4759
235 316 404 409 orario
431 318 518 389 rao
543 317 663 391 tuos
684 321 901 399 Maurum,
928 345 957 396 ο.
979 328 1028 394 u.
1162 329 1221 393 151

53 480 241 550 auctoritate
261 476 328 544 fida
353 479 545 546 constantia
577 500 739 562 possum,
770 480 805 548 id
831 503 932 549 omne
962 483 1005 551 ad
1028 483 1116 552 haue
1145 505 1217 552 rom
1256 562 1262 573 .

51 580 283 651 conficiendam
315 582 371 647 tibi
403 593 439 648 et
468 580 594 664 'populo
625 584 782 655 Romano
813 584 979 666 polliceor
1010 606 1052 653 ao
1081 586 1216 654 deiero:

51 697 209 766 testorque
236 672 356 750 omnes
381 681 485 762 deos,
508 695 542 749 et
566 705 626 752 eos
653 686 818 760 maxime,
840 688 896 769 qui
922 685 1001 753 huio
1027 686 1106 754 loco
1133 700 1216 754 tem·
1238 693 1277 755 tu

49 784 157 867 ploque
181 784 393 868 praesident,
414 786 471 868 qui
496 785 649 853 omnium
677 799 809 855 mentes
834 808 974 865 eorum,
997 789 1053 872 qui
1076 787 1118 854 ad
1143 810 1216 857 rem

49 885 203 968 publicam
222 886 367 965 adeunt,
389 887 539 955 maxime
558 889 788 970 perspiciunt,
811 888 947 956 mehor
963 910 1072 971 neque
1091 902 1216 969 rogatu

50 986 147 1054 lacere
171 990 371 1072 cuiusquam
396 1007 506 1072 oeque
534 1010 602 1072 quo
624 990 687 1061 Cn.
705 990 860 1071 Pompeii
880 993 1026 1071 gratiam
1047 990 1129 1056 uuhi
1154 1012 1216 1072 per

49 1090 123 1158 lano
140 1113 278 1160 eausam
304 1091 478 1160 conciliari
500 1104 618 1176 putem
635 1102 747 1174 neque
767 1113 835 1174 quo
852 1091 934 1158 mihi
953 1112 996 1159 ex
1014 1093 1214 1174 cuiusquam

50 1190 254 1276 amplitudine
273 1204 333 1260 aut
352 1192 522 1276 praesidia
542 1192 703 1277 periculis
725 1205 785 1259 aut
807 1192 1002 1260 adiumenta
1025 1192 1231 1261 honoribus⁴

49 1314 211 1374 quaeram3
232 1307 415 1385 propterea
436 1292 527 1376 quod
549 1293 702 1376 pericula
723 1293 842 1374 facile,
864 1307 903 1360 ut
924 1293 1096 1363 homiuem
1118 1314 1216 1378 prae·

48 1384 124 1465 stare
150 1404 302 1478 oportet,
331 1384 532 1465 innocentia
551 1395 630 1461 teeti
651 1388 875 1477 repellemus,
905 1386 1071 1462 honorem
1097 1407 1212 1462 autom

45 1515 136 1578 oeque
158 1499 199 1564 ab
229 1498 438 1579 uno'neque
463 1516 507 1563 ex
534 1495 601 1563 lroo
631 1495 731 1573 loco,
762 1494 822 1563 sed
851 1494 970 1563 eadem
1005 1495 1062 1562 illa
1092 1508 1213 1563 nostra

47 1594 297 1666 laboriosissima
321 1599 455 1665 ratiooe
478 1599 587 1674 vitae,
616 1598 645 1666 si
673 1608 787 1666 vestra
812 1596 969 1665 voluntas
991 1600 1099 1675 feret,
1130 1619 1210 1665 ooo·

47 1719 221 1781 sequemur.
268 1699 522 1790 Quamobrem,
545 1699 707 1782 quidquid
729 1700 762 1766 in
781 1698 846 1765 lrao
868 1721 970 1766 causa
994 1701 1074 1766 mihi
1093 1719 1211 1767 susce·
1231 1708 1271 1771 71

47 1814 126 1881 ptum
154 1815 223 1888 est,
262 1803 433 1892 Quirites,
468 1802 502 1869 id
531 1823 597 1882 ego
626 1822 728 1871 omne
757 1821 812 1867 me
840 1800 1078 1883 reipublicae
1106 1822 1209 1868 eausa

47 1907 216 1987 suscepisse
242 1905 433 1983 coufirmo;
448 1916 656 1986 tantumque
680 1904 794 1981 abest,
816 1914 854 1968 ut
877 1901 1023 1984 aliquam
1046 1900 1126 1967 mihi
1150 1902 1210 1968 bo·

47 2024 109 2071 nam
134 2009 275 2086 gratiam
301 2007 476 2090 quaesisse
504 2007 639 2084 videar,
668 2018 707 2072 ut
727 2004 852 2075 multas
876 2025 932 2070 me
958 2006 1059 2071 etiam
1089 2004 1208 2072 simul·

48 2114 117 2174 tates
146 2110 269 2190 partim
297 2109 477 2186 obscuras,
513 2110 638 2190 partim
661 2117 797 2189 apertas
819 2104 1004 2183 intelligam
1029 2102 1109 2169 milri
1139 2125 1206 2168 non

47 2211 254 2288 necessarias,
277 2212 375 2281 rolris
396 2232 463 2279 nou
483 2208 621 2277 inutiles
643 2208 848 2289 suscepisse.
890 2204 956 2271 Serl
978 2225 1043 2283 ego
1067 2225 1120 2269 me
1142 2203 1207 2269 hoo

44 2302 154 2376 honore
180 2310 393 2394 praeditum,
418 2313 520 2378 lautis
549 2310 671 2376 vestris
699 2308 871 2376 beneficiis
900 2306 1062 2371 affectum
1083 2305 1206 2375 statui,

48 2405 195 2496 Quirites,
217 2425 371 2481 vestram
395 2410 609 2478 voluntatem
630 2411 738 2477 atrei
765 2407 920 2491 publicae
945 2404 1146 2483 dignitatem
1172 2413 1207 2468 et

47 2505 169 2580 salutem
196 2514 452 2596 provinciarum
477 2524 580 2595 atque
606 2512 783 2578 sociorum
810 2510 894 2576 meis
923 2506 1080 2572 omuibus
1112 2524 1207 2570 cona·

47 2610 136 2679 modis
161 2627 194 2682 et
216 2616 408 2684 rationibus
432 2617 609 2718 praeferre
635 2625 807 2696 oportere.

46 2768 216 2789 ----

99 2872 160 2933 ΜΟ.
180 2871 305 2937 honorem]
324 2875 436 2932 Hittorp.
455 2880 479 2918 et
497 2871 539 2917 alii
557 2870 636 2916 Codri.
654 2870 753 2914 honores
770 2867 844 2913 Eram·
864 2866 903 2912 De
920 2860 1057 2912 Erfuneusi'
1072 2864 1204 2910 dubitatur.

45 2953 79 3000 cfr·
93 2955 206 3005 Benecke.
218 2981 256 2996 -
275 2959 319 3002 itta
336 2952 429 3017 uulsa]
446 2955 475 3001 E.
493 2958 574 3001 nocero
592 2955 634 2996 ilua
651 2951 710 2996 Em.
914 2988 916 2991 ,

98 3038 161 3100 tal.
177 3043 203 3087 ld
220 3039 276 3103 ego]
295 3041 327 3086 E.
344 3042 370 3085 ut
386 3039 445 3086 Ero.
466 3064 499 3076 -
521 3037 580 3081 miti·
597 3035 618 3079 b.
636 3030 752 3092 gratiam]
769 3031 799 3078 E.
818 3032 838 3076 l.
856 3032 960 3088 gratiam
978 3031 1036 3074 milri
1052 3030 1110 3074 Ero.
1128 3053 1152 3063 -
1169 3042 1204 3073 me

45 3112 155 3187 tllrmJE.
173 3127 242 3171 etlam
259 3124 318 3170 Ero.
931 3124 934 3129 ’
