<?xml version="1.0" encoding="UTF-8"?>
<!DOCTYPE html PUBLIC "-//W3C//DTD XHTML 1.0 Transitional//EN"
    "http://www.w3.org/TR/xhtml1/DTD/xhtml1-transitional.dtd">
<html xmlns="http://www.w3.org/1999/xhtml" xml:lang="en" lang="en">
 <head>
  <title>
</title>
<meta http-equiv="Content-Type" content="text/html;charset=utf-8" />
  <meta name='ocr-system' content='tesseract 3.04.00' />
  <meta name='ocr-capabilities' content='ocr_page ocr_carea ocr_par ocr_line ocrx_word'/>
</head>
<body>
  <div class='ocr_page' id='page_1' title='image "./mtulliiciceroni00orelgoog_0303.png"; bbox 0 0 2850 4759; ppageno 0'>
   <div class='ocr_carea' id='block_1_1' title="bbox 212 271 1202 356">
    <p class='ocr_par' dir='ltr' id='par_1_1' title="bbox 212 271 1202 356">
     <span class='ocr_line' id='line_1_1' title="bbox 212 271 1202 356; baseline 0 -15"><span class='ocrx_word' id='word_1_1' title='bbox 212 271 379 341; x_wconf 84' lang='lat' dir='ltr'>ORATlO</span> <span class='ocrx_word' id='word_1_2' title='bbox 400 271 486 341; x_wconf 88' lang='lat' dir='ltr'>PRO</span> <span class='ocrx_word' id='word_1_3' title='bbox 506 272 546 340; x_wconf 88' lang='grc' dir='ltr'>Ρ.</span> <span class='ocrx_word' id='word_1_4' title='bbox 566 272 721 356; x_wconf 84' lang='lat' dir='ltr'>SULLA,</span> <span class='ocrx_word' id='word_1_5' title='bbox 749 275 945 342; x_wconf 69' lang='lat' dir='ltr'>elbettl.</span> <span class='ocrx_word' id='word_1_6' title='bbox 1102 277 1160 341; x_wconf 75' lang='lat'>285</span> <span class='ocrx_word' id='word_1_7' title='bbox 1201 310 1202 313; x_wconf 34' lang='lat'>¹</span> 
     </span>
    </p>
   </div>
   <div class='ocr_carea' id='block_1_2' title="bbox 33 431 1247 3419">
    <p class='ocr_par' dir='ltr' id='par_1_2' title="bbox 33 431 1221 1456">
     <span class='ocr_line' id='line_1_2' title="bbox 33 431 1212 523; baseline 0.002 -21"><span class='ocrx_word' id='word_1_8' title='bbox 33 448 65 523; x_wconf 76' lang='lat' dir='ltr'>it,</span> <span class='ocrx_word' id='word_1_9' title='bbox 90 454 185 518; x_wconf 92' lang='lat' dir='ltr'>quem</span> <span class='ocrx_word' id='word_1_10' title='bbox 211 434 244 500; x_wconf 92' lang='lat' dir='ltr'>in</span> <span class='ocrx_word' id='word_1_11' title='bbox 272 431 428 503; x_wconf 86' lang='lat' dir='ltr'>secundis</span> <span class='ocrx_word' id='word_1_12' title='bbox 456 433 574 514; x_wconf 85' lang='lat' dir='ltr'>rebus,</span> <span class='ocrx_word' id='word_1_13' title='bbox 607 456 706 518; x_wconf 90' lang='lat' dir='ltr'>quem</span> <span class='ocrx_word' id='word_1_14' title='bbox 733 435 767 502; x_wconf 89' lang='lat' dir='ltr'>in</span> <span class='ocrx_word' id='word_1_15' title='bbox 795 435 866 504; x_wconf 91' lang='lat' dir='ltr'>otio</span> <span class='ocrx_word' id='word_1_16' title='bbox 888 455 1005 504; x_wconf 87' lang='lat' dir='ltr'>secum</span> <span class='ocrx_word' id='word_1_17' title='bbox 1026 456 1161 520; x_wconf 82' lang='lat' dir='ltr'>semper</span> <span class='ocrx_word' id='word_1_18' title='bbox 1210 436 1212 441; x_wconf 79' lang='grc'><strong>’</strong></span> 
     </span>
     <span class='ocr_line' id='line_1_3' title="bbox 33 536 1160 624; baseline 0.003 -19"><span class='ocrx_word' id='word_1_19' title='bbox 33 539 185 615; x_wconf 63' lang='lat' dir='ltr'>tabuisset,</span> <span class='ocrx_word' id='word_1_20' title='bbox 220 536 309 605; x_wconf 87' lang='lat' dir='ltr'>huuc</span> <span class='ocrx_word' id='word_1_21' title='bbox 334 538 369 605; x_wconf 91' lang='lat' dir='ltr'>iu</span> <span class='ocrx_word' id='word_1_22' title='bbox 397 538 546 607; x_wconf 88' lang='lat' dir='ltr'>adversis</span> <span class='ocrx_word' id='word_1_23' title='bbox 575 542 667 607; x_wconf 84' lang='lat' dir='ltr'>etin</span> <span class='ocrx_word' id='word_1_24' title='bbox 696 559 736 606; x_wconf 89' lang='lat' dir='ltr'>eo</span> <span class='ocrx_word' id='word_1_25' title='bbox 767 538 932 617; x_wconf 86' lang='lat' dir='ltr'>tumultu,</span> <span class='ocrx_word' id='word_1_26' title='bbox 967 562 1066 624; x_wconf 88' lang='lat' dir='ltr'>quem</span> <span class='ocrx_word' id='word_1_27' title='bbox 1088 544 1160 624; x_wconf 89' lang='lat' dir='ltr'>ipse</span> 
     </span>
     <span class='ocr_line' id='line_1_4' title="bbox 33 640 1221 728; baseline 0.002 -18"><span class='ocrx_word' id='word_1_28' title='bbox 33 644 234 725; x_wconf 86' lang='lat' dir='ltr'>omparabat,</span> <span class='ocrx_word' id='word_1_29' title='bbox 258 645 298 711; x_wconf 89' lang='lat' dir='ltr'>ab</span> <span class='ocrx_word' id='word_1_30' title='bbox 319 666 355 711; x_wconf 91' lang='lat' dir='ltr'>se</span> <span class='ocrx_word' id='word_1_31' title='bbox 377 643 570 711; x_wconf 84' lang='lat' dir='ltr'>dimitteret.</span> <span class='ocrx_word' id='word_1_32' title='bbox 612 647 690 728; x_wconf 84' lang='lat' dir='ltr'>lpse</span> <span class='ocrx_word' id='word_1_33' title='bbox 711 655 825 711; x_wconf 86' lang='lat' dir='ltr'>autem</span> <span class='ocrx_word' id='word_1_34' title='bbox 844 644 946 711; x_wconf 86' lang='lat' dir='ltr'>Sitius</span> <span class='ocrx_word' id='word_1_35' title='bbox 967 648 1049 721; x_wconf 84' lang='lat' dir='ltr'>(nou</span> <span class='ocrx_word' id='word_1_36' title='bbox 1071 647 1159 712; x_wconf 90' lang='lat' dir='ltr'>enim</span> <span class='ocrx_word' id='word_1_37' title='bbox 1176 640 1221 702; x_wconf 65' lang='lat'>‘58</span> 
     </span>
     <span class='ocr_line' id='line_1_5' title="bbox 33 746 1160 831; baseline 0 -14"><span class='ocrx_word' id='word_1_38' title='bbox 33 747 82 817; x_wconf 83' lang='lat' dir='ltr'>tihi</span> <span class='ocrx_word' id='word_1_39' title='bbox 106 747 287 815; x_wconf 83' lang='lat' dir='ltr'>deserenda</span> <span class='ocrx_word' id='word_1_40' title='bbox 322 758 374 815; x_wconf 91' lang='lat' dir='ltr'>est</span> <span class='ocrx_word' id='word_1_41' title='bbox 410 769 511 815; x_wconf 87' lang='lat' dir='ltr'>causa</span> <span class='ocrx_word' id='word_1_42' title='bbox 538 747 635 814; x_wconf 89' lang='lat' dir='ltr'>amici</span> <span class='ocrx_word' id='word_1_43' title='bbox 664 748 788 814; x_wconf 86' lang='lat' dir='ltr'>veteris</span> <span class='ocrx_word' id='word_1_44' title='bbox 824 759 922 829; x_wconf 91' lang='lat' dir='ltr'>atque</span> <span class='ocrx_word' id='word_1_45' title='bbox 949 746 1103 831; x_wconf 91' lang='lat' dir='ltr'>hospitis)</span> <span class='ocrx_word' id='word_1_46' title='bbox 1131 750 1160 817; x_wconf 87' lang='lat' dir='ltr'>is</span> 
     </span>
     <span class='ocr_line' id='line_1_6' title="bbox 33 847 1159 947; baseline 0.005 -33"><span class='ocrx_word' id='word_1_47' title='bbox 33 873 100 918; x_wconf 90' lang='lat' dir='ltr'>omo</span> <span class='ocrx_word' id='word_1_48' title='bbox 120 864 170 917; x_wconf 88' lang='lat' dir='ltr'>est</span> <span class='ocrx_word' id='word_1_49' title='bbox 190 863 250 918; x_wconf 85' lang='lat' dir='ltr'>aut</span> <span class='ocrx_word' id='word_1_50' title='bbox 269 872 309 918; x_wconf 84' lang='lat' dir='ltr'>ea</span> <span class='ocrx_word' id='word_1_51' title='bbox 328 850 455 918; x_wconf 84' lang='lat' dir='ltr'>familia</span> <span class='ocrx_word' id='word_1_52' title='bbox 475 873 515 918; x_wconf 89' lang='lat' dir='ltr'>ac</span> <span class='ocrx_word' id='word_1_53' title='bbox 537 847 727 947; x_wconf 82' lang='lat' dir='ltr'>disciplina,</span> <span class='ocrx_word' id='word_1_54' title='bbox 762 848 892 918; x_wconf 71' lang='lat' dir='ltr'>uthoc</span> <span class='ocrx_word' id='word_1_55' title='bbox 919 852 1010 918; x_wconf 88' lang='lat' dir='ltr'>credi</span> <span class='ocrx_word' id='word_1_56' title='bbox 1038 856 1159 936; x_wconf 82' lang='lat' dir='ltr'><strong>possit,</strong></span> 
     </span>
     <span class='ocr_line' id='line_1_7' title="bbox 35 952 1158 1039; baseline 0.002 -18"><span class='ocrx_word' id='word_1_57' title='bbox 35 977 80 1021; x_wconf 90' lang='lat' dir='ltr'>um</span> <span class='ocrx_word' id='word_1_58' title='bbox 105 952 225 1022; x_wconf 86' lang='lat' dir='ltr'>bellum</span> <span class='ocrx_word' id='word_1_59' title='bbox 254 957 304 1022; x_wconf 92' lang='lat' dir='ltr'>rei</span> <span class='ocrx_word' id='word_1_60' title='bbox 332 954 482 1039; x_wconf 90' lang='lat' dir='ltr'>publicae</span> <span class='ocrx_word' id='word_1_61' title='bbox 503 956 616 1021; x_wconf 87' lang='lat' dir='ltr'>facere</span> <span class='ocrx_word' id='word_1_62' title='bbox 637 952 814 1022; x_wconf 71' lang='lat' dir='ltr'>voluisse?</span> <span class='ocrx_word' id='word_1_63' title='bbox 848 965 904 1033; x_wconf 92' lang='lat' dir='ltr'>ut,</span> <span class='ocrx_word' id='word_1_64' title='bbox 935 956 1031 1023; x_wconf 89' lang='lat' dir='ltr'>euius</span> <span class='ocrx_word' id='word_1_65' title='bbox 1051 968 1158 1039; x_wconf 88' lang='lat' dir='ltr'>pater,</span> 
     </span>
     <span class='ocr_line' id='line_1_8' title="bbox 33 1055 1161 1138; baseline 0.002 -14"><span class='ocrx_word' id='word_1_66' title='bbox 33 1081 80 1124; x_wconf 23' lang='lat' dir='ltr'>*um</span> <span class='ocrx_word' id='word_1_67' title='bbox 104 1060 205 1125; x_wconf 87' lang='lat' dir='ltr'>ceteri</span> <span class='ocrx_word' id='word_1_68' title='bbox 233 1057 416 1125; x_wconf 85' lang='lat' dir='ltr'>delicerent</span> <span class='ocrx_word' id='word_1_69' title='bbox 442 1058 573 1125; x_wconf 86' lang='lat' dir='ltr'>finitimi</span> <span class='ocrx_word' id='word_1_70' title='bbox 594 1079 633 1125; x_wconf 88' lang='lat' dir='ltr'>ac</span> <span class='ocrx_word' id='word_1_71' title='bbox 654 1058 774 1137; x_wconf 90' lang='lat' dir='ltr'>vicini,</span> <span class='ocrx_word' id='word_1_72' title='bbox 808 1055 970 1138; x_wconf 80' lang='lat' dir='ltr'>singulari</span> <span class='ocrx_word' id='word_1_73' title='bbox 993 1060 1161 1126; x_wconf 83' lang='lat' dir='ltr'>exstiterit</span> 
     </span>
     <span class='ocr_line' id='line_1_9' title="bbox 33 1160 1162 1245; baseline 0.002 -19"><span class='ocrx_word' id='word_1_74' title='bbox 33 1181 122 1228; x_wconf 83' lang='lat' dir='ltr'>orem</span> <span class='ocrx_word' id='word_1_75' title='bbox 141 1161 309 1243; x_wconf 78' lang='lat' dir='ltr'>publicam</span> <span class='ocrx_word' id='word_1_76' title='bbox 334 1174 485 1230; x_wconf 87' lang='lat' dir='ltr'>nostram</span> <span class='ocrx_word' id='word_1_77' title='bbox 507 1162 613 1229; x_wconf 86' lang='lat' dir='ltr'>officio</span> <span class='ocrx_word' id='word_1_78' title='bbox 635 1173 668 1227; x_wconf 92' lang='lat' dir='ltr'>et</span> <span class='ocrx_word' id='word_1_79' title='bbox 688 1161 771 1245; x_wconf 89' lang='lat' dir='ltr'>fide,</span> <span class='ocrx_word' id='word_1_80' title='bbox 792 1162 820 1228; x_wconf 93' lang='lat' dir='ltr'>is</span> <span class='ocrx_word' id='word_1_81' title='bbox 836 1162 898 1233; x_wconf 90' lang='lat' dir='ltr'>sibi</span> <span class='ocrx_word' id='word_1_82' title='bbox 911 1162 1078 1229; x_wconf 88' lang='lat' dir='ltr'>nefarium</span> <span class='ocrx_word' id='word_1_83' title='bbox 1092 1160 1162 1229; x_wconf 90' lang='lat' dir='ltr'>bel·</span> 
     </span>
     <span class='ocr_line' id='line_1_10' title="bbox 33 1256 1161 1349; baseline 0.004 -21"><span class='ocrx_word' id='word_1_84' title='bbox 33 1287 72 1329; x_wconf 92' lang='lat' dir='ltr'>un</span> <span class='ocrx_word' id='word_1_85' title='bbox 97 1279 212 1333; x_wconf 83' lang='lat' dir='ltr'>contra</span> <span class='ocrx_word' id='word_1_86' title='bbox 238 1266 381 1349; x_wconf 87' lang='lat' dir='ltr'>patriam</span> <span class='ocrx_word' id='word_1_87' title='bbox 409 1256 657 1347; x_wconf 87' lang='lat' dir='ltr'>suscipiendum</span> <span class='ocrx_word' id='word_1_88' title='bbox 685 1264 847 1348; x_wconf 69' lang='lat' dir='ltr'>putaretl’</span> <span class='ocrx_word' id='word_1_89' title='bbox 882 1266 977 1333; x_wconf 89' lang='lat' dir='ltr'>cuius</span> <span class='ocrx_word' id='word_1_90' title='bbox 1003 1263 1161 1332; x_wconf 75' lang='lat' dir='ltr'>aesatie·</span> 
     </span>
     <span class='ocr_line' id='line_1_11' title="bbox 33 1366 1160 1456; baseline 0.002 -23"><span class='ocrx_word' id='word_1_91' title='bbox 33 1390 83 1434; x_wconf 90' lang='lat' dir='ltr'>um</span> <span class='ocrx_word' id='word_1_92' title='bbox 101 1368 270 1454; x_wconf 85' lang='lat' dir='ltr'>videmus,</span> <span class='ocrx_word' id='word_1_93' title='bbox 291 1368 438 1447; x_wconf 83' lang='lat' dir='ltr'>iudices,</span> <span class='ocrx_word' id='word_1_94' title='bbox 459 1392 526 1435; x_wconf 94' lang='lat' dir='ltr'>non</span> <span class='ocrx_word' id='word_1_95' title='bbox 547 1366 697 1456; x_wconf 81' lang='lat' dir='ltr'>libidine,</span> <span class='ocrx_word' id='word_1_96' title='bbox 720 1367 780 1436; x_wconf 87' lang='lat' dir='ltr'>sed</span> <span class='ocrx_word' id='word_1_97' title='bbox 797 1369 922 1450; x_wconf 83' lang='lat' dir='ltr'>negotii</span> <span class='ocrx_word' id='word_1_98' title='bbox 937 1369 1074 1450; x_wconf 77' lang='lat' dir='ltr'>gerendi</span> <span class='ocrx_word' id='word_1_99' title='bbox 1089 1382 1160 1436; x_wconf 73' lang='lat' dir='ltr'>stn-</span> 
     </span>
    </p>

    <p class='ocr_par' dir='ltr' id='par_1_3' title="bbox 33 1467 1159 1555">
     <span class='ocr_line' id='line_1_12' title="bbox 33 1467 1159 1555; baseline 0.005 -21"><span class='ocrx_word' id='word_1_100' title='bbox 33 1467 63 1535; x_wconf 91' lang='lat' dir='ltr'>lio</span> <span class='ocrx_word' id='word_1_101' title='bbox 80 1493 147 1539; x_wconf 84' lang='lat' dir='ltr'>esse</span> <span class='ocrx_word' id='word_1_102' title='bbox 168 1484 400 1552; x_wconf 88' lang='lat' dir='ltr'>contractum,</span> <span class='ocrx_word' id='word_1_103' title='bbox 421 1474 476 1555; x_wconf 91' lang='lat' dir='ltr'>qui</span> <span class='ocrx_word' id='word_1_104' title='bbox 496 1474 542 1539; x_wconf 91' lang='lat' dir='ltr'>ita</span> <span class='ocrx_word' id='word_1_105' title='bbox 562 1474 690 1541; x_wconf 89' lang='lat' dir='ltr'>Romae</span> <span class='ocrx_word' id='word_1_106' title='bbox 712 1473 844 1548; x_wconf 85' lang='lat' dir='ltr'>debuit,</span> <span class='ocrx_word' id='word_1_107' title='bbox 865 1483 903 1538; x_wconf 89' lang='lat' dir='ltr'>ut</span> <span class='ocrx_word' id='word_1_108' title='bbox 922 1473 955 1540; x_wconf 89' lang='lat' dir='ltr'>in</span> <span class='ocrx_word' id='word_1_109' title='bbox 977 1473 1159 1555; x_wconf 85' lang='lat' dir='ltr'>prouinciis</span> 
     </span>
    </p>

    <p class='ocr_par' dir='ltr' id='par_1_4' title="bbox 33 1574 1223 2900">
     <span class='ocr_line' id='line_1_13' title="bbox 33 1574 1159 1659; baseline 0.005 -22"><span class='ocrx_word' id='word_1_110' title='bbox 33 1585 48 1638; x_wconf 71' lang='lat' dir='ltr'>et</span> <span class='ocrx_word' id='word_1_111' title='bbox 68 1576 95 1642; x_wconf 89' lang='lat' dir='ltr'>in</span> <span class='ocrx_word' id='word_1_112' title='bbox 118 1576 231 1655; x_wconf 69' lang='lat' dir='ltr'>reguis</span> <span class='ocrx_word' id='word_1_113' title='bbox 259 1577 427 1643; x_wconf 81' lang='lat' dir='ltr'>maximae</span> <span class='ocrx_word' id='word_1_114' title='bbox 461 1576 489 1642; x_wconf 87' lang='lat' dir='ltr'>ei</span> <span class='ocrx_word' id='word_1_115' title='bbox 517 1575 678 1658; x_wconf 87' lang='lat' dir='ltr'>pecuniae</span> <span class='ocrx_word' id='word_1_116' title='bbox 705 1574 932 1654; x_wconf 83' lang='lat' dir='ltr'>deberentur,</span> <span class='ocrx_word' id='word_1_117' title='bbox 971 1596 1053 1659; x_wconf 89' lang='lat' dir='ltr'>quas</span> <span class='ocrx_word' id='word_1_118' title='bbox 1080 1598 1159 1643; x_wconf 87' lang='lat' dir='ltr'>cum</span> 
     </span>
     <span class='ocr_line' id='line_1_14' title="bbox 33 1675 1160 1767; baseline 0.006 -27"><span class='ocrx_word' id='word_1_119' title='bbox 33 1690 146 1767; x_wconf 64' lang='lat' dir='ltr'>beteret,</span> <span class='ocrx_word' id='word_1_120' title='bbox 167 1704 237 1748; x_wconf 90' lang='lat' dir='ltr'>nou</span> <span class='ocrx_word' id='word_1_121' title='bbox 258 1679 448 1756; x_wconf 78' lang='lat' dir='ltr'>commisit,</span> <span class='ocrx_word' id='word_1_122' title='bbox 469 1691 507 1745; x_wconf 88' lang='lat' dir='ltr'>nt</span> <span class='ocrx_word' id='word_1_123' title='bbox 525 1680 578 1746; x_wconf 93' lang='lat' dir='ltr'>sui</span> <span class='ocrx_word' id='word_1_124' title='bbox 597 1691 837 1763; x_wconf 80' lang='lat' dir='ltr'>procuratores</span> <span class='ocrx_word' id='word_1_125' title='bbox 852 1680 1032 1763; x_wconf 84' lang='lat' dir='ltr'>quidquam</span> <span class='ocrx_word' id='word_1_126' title='bbox 1048 1675 1160 1748; x_wconf 84' lang='lat' dir='ltr'>oneris</span> 
     </span>
     <span class='ocr_line' id='line_1_15' title="bbox 33 1780 1197 1867; baseline 0.003 -23"><span class='ocrx_word' id='word_1_127' title='bbox 33 1780 134 1850; x_wconf 82' lang='lat' dir='ltr'>bsente</span> <span class='ocrx_word' id='word_1_128' title='bbox 160 1805 197 1851; x_wconf 90' lang='lat' dir='ltr'>se</span> <span class='ocrx_word' id='word_1_129' title='bbox 225 1786 450 1862; x_wconf 74' lang='lat' dir='ltr'>sustinerent3</span> <span class='ocrx_word' id='word_1_130' title='bbox 480 1783 595 1851; x_wconf 85' lang='lat' dir='ltr'>venire</span> <span class='ocrx_word' id='word_1_131' title='bbox 620 1805 741 1851; x_wconf 90' lang='lat' dir='ltr'>omnes</span> <span class='ocrx_word' id='word_1_132' title='bbox 767 1804 846 1851; x_wconf 88' lang='lat' dir='ltr'>suas</span> <span class='ocrx_word' id='word_1_133' title='bbox 872 1783 1106 1867; x_wconf 87' lang='lat' dir='ltr'>possessiones</span> <span class='ocrx_word' id='word_1_134' title='bbox 1127 1795 1162 1849; x_wconf 88' lang='lat' dir='ltr'>et</span> <span class='ocrx_word' id='word_1_135' title='bbox 1194 1824 1197 1830; x_wconf 77' lang='lat'>,</span> 
     </span>
     <span class='ocr_line' id='line_1_16' title="bbox 33 1885 1173 1983; baseline 0.005 -35"><span class='ocrx_word' id='word_1_136' title='bbox 33 1886 198 1963; x_wconf 72' lang='lat' dir='ltr'>patrimonio</span> <span class='ocrx_word' id='word_1_137' title='bbox 221 1908 259 1955; x_wconf 87' lang='lat' dir='ltr'>se</span> <span class='ocrx_word' id='word_1_138' title='bbox 281 1887 496 1954; x_wconf 89' lang='lat' dir='ltr'>ornatissimo</span> <span class='ocrx_word' id='word_1_139' title='bbox 512 1886 650 1969; x_wconf 84' lang='lat' dir='ltr'>spoliari</span> <span class='ocrx_word' id='word_1_140' title='bbox 666 1885 784 1954; x_wconf 89' lang='lat' dir='ltr'>maluit</span> <span class='ocrx_word' id='word_1_141' title='bbox 798 1908 898 1969; x_wconf 90' lang='lat' dir='ltr'>quam</span> <span class='ocrx_word' id='word_1_142' title='bbox 912 1885 1016 1954; x_wconf 90' lang='lat' dir='ltr'>ullam</span> <span class='ocrx_word' id='word_1_143' title='bbox 1031 1908 1173 1983; x_wconf 39' lang='lat' dir='ltr'>moram·</span> 
     </span>
     <span class='ocr_line' id='line_1_17' title="bbox 33 1989 1221 2073; baseline 0.003 -21"><span class='ocrx_word' id='word_1_144' title='bbox 33 1989 154 2072; x_wconf 67' lang='lat' dir='ltr'>cuiquam</span> <span class='ocrx_word' id='word_1_145' title='bbox 178 1992 254 2059; x_wconf 86' lang='lat' dir='ltr'>lieri</span> <span class='ocrx_word' id='word_1_146' title='bbox 278 1990 484 2057; x_wconf 87' lang='lat' dir='ltr'>creditorum</span> <span class='ocrx_word' id='word_1_147' title='bbox 511 2011 665 2057; x_wconf 81' lang='lat' dir='ltr'>suorum·</span> <span class='ocrx_word' id='word_1_148' title='bbox 711 1992 835 2073; x_wconf 84' lang='lat' dir='ltr'>Aque</span> <span class='ocrx_word' id='word_1_149' title='bbox 864 1989 997 2073; x_wconf 91' lang='lat' dir='ltr'>quidem</span> <span class='ocrx_word' id='word_1_150' title='bbox 1025 2011 1161 2071; x_wconf 80' lang='lat' dir='ltr'>genere,</span> <span class='ocrx_word' id='word_1_151' title='bbox 1182 1992 1221 2070; x_wconf 76' lang='lat'>5⁹</span> 
     </span>
     <span class='ocr_line' id='line_1_18' title="bbox 33 2087 1162 2179; baseline 0.006 -26"><span class='ocrx_word' id='word_1_152' title='bbox 33 2087 143 2179; x_wconf 88' lang='lat' dir='ltr'>udices,</span> <span class='ocrx_word' id='word_1_153' title='bbox 177 2115 242 2175; x_wconf 84' lang='lat' dir='ltr'>ego</span> <span class='ocrx_word' id='word_1_154' title='bbox 264 2116 434 2176; x_wconf 87' lang='lat' dir='ltr'>nunquam</span> <span class='ocrx_word' id='word_1_155' title='bbox 457 2093 570 2171; x_wconf 87' lang='lat' dir='ltr'>timui,</span> <span class='ocrx_word' id='word_1_156' title='bbox 603 2114 680 2159; x_wconf 89' lang='lat' dir='ltr'>cum</span> <span class='ocrx_word' id='word_1_157' title='bbox 702 2093 735 2157; x_wconf 91' lang='lat' dir='ltr'>in</span> <span class='ocrx_word' id='word_1_158' title='bbox 756 2091 814 2159; x_wconf 85' lang='lat' dir='ltr'>illa</span> <span class='ocrx_word' id='word_1_159' title='bbox 832 2094 881 2158; x_wconf 90' lang='lat' dir='ltr'>rei</span> <span class='ocrx_word' id='word_1_160' title='bbox 901 2091 1055 2175; x_wconf 91' lang='lat' dir='ltr'>publicae</span> <span class='ocrx_word' id='word_1_161' title='bbox 1077 2105 1162 2160; x_wconf 90' lang='lat' dir='ltr'>tem·</span> 
     </span>
     <span class='ocr_line' id='line_1_19' title="bbox 33 2194 1163 2280; baseline 0.003 -20"><span class='ocrx_word' id='word_1_162' title='bbox 33 2206 129 2271; x_wconf 71' lang='lat' dir='ltr'>pestate</span> <span class='ocrx_word' id='word_1_163' title='bbox 147 2217 316 2267; x_wconf 87' lang='lat' dir='ltr'>versarer.</span> <span class='ocrx_word' id='word_1_164' title='bbox 354 2194 442 2262; x_wconf 94' lang='lat' dir='ltr'>lllud</span> <span class='ocrx_word' id='word_1_165' title='bbox 463 2207 535 2262; x_wconf 87' lang='lat' dir='ltr'>erat</span> <span class='ocrx_word' id='word_1_166' title='bbox 555 2216 660 2276; x_wconf 81' lang='lat' dir='ltr'>genus</span> <span class='ocrx_word' id='word_1_167' title='bbox 675 2194 850 2263; x_wconf 91' lang='lat' dir='ltr'>hominum</span> <span class='ocrx_word' id='word_1_168' title='bbox 867 2195 1026 2265; x_wconf 84' lang='lat' dir='ltr'>horribile</span> <span class='ocrx_word' id='word_1_169' title='bbox 1040 2209 1075 2264; x_wconf 87' lang='lat' dir='ltr'>et</span> <span class='ocrx_word' id='word_1_170' title='bbox 1087 2218 1163 2280; x_wconf 88' lang='lat' dir='ltr'>per-</span> 
     </span>
     <span class='ocr_line' id='line_1_20' title="bbox 33 2295 1163 2387; baseline 0.004 -27"><span class='ocrx_word' id='word_1_171' title='bbox 33 2295 262 2387; x_wconf 81' lang='lat' dir='ltr'>inescendum,</span> <span class='ocrx_word' id='word_1_172' title='bbox 300 2300 356 2383; x_wconf 92' lang='lat' dir='ltr'>qui</span> <span class='ocrx_word' id='word_1_173' title='bbox 382 2311 476 2367; x_wconf 87' lang='lat' dir='ltr'>tauto</span> <span class='ocrx_word' id='word_1_174' title='bbox 505 2320 621 2366; x_wconf 90' lang='lat' dir='ltr'>amore</span> <span class='ocrx_word' id='word_1_175' title='bbox 647 2321 725 2368; x_wconf 87' lang='lat' dir='ltr'>suas</span> <span class='ocrx_word' id='word_1_176' title='bbox 753 2301 986 2382; x_wconf 85' lang='lat' dir='ltr'>possessiones</span> <span class='ocrx_word' id='word_1_177' title='bbox 1014 2300 1163 2382; x_wconf 81' lang='lat' dir='ltr'>amplexi</span> 
     </span>
     <span class='ocr_line' id='line_1_21' title="bbox 33 2401 1223 2492; baseline 0.008 -31"><span class='ocrx_word' id='word_1_178' title='bbox 33 2403 175 2492; x_wconf 84' lang='lat' dir='ltr'>tenebant,</span> <span class='ocrx_word' id='word_1_179' title='bbox 211 2416 252 2471; x_wconf 91' lang='lat' dir='ltr'>ut</span> <span class='ocrx_word' id='word_1_180' title='bbox 278 2405 318 2471; x_wconf 90' lang='lat' dir='ltr'>ab</span> <span class='ocrx_word' id='word_1_181' title='bbox 344 2404 384 2471; x_wconf 92' lang='lat' dir='ltr'>iis</span> <span class='ocrx_word' id='word_1_182' title='bbox 412 2404 563 2470; x_wconf 88' lang='lat' dir='ltr'>membra</span> <span class='ocrx_word' id='word_1_183' title='bbox 589 2401 701 2469; x_wconf 84' lang='lat' dir='ltr'>diuelli</span> <span class='ocrx_word' id='word_1_184' title='bbox 723 2403 822 2470; x_wconf 88' lang='lat' dir='ltr'>citius</span> <span class='ocrx_word' id='word_1_185' title='bbox 843 2423 883 2470; x_wconf 89' lang='lat' dir='ltr'>ac</span> <span class='ocrx_word' id='word_1_186' title='bbox 903 2402 1042 2470; x_wconf 77' lang='lat' dir='ltr'>distrahi</span> <span class='ocrx_word' id='word_1_187' title='bbox 1062 2423 1164 2486; x_wconf 85' lang='lat' dir='ltr'>posse</span> <span class='ocrx_word' id='word_1_188' title='bbox 1220 2480 1223 2487; x_wconf 45' lang='grc'><em>,</em></span> 
     </span>
     <span class='ocr_line' id='line_1_22' title="bbox 33 2498 1164 2597; baseline 0.006 -31"><span class='ocrx_word' id='word_1_189' title='bbox 33 2498 145 2574; x_wconf 86' lang='lat' dir='ltr'>diceres.</span> <span class='ocrx_word' id='word_1_190' title='bbox 184 2509 287 2576; x_wconf 85' lang='lat' dir='ltr'>Sitius</span> <span class='ocrx_word' id='word_1_191' title='bbox 307 2530 478 2592; x_wconf 84' lang='lat' dir='ltr'>nunquam</span> <span class='ocrx_word' id='word_1_192' title='bbox 500 2508 562 2575; x_wconf 89' lang='lat' dir='ltr'>sibi</span> <span class='ocrx_word' id='word_1_193' title='bbox 583 2506 819 2586; x_wconf 81' lang='lat' dir='ltr'>cognationem</span> <span class='ocrx_word' id='word_1_194' title='bbox 835 2530 913 2574; x_wconf 91' lang='lat' dir='ltr'>cum</span> <span class='ocrx_word' id='word_1_195' title='bbox 928 2505 1072 2597; x_wconf 84' lang='lat' dir='ltr'>praediis</span> <span class='ocrx_word' id='word_1_196' title='bbox 1088 2527 1164 2573; x_wconf 84' lang='lat' dir='ltr'>esse</span> 
     </span>
     <span class='ocr_line' id='line_1_23' title="bbox 33 2609 1165 2695; baseline 0.007 -26"><span class='ocrx_word' id='word_1_197' title='bbox 33 2609 207 2679; x_wconf 83' lang='lat' dir='ltr'>existimavit</span> <span class='ocrx_word' id='word_1_198' title='bbox 234 2612 316 2680; x_wconf 89' lang='lat' dir='ltr'>suis.</span> <span class='ocrx_word' id='word_1_199' title='bbox 358 2612 475 2695; x_wconf 89' lang='lat' dir='ltr'>Itaque</span> <span class='ocrx_word' id='word_1_200' title='bbox 502 2633 634 2680; x_wconf 89' lang='lat' dir='ltr'>senon</span> <span class='ocrx_word' id='word_1_201' title='bbox 661 2610 765 2679; x_wconf 92' lang='lat' dir='ltr'>modo</span> <span class='ocrx_word' id='word_1_202' title='bbox 792 2632 837 2678; x_wconf 84' lang='lat' dir='ltr'>ex</span> <span class='ocrx_word' id='word_1_203' title='bbox 861 2611 1053 2694; x_wconf 89' lang='lat' dir='ltr'>suspicione</span> <span class='ocrx_word' id='word_1_204' title='bbox 1080 2611 1165 2677; x_wconf 84' lang='lat' dir='ltr'>tanti</span> 
     </span>
     <span class='ocr_line' id='line_1_24' title="bbox 33 2710 1165 2794; baseline 0.007 -21"><span class='ocrx_word' id='word_1_205' title='bbox 33 2710 157 2794; x_wconf 77' lang='lat' dir='ltr'>sceleris,</span> <span class='ocrx_word' id='word_1_206' title='bbox 176 2730 297 2784; x_wconf 85' lang='lat' dir='ltr'>verum</span> <span class='ocrx_word' id='word_1_207' title='bbox 320 2716 419 2784; x_wconf 83' lang='lat' dir='ltr'>e‘tiam</span> <span class='ocrx_word' id='word_1_208' title='bbox 442 2738 485 2781; x_wconf 83' lang='lat' dir='ltr'>ex</span> <span class='ocrx_word' id='word_1_209' title='bbox 500 2715 591 2782; x_wconf 93' lang='lat' dir='ltr'>omni</span> <span class='ocrx_word' id='word_1_210' title='bbox 605 2711 780 2783; x_wconf 87' lang='lat' dir='ltr'>hominum</span> <span class='ocrx_word' id='word_1_211' title='bbox 795 2735 952 2782; x_wconf 87' lang='lat' dir='ltr'>sermone</span> <span class='ocrx_word' id='word_1_212' title='bbox 965 2737 1035 2782; x_wconf 91' lang='lat' dir='ltr'>non</span> <span class='ocrx_word' id='word_1_213' title='bbox 1048 2713 1165 2791; x_wconf 88' lang='lat' dir='ltr'>armis,</span> 
     </span>
     <span class='ocr_line' id='line_1_25' title="bbox 33 2814 582 2900; baseline 0.009 -20"><span class='ocrx_word' id='word_1_214' title='bbox 33 2814 74 2880; x_wconf 82' lang='lat' dir='ltr'>scd</span> <span class='ocrx_word' id='word_1_215' title='bbox 89 2820 286 2900; x_wconf 84' lang='lat' dir='ltr'>patrimonio</span> <span class='ocrx_word' id='word_1_216' title='bbox 307 2840 370 2886; x_wconf 90' lang='lat' dir='ltr'>suo</span> <span class='ocrx_word' id='word_1_217' title='bbox 392 2817 582 2885; x_wconf 86' lang='lat' dir='ltr'>vindicavit.</span> 
     </span>
    </p>

    <p class='ocr_par' dir='ltr' id='par_1_5' title="bbox 33 2916 1247 3213">
     <span class='ocr_line' id='line_1_26' title="bbox 89 2916 1227 3004; baseline -0.007 -16"><span class='ocrx_word' id='word_1_218' title='bbox 89 2921 179 3000; x_wconf 81' lang='lat' dir='ltr'><strong>XXI.</strong></span> <span class='ocrx_word' id='word_1_219' title='bbox 219 2923 292 2990; x_wconf 87' lang='lat' dir='ltr'>lam</span> <span class='ocrx_word' id='word_1_220' title='bbox 318 2944 399 2989; x_wconf 85' lang='lat' dir='ltr'>vero</span> <span class='ocrx_word' id='word_1_221' title='bbox 422 2920 513 3004; x_wconf 93' lang='lat' dir='ltr'>quod</span> <span class='ocrx_word' id='word_1_222' title='bbox 540 2922 674 2988; x_wconf 86' lang='lat' dir='ltr'>subiicit</span> <span class='ocrx_word' id='word_1_223' title='bbox 698 2922 921 3004; x_wconf 90' lang='lat' dir='ltr'>Pompeianos</span> <span class='ocrx_word' id='word_1_224' title='bbox 942 2940 1016 2989; x_wconf 88' lang='lat' dir='ltr'>esse</span> <span class='ocrx_word' id='word_1_225' title='bbox 1035 2944 1054 2988; x_wconf 91' lang='lat' dir='ltr'>a</span> <span class='ocrx_word' id='word_1_226' title='bbox 1074 2918 1165 2988; x_wconf 88' lang='lat' dir='ltr'>Sulla</span> <span class='ocrx_word' id='word_1_227' title='bbox 1185 2916 1227 2980; x_wconf 82' lang='lat' dir='ltr'>ott</span> 
     </span>
     <span class='ocr_line' id='line_1_27' title="bbox 33 3013 1247 3100; baseline 0.002 -12"><span class='ocrx_word' id='word_1_228' title='bbox 33 3013 185 3100; x_wconf 80' lang='lat' dir='ltr'>inpulsos,</span> <span class='ocrx_word' id='word_1_229' title='bbox 216 3038 255 3091; x_wconf 89' lang='lat' dir='ltr'>ut</span> <span class='ocrx_word' id='word_1_230' title='bbox 282 3023 324 3092; x_wconf 90' lang='lat' dir='ltr'>ad</span> <span class='ocrx_word' id='word_1_231' title='bbox 349 3027 449 3093; x_wconf 79' lang='lat' dir='ltr'>istam</span> <span class='ocrx_word' id='word_1_232' title='bbox 477 3027 746 3093; x_wconf 85' lang='lat' dir='ltr'>coniurationem</span> <span class='ocrx_word' id='word_1_233' title='bbox 775 3039 808 3091; x_wconf 89' lang='lat' dir='ltr'>ct</span> <span class='ocrx_word' id='word_1_234' title='bbox 835 3025 878 3091; x_wconf 88' lang='lat' dir='ltr'>ad</span> <span class='ocrx_word' id='word_1_235' title='bbox 906 3023 972 3091; x_wconf 88' lang='lat' dir='ltr'>hoc</span> <span class='ocrx_word' id='word_1_236' title='bbox 997 3024 1166 3091; x_wconf 84' lang='lat' dir='ltr'>nefarium</span> <span class='ocrx_word' id='word_1_237' title='bbox 1240 3047 1247 3063; x_wconf 91' lang='lat'><strong>·</strong></span> 
     </span>
     <span class='ocr_line' id='line_1_28' title="bbox 33 3117 1165 3213; baseline 0.011 -31"><span class='ocrx_word' id='word_1_238' title='bbox 33 3117 136 3193; x_wconf 78' lang='lat' dir='ltr'>lacinus</span> <span class='ocrx_word' id='word_1_239' title='bbox 157 3129 372 3208; x_wconf 87' lang='lat' dir='ltr'>accederent,</span> <span class='ocrx_word' id='word_1_240' title='bbox 394 3129 427 3195; x_wconf 89' lang='lat' dir='ltr'>id</span> <span class='ocrx_word' id='word_1_241' title='bbox 449 3128 637 3196; x_wconf 88' lang='lat' dir='ltr'>cuiusmodi</span> <span class='ocrx_word' id='word_1_242' title='bbox 652 3129 711 3213; x_wconf 83' lang='lat' dir='ltr'>sit,</span> <span class='ocrx_word' id='word_1_243' title='bbox 734 3126 919 3207; x_wconf 87' lang='lat' dir='ltr'>intelligere</span> <span class='ocrx_word' id='word_1_244' title='bbox 934 3150 1001 3193; x_wconf 89' lang='lat' dir='ltr'>nou</span> <span class='ocrx_word' id='word_1_245' title='bbox 1014 3148 1165 3210; x_wconf 83' lang='lat' dir='ltr'>possum.</span> 
     </span>
    </p>

    <p class='ocr_par' dir='ltr' id='par_1_6' title="bbox 33 3225 1244 3419">
     <span class='ocr_line' id='line_1_29' title="bbox 33 3225 1244 3315; baseline 0.007 -25"><span class='ocrx_word' id='word_1_246' title='bbox 33 3225 72 3290; x_wconf 83' lang='lat' dir='ltr'>An</span> <span class='ocrx_word' id='word_1_247' title='bbox 93 3229 144 3297; x_wconf 88' lang='lat' dir='ltr'>tibi</span> <span class='ocrx_word' id='word_1_248' title='bbox 170 3233 365 3315; x_wconf 88' lang='lat' dir='ltr'>Pompeiani</span> <span class='ocrx_word' id='word_1_249' title='bbox 394 3234 587 3300; x_wconf 84' lang='lat' dir='ltr'>coniurasse</span> <span class='ocrx_word' id='word_1_250' title='bbox 616 3230 800 3298; x_wconf 61' lang='lat' dir='ltr'>videnturl.l</span> <span class='ocrx_word' id='word_1_251' title='bbox 832 3232 906 3314; x_wconf 83' lang='lat' dir='ltr'>quis</span> <span class='ocrx_word' id='word_1_252' title='bbox 932 3229 998 3297; x_wconf 90' lang='lat' dir='ltr'>hoc</span> <span class='ocrx_word' id='word_1_253' title='bbox 1019 3253 1166 3313; x_wconf 87' lang='lat' dir='ltr'>unquam</span> <span class='ocrx_word' id='word_1_254' title='bbox 1240 3304 1244 3312; x_wconf 51' lang='grc'>,</span> 
     </span>
     <span class='ocr_line' id='line_1_30' title="bbox 36 3322 1167 3419; baseline 0.013 -32"><span class='ocrx_word' id='word_1_255' title='bbox 36 3322 122 3397; x_wconf 76' lang='lat' dir='ltr'>‹lixitl</span> <span class='ocrx_word' id='word_1_256' title='bbox 148 3349 203 3402; x_wconf 86' lang='lat' dir='ltr'>aut</span> <span class='ocrx_word' id='word_1_257' title='bbox 223 3358 307 3419; x_wconf 90' lang='lat' dir='ltr'>quae</span> <span class='ocrx_word' id='word_1_258' title='bbox 328 3335 394 3403; x_wconf 88' lang='lat' dir='ltr'>fuit</span> <span class='ocrx_word' id='word_1_259' title='bbox 412 3336 508 3404; x_wconf 85' lang='lat' dir='ltr'>istius</span> <span class='ocrx_word' id='word_1_260' title='bbox 530 3338 579 3402; x_wconf 89' lang='lat' dir='ltr'>rei</span> <span class='ocrx_word' id='word_1_261' title='bbox 599 3334 654 3402; x_wconf 94' lang='lat' dir='ltr'>vel</span> <span class='ocrx_word' id='word_1_262' title='bbox 675 3335 813 3401; x_wconf 89' lang='lat' dir='ltr'>minima</span> <span class='ocrx_word' id='word_1_263' title='bbox 833 3334 1010 3418; x_wconf 80' lang='lat' dir='ltr'>suspicio‘?</span> <span class='ocrx_word' id='word_1_264' title='bbox 1049 3334 1167 3402; x_wconf 86' lang='lat' dir='ltr'>Diiun-</span> 
     </span>
    </p>
   </div>
   <div class='ocr_carea' id='block_1_3' title="bbox 36 3449 199 3472">
    <p class='ocr_par' dir='ltr' id='par_1_7' title="bbox 36 3449 199 3472">
     <span class='ocr_line' id='line_1_31' title="bbox 36 3449 199 3472; baseline 0 0"><span class='ocrx_word' id='word_1_265' title='bbox 36 3449 199 3472; x_wconf 40' lang='grc' dir='ltr'>’ᾕ-ι-</span> 
     </span>
    </p>
   </div>
   <div class='ocr_carea' id='block_1_4' title="bbox 85 3530 983 3597">
    <p class='ocr_par' dir='ltr' id='par_1_8' title="bbox 85 3530 983 3597">
     <span class='ocr_line' id='line_1_32' title="bbox 85 3530 983 3597; baseline -0.001 -18"><span class='ocrx_word' id='word_1_266' title='bbox 85 3530 146 3592; x_wconf 60' lang='grc'>158.</span> <span class='ocrx_word' id='word_1_267' title='bbox 170 3551 197 3582; x_wconf 82' lang='lat' dir='ltr'>uc</span> <span class='ocrx_word' id='word_1_268' title='bbox 217 3534 320 3597; x_wconf 66' lang='lat' dir='ltr'>discipt]</span> <span class='ocrx_word' id='word_1_269' title='bbox 337 3540 377 3582; x_wconf 73' lang='lat' dir='ltr'>aul</span> <span class='ocrx_word' id='word_1_270' title='bbox 395 3536 417 3582; x_wconf 77' lang='lat' dir='ltr'>d.</span> <span class='ocrx_word' id='word_1_271' title='bbox 434 3534 465 3582; x_wconf 81' lang='lat' dir='ltr'>P.</span> <span class='ocrx_word' id='word_1_272' title='bbox 484 3558 518 3573; x_wconf 90' lang='lat'>—</span> <span class='ocrx_word' id='word_1_273' title='bbox 533 3535 615 3580; x_wconf 78' lang='lat' dir='ltr'>bellum</span> <span class='ocrx_word' id='word_1_274' title='bbox 631 3533 702 3595; x_wconf 70' lang='lat' dir='ltr'>reip]</span> <span class='ocrx_word' id='word_1_275' title='bbox 721 3534 804 3579; x_wconf 70' lang='lat' dir='ltr'>bellum</span> <span class='ocrx_word' id='word_1_276' title='bbox 825 3535 849 3578; x_wconf 77' lang='lat' dir='ltr'>in</span> <span class='ocrx_word' id='word_1_277' title='bbox 868 3549 893 3578; x_wconf 80' lang='lat' dir='ltr'>re</span> <span class='ocrx_word' id='word_1_278' title='bbox 909 3547 936 3591; x_wconf 81' lang='lat' dir='ltr'>p.</span> <span class='ocrx_word' id='word_1_279' title='bbox 953 3532 983 3589; x_wconf 80' lang='grc' dir='ltr'>Ρ.</span> 
     </span>
    </p>
   </div>
   <div class='ocr_carea' id='block_1_5' title="bbox 38 3624 1168 3796">
    <p class='ocr_par' dir='ltr' id='par_1_9' title="bbox 38 3624 1168 3796">
     <span class='ocr_line' id='line_1_33' title="bbox 87 3624 1168 3708; baseline -0.001 -20"><span class='ocrx_word' id='word_1_280' title='bbox 87 3637 152 3701; x_wconf 64' lang='grc'>159.</span> <span class='ocrx_word' id='word_1_281' title='bbox 170 3659 221 3693; x_wconf 79' lang='lat' dir='ltr'>auos</span> <span class='ocrx_word' id='word_1_282' title='bbox 236 3644 390 3706; x_wconf 74' lang='lat' dir='ltr'>possessiones</span> <span class='ocrx_word' id='word_1_283' title='bbox 413 3643 534 3708; x_wconf 70' lang='lat' dir='ltr'>amplexi]</span> <span class='ocrx_word' id='word_1_284' title='bbox 562 3624 676 3702; x_wconf 66' lang='lat' dir='ltr'>eom&#39;pteai</span> <span class='ocrx_word' id='word_1_285' title='bbox 697 3656 749 3689; x_wconf 80' lang='lat' dir='ltr'>auos</span> <span class='ocrx_word' id='word_1_286' title='bbox 772 3645 927 3701; x_wconf 76' lang='lat' dir='ltr'>possessiones</span> <span class='ocrx_word' id='word_1_287' title='bbox 950 3641 979 3688; x_wconf 87' lang='lat' dir='ltr'>P.</span> <span class='ocrx_word' id='word_1_288' title='bbox 999 3667 1033 3680; x_wconf 90' lang='lat'>-</span> <span class='ocrx_word' id='word_1_289' title='bbox 1052 3642 1168 3701; x_wconf 71' lang='lat' dir='ltr'>complexi</span> 
     </span>
     <span class='ocr_line' id='line_1_34' title="bbox 38 3718 887 3796; baseline 0.011 -32"><span class='ocrx_word' id='word_1_290' title='bbox 38 3718 93 3768; x_wconf 80' lang='lat' dir='ltr'>elium</span> <span class='ocrx_word' id='word_1_291' title='bbox 109 3727 185 3776; x_wconf 77' lang='lat' dir='ltr'>Lamb,</span> <span class='ocrx_word' id='word_1_292' title='bbox 207 3756 241 3770; x_wconf 87' lang='grc'>--</span> <span class='ocrx_word' id='word_1_293' title='bbox 263 3745 309 3776; x_wconf 81' lang='lat' dir='ltr'>esse</span> <span class='ocrx_word' id='word_1_294' title='bbox 332 3731 471 3796; x_wconf 66' lang='lat' dir='ltr'>existimauit</span> <span class='ocrx_word' id='word_1_295' title='bbox 488 3727 545 3789; x_wconf 76' lang='lat' dir='ltr'>suis]</span> <span class='ocrx_word' id='word_1_296' title='bbox 566 3731 613 3774; x_wconf 78' lang='lat' dir='ltr'>suia</span> <span class='ocrx_word' id='word_1_297' title='bbox 634 3743 679 3775; x_wconf 77' lang='lat' dir='ltr'>eree</span> <span class='ocrx_word' id='word_1_298' title='bbox 699 3730 840 3774; x_wconf 72' lang='lat' dir='ltr'>existimauit</span> <span class='ocrx_word' id='word_1_299' title='bbox 859 3727 887 3773; x_wconf 88' lang='lat' dir='ltr'>P.</span> 
     </span>
    </p>
   </div>
   <div class='ocr_carea' id='block_1_6' title="bbox 39 3826 1169 4257">
    <p class='ocr_par' dir='ltr' id='par_1_10' title="bbox 39 3826 1167 4045">
     <span class='ocr_line' id='line_1_35' title="bbox 88 3826 1167 3905; baseline -0.002 -22"><span class='ocrx_word' id='word_1_300' title='bbox 88 3831 150 3894; x_wconf 75' lang='lat' dir='ltr'>too.</span> <span class='ocrx_word' id='word_1_301' title='bbox 167 3837 271 3905; x_wconf 66' lang='lat' dir='ltr'>sutton]</span> <span class='ocrx_word' id='word_1_302' title='bbox 297 3840 378 3887; x_wconf 67' lang='lat' dir='ltr'>otono</span> <span class='ocrx_word' id='word_1_303' title='bbox 392 3840 421 3886; x_wconf 72' lang='grc' dir='ltr'>ι).</span> <span class='ocrx_word' id='word_1_304' title='bbox 435 3836 507 3885; x_wconf 69' lang='lat' dir='ltr'>corn.</span> <span class='ocrx_word' id='word_1_305' title='bbox 525 3861 559 3904; x_wconf 54' lang='lat'>7-</span> <span class='ocrx_word' id='word_1_306' title='bbox 574 3826 672 3898; x_wconf 67' lang='lat' dir='ltr'>sequen</span> <span class='ocrx_word' id='word_1_307' title='bbox 689 3834 766 3899; x_wconf 67' lang='lat' dir='ltr'>ausa]</span> <span class='ocrx_word' id='word_1_308' title='bbox 785 3838 848 3883; x_wconf 65' lang='lat' dir='ltr'>auu</span> <span class='ocrx_word' id='word_1_309' title='bbox 864 3849 961 3896; x_wconf 73' lang='lat' dir='ltr'>unquam</span> <span class='ocrx_word' id='word_1_310' title='bbox 976 3836 1006 3883; x_wconf 81' lang='grc' dir='ltr'>Ρ.</span> <span class='ocrx_word' id='word_1_311' title='bbox 1023 3860 1058 3877; x_wconf 87' lang='lat'>-</span> <span class='ocrx_word' id='word_1_312' title='bbox 1074 3838 1167 3895; x_wconf 74' lang='lat' dir='ltr'>cognita</span> 
     </span>
     <span class='ocr_line' id='line_1_36' title="bbox 39 3912 267 3987; baseline 0.004 -37"><span class='ocrx_word' id='word_1_313' title='bbox 39 3912 75 3973; x_wconf 80' lang='lat' dir='ltr'>ert]</span> <span class='ocrx_word' id='word_1_314' title='bbox 96 3924 177 3977; x_wconf 50' lang='lat' dir='ltr'>cognita</span> <span class='ocrx_word' id='word_1_315' title='bbox 198 3924 227 3971; x_wconf 50' lang='lat' dir='ltr'>p·</span> <span class='ocrx_word' id='word_1_316' title='bbox 265 3982 267 3987; x_wconf 17' lang='grc' dir='ltr'><strong><em>Α</em></strong></span> 
     </span>
     <span class='ocr_line' id='line_1_37' title="bbox 43 4014 207 4045; baseline -0.018 -19"><span class='ocrx_word' id='word_1_317' title='bbox 43 4014 207 4045; x_wconf 34' lang='grc' dir='ltr'>,κ</span> 
     </span>
    </p>

    <p class='ocr_par' dir='ltr' id='par_1_11' title="bbox 42 4103 1169 4257">
     <span class='ocr_line' id='line_1_38' title="bbox 92 4103 1168 4178; baseline -0.008 -12"><span class='ocrx_word' id='word_1_318' title='bbox 92 4103 152 4166; x_wconf 71' lang='grc' dir='ltr'>16οι</span> <span class='ocrx_word' id='word_1_319' title='bbox 168 4114 273 4174; x_wconf 80' lang='lat' dir='ltr'>Pompeii</span> <span class='ocrx_word' id='word_1_320' title='bbox 290 4115 407 4176; x_wconf 86' lang='lat' dir='ltr'>oppidum</span> <span class='ocrx_word' id='word_1_321' title='bbox 424 4111 574 4176; x_wconf 80' lang='lat' dir='ltr'>(lampanlae</span> <span class='ocrx_word' id='word_1_322' title='bbox 591 4128 671 4176; x_wconf 85' lang='lat' dir='ltr'>prope</span> <span class='ocrx_word' id='word_1_323' title='bbox 687 4114 819 4178; x_wconf 80' lang='lat' dir='ltr'>Neapolim</span> <span class='ocrx_word' id='word_1_324' title='bbox 853 4113 906 4172; x_wconf 85' lang='lat' dir='ltr'>Eo,</span> <span class='ocrx_word' id='word_1_325' title='bbox 928 4113 1005 4171; x_wconf 77' lang='lat' dir='ltr'>iussu,</span> <span class='ocrx_word' id='word_1_326' title='bbox 1025 4110 1168 4167; x_wconf 83' lang='lat' dir='ltr'>nt&#39;videtur,</span> 
     </span>
     <span class='ocr_line' id='line_1_39' title="bbox 42 4177 1169 4257; baseline -0.002 -17"><span class='ocrx_word' id='word_1_327' title='bbox 42 4179 62 4228; x_wconf 61' lang='lat' dir='ltr'>[b</span> <span class='ocrx_word' id='word_1_328' title='bbox 75 4186 157 4252; x_wconf 74' lang='lat' dir='ltr'>Selloe,</span> <span class='ocrx_word' id='word_1_329' title='bbox 172 4212 215 4257; x_wconf 88' lang='lat' dir='ltr'>per</span> <span class='ocrx_word' id='word_1_330' title='bbox 230 4201 260 4247; x_wconf 75' lang='lat'>1².</span> <span class='ocrx_word' id='word_1_331' title='bbox 277 4177 367 4246; x_wconf 73' lang='lat' dir='ltr'>Sullam</span> <span class='ocrx_word' id='word_1_332' title='bbox 378 4201 526 4248; x_wconf 82' lang='lat' dir='ltr'>triumvirum</span> <span class='ocrx_word' id='word_1_333' title='bbox 537 4200 636 4247; x_wconf 77' lang='lat' dir='ltr'>colonio</span> <span class='ocrx_word' id='word_1_334' title='bbox 646 4205 816 4248; x_wconf 79' lang='lat' dir='ltr'>veteranorum</span> <span class='ocrx_word' id='word_1_335' title='bbox 827 4199 931 4244; x_wconf 77' lang='lat' dir='ltr'>deducta</span> <span class='ocrx_word' id='word_1_336' title='bbox 942 4202 992 4253; x_wconf 63' lang='grc' dir='ltr'>θεὶς</span> <span class='ocrx_word' id='word_1_337' title='bbox 1008 4197 1071 4241; x_wconf 87' lang='lat' dir='ltr'>idem</span> <span class='ocrx_word' id='word_1_338' title='bbox 1082 4199 1169 4254; x_wconf 76' lang='lat' dir='ltr'>postea</span> 
     </span>
    </p>
   </div>
   <div class='ocr_carea' id='block_1_7' title="bbox 42 4276 1169 4434">
    <p class='ocr_par' dir='ltr' id='par_1_12' title="bbox 42 4276 1169 4434">
     <span class='ocr_line' id='line_1_40' title="bbox 43 4276 1169 4347; baseline -0.003 -24"><span class='ocrx_word' id='word_1_339' title='bbox 43 4279 84 4316; x_wconf 62' lang='lat' dir='ltr'>clm</span> <span class='ocrx_word' id='word_1_340' title='bbox 96 4276 211 4330; x_wconf 67' lang='lat' dir='ltr'>momoria</span> <span class='ocrx_word' id='word_1_341' title='bbox 227 4285 328 4345; x_wconf 76' lang='lat' dir='ltr'>collegis</span> <span class='ocrx_word' id='word_1_342' title='bbox 344 4300 427 4334; x_wconf 85' lang='lat' dir='ltr'>eorum</span> <span class='ocrx_word' id='word_1_343' title='bbox 444 4291 561 4347; x_wconf 77' lang='lat' dir='ltr'>patronus</span> <span class='ocrx_word' id='word_1_344' title='bbox 577 4285 631 4331; x_wconf 86' lang='lat' dir='ltr'>fult.</span> <span class='ocrx_word' id='word_1_345' title='bbox 675 4285 742 4331; x_wconf 82' lang='lat' dir='ltr'>Inter</span> <span class='ocrx_word' id='word_1_346' title='bbox 758 4283 922 4344; x_wconf 78' lang='lat' dir='ltr'>Pompeianos</span> <span class='ocrx_word' id='word_1_347' title='bbox 939 4285 1033 4328; x_wconf 78' lang='lat' dir='ltr'>veteres</span> <span class='ocrx_word' id='word_1_348' title='bbox 1051 4283 1075 4323; x_wconf 86' lang='lat' dir='ltr'>et</span> <span class='ocrx_word' id='word_1_349' title='bbox 1091 4289 1169 4324; x_wconf 76' lang='lat' dir='ltr'>novor</span> 
     </span>
     <span class='ocr_line' id='line_1_41' title="bbox 42 4346 1169 4434; baseline -0.014 -14"><span class='ocrx_word' id='word_1_350' title='bbox 42 4346 70 4412; x_wconf 73' lang='lat' dir='ltr'>llt</span> <span class='ocrx_word' id='word_1_351' title='bbox 83 4358 151 4412; x_wconf 48' lang='lat' dir='ltr'>&amp;fini</span> <span class='ocrx_word' id='word_1_352' title='bbox 166 4371 320 4429; x_wconf 69' lang='lat' dir='ltr'>appellabant</span> <span class='ocrx_word' id='word_1_353' title='bbox 337 4371 439 4419; x_wconf 80' lang='lat' dir='ltr'>colonos</span> <span class='ocrx_word' id='word_1_354' title='bbox 456 4371 539 4434; x_wconf 76' lang='lat' dir='ltr'>aliquo</span> <span class='ocrx_word' id='word_1_355' title='bbox 557 4370 686 4428; x_wconf 78' lang='lat' dir='ltr'>deductos,</span> <span class='ocrx_word' id='word_1_356' title='bbox 703 4369 724 4417; x_wconf 77' lang='lat' dir='ltr'>si</span> <span class='ocrx_word' id='word_1_357' title='bbox 740 4368 834 4429; x_wconf 77' lang='lat' dir='ltr'>priores</span> <span class='ocrx_word' id='word_1_358' title='bbox 851 4365 947 4415; x_wconf 84' lang='lat' dir='ltr'>incolae</span> <span class='ocrx_word' id='word_1_359' title='bbox 963 4360 1107 4429; x_wconf 79' lang='lat' dir='ltr'>manebant,</span> <span class='ocrx_word' id='word_1_360' title='bbox 1125 4359 1169 4405; x_wconf 83' lang='lat' dir='ltr'>cfr.</span> 
     </span>
    </p>
   </div>
   <div class='ocr_carea' id='block_1_8' title="bbox 0 0 1430 4759">
    <p class='ocr_par' dir='ltr' id='par_1_13' title="bbox 0 0 1430 4759">
     <span class='ocr_line' id='line_1_42' title="bbox 0 0 1430 4759; baseline 0 0"><span class='ocrx_word' id='word_1_361' title='bbox 0 0 1430 4759; x_wconf 95' lang='lat' dir='ltr'> </span> 
     </span>
    </p>
   </div>
  </div>
 </body>
</html>
