2850 4759
193 810 989 895 ·nxcn1tsus

606 992 668 1039 AD

406 1132 754 1197 nncnmunn
774 1132 813 1217 4,
835 1135 864 1199 7.

557 1327 738 1336 .————

127 1453 231 1537 Data
251 1468 304 1524 est
326 1457 457 1525 ciuitas
475 1455 621 1526 Siluani
640 1458 714 1542 leae
733 1470 768 1526 et
787 1457 982 1537 Carbonis,
1011 1463 1045 1529 si
1061 1463 1125 1548 aui
1146 1461 1227 1540 cet]

39 1558 139 1625 Libri
163 1577 282 1625 omnes
304 1571 364 1624 ant
377 1555 528 1643 Sillani,
548 1554 711 1644 Syllani,
734 1561 765 1626 id
783 1561 874 1642 qnod
892 1562 974 1628 nibil
997 1574 1048 1629 est
1069 1564 1228 1638 omnium

41 1672 104 1727 aut
124 1658 267 1744 Silani,
289 1659 377 1742 quod
399 1659 539 1726 Klotzio
562 1660 698 1741 placuit.
739 1662 826 1728 Item
846 1660 1035 1729 Scholiasta
1055 1663 1228 1729 bobiensis

41 1762 76 1826 in
94 1772 303 1842 argumento
320 1785 353 1843 p.
373 1763 441 1829 353.
459 1758 522 1828 Ed.
539 1782 649 1827 meae:
675 1761 705 1826 T
704 1785 773 1829 ane
785 1760 935 1830 Silanus
953 1774 987 1828 et
1003 1762 1121 1830 Carbo
1138 1782 1228 1828 coss.

41 1860 161 1944 lenem
179 1861 340 1946 tulerant
356 1874 421 1929 eet.
461 1862 527 1930 Ubi
547 1864 704 1930 Maius:
726 1867 858 1940 „Recte
878 1862 1046 1950 Silanus,
1066 1887 1135 1930 non
1155 1862 1230 1930 Sil·

42 1984 185 2048 nnaus,
206 1986 284 2033 nani
300 1965 350 2031 sic
365 1963 476 2031 Codd.
493 1965 563 2035 Cio.
604 1965 704 2031 Certe
720 1967 909 2033 Carbonem
925 1979 959 2032 et
970 1966 1119 2033 Silanum
1136 1988 1230 2034 cossa

41 2065 151 2133 Marii
168 2077 278 2132 aetate
295 2064 397 2133 tradit
410 2064 610 2133 Patercuins
624 2069 655 2150 2,
678 2071 747 2134 125*
762 2104 803 2115 -
820 2069 851 2133 N
858 2065 1081 2132 iebuhrius
1100 2079 1229 2133 autem:

44 2169 130 2245 „Ex
156 2165 270 2234 XXII.
291 2167 465 2235 codicibus
490 2168 784 2247 abagomarsinio
812 2165 944 2234 collatis
971 2167 1071 2234 XXI.
1105 2166 1230 2233 habent

43 2264 234 2342 Sillanum
251 2266 306 2336 vel
322 2266 533 2355 Syllanam,
554 2267 705 2352 reliquus
727 2267 840 2335 codex
859 2268 1017 2336 habuisse
1036 2265 1230 2333 Siluanum

46 2369 241 2437 credendus
276 2379 361 2438 est.“
396 2375 476 2454 (qua
504 2370 639 2454 quidem
675 2371 718 2437 de
748 2391 785 2437 re
818 2369 1039 2437 vehementer
1072 2369 1229 2452 equidem

46 2472 180 2540 dubito.
202 2472 296 2550 Ore).
338 2473 513 2547 „Fortasse
534 2475 639 2554 igitur
653 2470 806 2541 Silanus
825 2471 946 2541 consul
966 2473 1133 2540 suffectus
1150 2492 1229 2539 eunt

48 2575 208 2641 Carbone
226 2577 270 2645 11.
290 2595 362 2643 cos.
379 2576 485 2642 Cinna
504 2577 619 2644 occiso
635 2575 701 2643 fuit
717 2578 762 2653 (a.
775 2598 810 2640 u.
827 2596 855 2642 u
867 2577 968 2652 670.).
1012 2576 1230 2664 Quamquam

48 2696 133 2744 vero
157 2677 311 2758 comitia,
333 2676 539 2759 aliquamdiu
558 2690 668 2752 certe,
697 2678 868 2744 ementitis
891 2676 1108 2757 religionibus
1126 2677 1232 2756 impe·

49 2775 120 2845 dita
150 2776 256 2844 fuisse
283 2802 353 2845 non
377 2782 595 2860 ignoramus,
621 2780 668 2847 ita
691 2791 732 2846 ut
754 2779 865 2846 Carbo
892 2778 987 2846 solus
1013 2775 1230 2844 consulatum

49 2890 207 2957 gereret,
234 2880 307 2946 lieri
336 2893 449 2949 tamen
470 2893 601 2963 potest,
630 2892 668 2947 ut
693 2881 757 2947 snb
783 2880 986 2947 annifinem
1012 2878 1132 2945 consul
1151 2899 1232 2959 pro·

50 2983 195 3049 cesserit
213 2978 366 3048 Silanus
389 2981 567 3065 legemque
592 3005 670 3050 oum
696 2981 828 3062 collega
852 2980 997 3048 tulerit.“
1016 3015 1056 3028 —
1091 2981 1164 3046 lam
1188 2979 1234 3046 de

50 3082 166 3150 Silano
182 3081 300 3150 Velleii
316 3083 339 3150 l.
358 3084 381 3149 Ι.
403 3086 623 3152 manifestum
643 3105 796 3152 errorem
820 3083 992 3150 commisit
1005 3082 1137 3156 Maius,
1163 3104 1232 3148 uon

50 3183 276 3264 Niebuhrius‚
297 3186 352 3250 cui
372 3187 445 3252 sine
468 3204 571 3255 causa
590 3190 750 3255 tribuitur
767 3207 786 3251 a
801 3185 1079 3265 Stuerenburgio.
1114 3181 1232 3253 Velieii

52 3290 157 3353 verba
175 3285 260 3354 haeo
276 3300 372 3355 suntz
409 3286 547 3356 Cimbri
564 3312 608 3356 ae
625 3287 872 3354 Teutonicum
891 3284 1107 3375 Caepionem
1122 3284 1233 3351 Man·

49 3385 213 3472 liumaae
240 3411 330 3456 coss.
364 3401 398 3456 el
430 3402 533 3456 ante
561 3388 763 3471 Carbonem
785 3385 1027 3475 Silannmaae
1048 3387 1233 3465 fulissent

43 3488 310 3581 fugassenlque
332 3492 371 3557 in
387 3489 522 3560 Galliis
549 3503 612 3557 cet·
636 3488 743 3573 eaone
758 3490 954 3557 referuntur
972 3491 1013 3557 ad
1031 3491 1080 3557 M.
1095 3489 1232 3556 iunium

52 3589 205 3659 Silanum
236 3613 306 3663 cos.
337 3614 367 3662 a.
391 3616 423 3659 u.
443 3615 474 3659 c.
498 3595 590 3671 ota„
623 3594 771 3675 septimo
795 3592 899 3671 igitur
924 3603 1001 3659 ante
1029 3612 1125 3668 eum,
1164 3614 1231 3673 quo

53 3691 198 3761 Romam
219 3696 369 3777 primum
386 3697 479 3762 venit
492 3694 656 3773 Archiam
677 3716 744 3777 qno
762 3715 849 3760 anim
861 3694 930 3757 ⁶45.
948 3696 1087 3762 omniuo
1103 3695 1145 3761 de
1157 3693 1233 3774 lege

53 3790 129 3871 illa,
160 3816 257 3885 ‚aaa
285 3798 415 3865 ciuitas
439 3796 529 3863 data
554 3798 648 3879 est,“
682 3816 726 3862 ne
754 3796 898 3874 eogitari
924 3795 1060 3878 quidem
1084 3806 1232 3879 poterat.

54 3894 235 3965 Gratuitae
253 3911 368 3967 autem
388 3897 564 3967 Niebuhrii
585 3899 804 3966 coniecturae
821 3895 972 3965 Silanum
994 3899 1109 3966 neseio
1131 3917 1232 3978 quem

54 3997 230 4067 consulem
259 4002 443 4069 suffectum
466 4021 541 4070 esse
566 4002 692 4067 Cinnae
714 4020 746 4064 a.
769 4022 802 4069 n.
827 4020 855 4068 c.
879 4001 948 4064 670.
973 4002 1086 4065 obstat
1107 3998 1232 4078 partim

56 4112 148 4167 certa
160 4101 339 4169 Fastorum
356 4103 626 4185 Capitolinorum
645 4102 849 4182 auctoritas,
871 4101 1038 4182 inquibus
1057 4099 1098 4165 ad
1114 4120 1146 4166 a.
1158 4101 1232 4163 670.

57 4199 153 4271 Varr.
173 4202 258 4269 haee
280 4202 454 4284 legsmtur:
484 4201 547 4270 Cn.
574 4201 751 4293 Papirius
769 4200 831 4271 Cn.
851 4199 892 4271 F.
915 4198 953 4271 C.
973 4198 1025 4264 N.
1044 4198 1162 4268 Carbo
1180 4202 1232 4269 ΙΙ.

56 4302 151 4372 solas
184 4303 413 4374 consulatum
439 4307 549 4386 qessit
582 4308 675 4387 (post
705 4307 847 4372 Cinnam
878 4302 1058 4380 occisum).
1101 4305 1234 4395 Quodsi
