2850 4759
214 274 395 347 ORATIO
419 274 669 346 PHILIPPICA
692 278 757 357 11.,
785 297 816 347 c.
836 279 874 343 lt
896 287 930 345 et
950 279 1000 351 tt.
1137 280 1196 345 stt

31 437 69 505 ed
84 454 128 505 nc
144 436 350 521 potentiam
368 434 502 521 quidem
524 437 723 523 cuiusquam
746 437 836 506 ferre
856 439 987 523 potuit,
1009 460 1063 507 me
1079 453 1198 509 aucto·
1265 476 1269 483 ·

31 562 100 628 cru,
122 540 255 619 credo,
280 539 503 609 desideravit:
525 541 581 625 qui
602 543 703 610 ctiam
728 543 800 612 sine
824 541 876 613 bis
898 542 1093 613 clarissimis
1115 545 1196 614 viris

31 666 98 712 runc
124 665 204 713 rem
239 645 280 712 in
310 643 426 712 Cilicia
452 643 495 714 ad
522 646 646 715 ostium
672 644 953 729 fluminisCydni
980 647 1197 726 confecisset,

33 748 42 815 i
60 746 117 816 isse
139 747 185 817 ad
208 768 294 819 eam
310 748 438 832 ripam,
459 768 560 832 quam
574 751 817 830 constituerat,
838 773 907 818 non
922 748 962 818 ad
979 751 1197 832 contrariam,

31 872 116 920 laves
138 850 354 936 appulisset.
405 850 470 919 Cn.
499 851 684 923 Domitium
710 877 779 922 non
799 854 904 938 patris
924 854 1097 934 interitus,
1129 853 1196 930 cla·
1217 850 1258 916 tt
1306 918 1313 941 Ι

31 954 139 1024 issimi
160 955 252 1043 viri,
291 977 362 1023 nou
382 952 546 1022 avunculi
561 977 670 1043 mors,
696 979 766 1026 nun
785 954 943 1042 spoliatio
963 954 1134 1038 diguitatis
1156 957 1199 1027 ad

31 1058 299 1143 recuperandam
319 1057 523 1138 libertatem,
543 1057 605 1127 sed
625 1081 700 1130 mea
719 1060 905 1128 auctoritas
926 1061 1110 1129 excitavit?
1143 1063 1199 1129 An

31 1163 60 1229 C.
85 1162 270 1249 Trebonio
301 1182 365 1243 ego
391 1162 568 1247 persuasi?
609 1163 664 1231 cui
690 1184 734 1231 ne
760 1160 906 1233 suadere
932 1162 1067 1248 quidem
1095 1186 1198 1235 ausus

31 1287 139 1335 essem.
182 1270 266 1348 Quo
296 1266 398 1334 etiam
425 1268 588 1335 maiorem
613 1268 644 1334 ci
671 1287 729 1349 res
756 1264 900 1351 publica.
917 1268 1060 1348 gratiam
1087 1266 1198 1348 debet,
1234 1328 1237 1331 ,

31 1371 75 1452 qui
101 1368 306 1439 libertatem
341 1367 456 1453 populi
475 1369 634 1450 ¹Romani
665 1371 766 1439 unius
804 1370 971 1439 amicitiae
1003 1373 1201 1456 praeposuit
1275 1420 1281 1431 -

31 1472 253 1559 depulsorque
285 1474 478 1541 dominatus
505 1493 605 1556 quam
633 1475 803 1559 particeps
824 1495 899 1543 esse
919 1473 1048 1543 maluit.
1088 1478 1142 1542 An
1163 1475 1200 1547 L.

31 1577 141 1647 Tillius
164 1579 313 1648 Cimber
332 1597 388 1645 me
415 1589 469 1645 cst
487 1589 663 1649 auctorem
691 1579 852 1648 secutus?
886 1599 985 1661 quem
1006 1598 1070 1659 ego
1091 1578 1199 1659 magis

31 1680 141 1751 iecisse
169 1682 268 1750 illam
300 1702 373 1749 reru
401 1702 477 1750 sum
507 1679 710 1770 admiratus,
742 1682 1201 1766 quamsactur·u1nputavi;

34 1784 210 1855 admiratus
233 1797 352 1853 autern
374 1784 512 1851 obeam
534 1804 688 1865 causam,
709 1785 800 1869 quod
819 1786 999 1856 Immemor
1019 1786 1201 1854 beneficio·

36 1908 118 1977 turn,
149 1910 290 1959 memor
318 1888 446 1972 patriae
471 1887 603 1956 fuisset.
642 1889 732 1970 Quid
753 1889 839 1959 duos
860 1889 1044 1958 Servilios?
1075 1890 1200 1958 Cascas

39 1988 155 2073 dicam,
186 2015 230 2062 an
253 1990 406 2062 Ahalas?
440 2002 478 2058 ct*
493 1989 560 2059 hos
576 1994 780 2061 auctoritate
799 2015 876 2061 mea
895 2014 1013 2063 censes
1033 1995 1201 2063 excitatos

39 2095 272 2182 potiusquam
303 2096 447 2164 caritate*
468 2095 517 2161 rei
550 2096 727 2180 publicae?
767 2096 936 2177 Longum
957 2106 1011 2164 est
1043 2096 1203 2179 persequi

40 2210 178 2270 eeteros:
214 2200 321 2286 idque
346 2196 568 2284 reipublicae
588 2198 817 2288 praeclarum,
845 2198 951 2269 fuisse
972 2209 1041 2269 taur
1060 2197 1207 2279 multos,-

42 2298 111 2382 ipm
130 2303 336 2386 gloriosum.
1357 2374 1358 2379 ,

77 2409 185 2475 -ΧΙΙ,
225 2414 276 2481 At
305 2408 590 2497 quemadmodum
618 2426 675 2475 me
704 2404 898 2487 coarguerit
930 2403 1033 2474 humo
1067 2415 1201 2484 acutus,
1221 2406 1262 2469 28

44 2511 271 2586 recordamini.
316 2517 461 2584 Caesare
487 2498 685 2592 interfecto,
720 2511 846 2598 inquit,
880 2512 995 2580 statim
1022 2519 1203 2580 cruentum

46 2608 101 2679 alte
125 2618 297 2688 extollens
324 2620 375 2689 M.
404 2619 531 2689 Brutus
557 2615 739 2702 pugionem
773 2616 972 2684 Ciceronem
1003 2613 1203 2683 nominatim

48 2714 238 2790 exclamavit
264 2735 365 2806 atque
396 2724 425 2790 ei
453 2731 686 2805 recuperatam
713 2718 901 2787 libertatem
929 2731 982 2788 est
1000 2717 1201 2801 gratulatus.

48 2816 106 2884 Cur
125 2824 204 2892 mibi
226 2827 467 2911 potissimum?
516 2825 603 2906 Quia
630 2824 801 2892 sciebam?
838 2822 922 2890 Vide
948 2844 990 2889 ne
1017 2822 1072 2889 illa
1100 2843 1204 2891 causa

49 2917 139 2991 luerit
157 2928 347 3012 appellandi
370 2931 451 3009 urei,
480 2926 589 3010 quod,
615 2947 695 2994 cum
716 2948 788 2994 rem
810 2928 972 3008 gessisset
992 2923 1203 2994 consimilem

51 3024 137 3097 rebus
154 3032 214 3109 iis,
250 3056 334 3120 quas
356 3035 433 3117 ipse
447 3053 637 3115 gesseram,
673 3051 728 3097 me
754 3031 966 3113 potissimum
989 3041 1131 3096 testatus
1152 3038 1205 3095 est

53 3143 83 3190 rc
99 3133 267 3206 aemulum
288 3157 439 3204 mearum
466 3135 604 3204 landum
625 3135 806 3205 exstitisse.
843 3134 897 3201 Tu
918 3146 1031 3201 autem
1052 3131 1202 3200 omnium
1224 3134 1266 3198 29

55 3230 257 3321 stultissime,
284 3262 352 3309 non
373 3239 550 3324 lutelligis,
578 3240 606 3307 si
627 3232 796 3324 id,-quod
812 3259 872 3305 suc
892 3241 1024 3319 arguis,
1054 3234 1205 3304 voluisse

56 3346 232 3377 ·—--..

56 3414 103 3461 Μ’·
117 3441 148 3458 -
163 3435 191 3467 rae
204 3425 334 3483 potentiam
350 3420 452 3484 quidem]
470 3422 594 3485 Significat
610 3428 706 3484 patrem
723 3422 768 3482 Sp.
786 3420 863 3469 Cassii
880 3420 1004 3468 Viscellini
1027 3436 1078 3470 cos,
1100 3436 1124 3468 a.
1146 3421 1205 3475 252.

58 3490 113 3552 ²⁶¹2
127 3501 183 3552 968.
201 3508 243 3569 qul
260 3508 363 3570 primam
380 3511 458 3570 legem
475 3508 597 3570 agrariam
614 3507 682 3566 tulit,
710 3513 737 3554 ut
759 3521 874 3568 agrorum
896 3506 1047 3566 publicorum
1064 3521 1122 3567 pars
1139 3507 1206 3566 plebi

59 3577 217 3641 'Picusculus
256 3593 302 3640 Uli
312 3596 418 3651 ,primum
435 3595 572 3652 magistrata
587 3586 659 3648 abiit,
676 3593 808 3638 &mantum
824 3595 969 3651 meatumque
985 3594 1075 3636 conewt
1089 3593 1123 3654 (a.
1135 3588 1206 3651 269.)

64 3659 110 3707 Μ
123 3673 159 3727 Ν
172 3681 264 3731 pulsem
280 3683 398 3724 auctorem
413 3681 461 3723 eiua
477 3676 587 3739 supplicii
597 3676 693 3737 serant,
719 3691 769 3723 eum
792 3679 885 3737 cognita
906 3676 970 3722 domi
993 3691 1061 3722 cauca
1077 3677 1207 3723 uerbermc

61 3756 84 3787 “⁶
97 3761 177 3801 mm
189 3764 348 3823 peculiumque
363 3762 416 3822 fitis·
435 3762 514 3820 Cereri
536 3763 716 3817 consecravisse,
744 3764 835 3821 siguum
852 3764 904 3808 iude
913 3762 1006 3822 sactum
1022 3777 1069 3808 eece
1085 3767 1108 3808 et
1123 3761 1206 3807 iuscri-

62 3832 115 3882 ptus,
130 3838 165 3885 Ex
181 3856 285 3895 reuicta
303 3860 382 3893 cmm
399 3859 501 3897 marcar.
519 3834 572 3894 nn.
590 3847 620 3901 2,
637 3845 678 3892 tt.
695 3871 731 3884 -
746 3849 777 3895 cd
793 3846 888 3910 octium]
914 3849 980 3908 apud
1004 3847 1122 3909 oppidum
1144 3845 1206 3893 'Pcr-

64 3923 112 3962 Wffl·
142 3922 195 3974 Hoc
212 3931 242 3978 de
258 3932 357 3993 incepto
375 3931 454 3980 Cassii
470 3933 537 3979 nullo
554 3932 605 3979 alic
620 3937 730 3993 superest
746 3933 872 3981 memoris.

118 4025 183 4088 527.
197 4042 274 4095 pauo
297 4037 413 4105 carmus]
437 4042 464 4088 n
486 4038 782 4102 nominandumque
807 4056 878 4104 quen
901 4042 926 4090 n
949 4041 1003 4089 sen
1024 4039 1167 4087 Pharsalica
1189 4053 1206 4084 a

66 4099 94 4150 n.
108 4108 206 4168 lamro
222 4123 373 4174 maneam
391 4140 412 4173 e.
430 4127 472 4172 sc.
495 4126 571 4172 nere
585 4116 690 4172 naute.
709 4150 740 4162 -
758 4125 882 4190 nummu]
911 4125 946 4172 ur.
964 4125 1064 4173 cnam
1081 4122 1206 4177 nucem,

66 4188 121 4241 πίω
135 4212 237 4256 tutorem
255 4213 282 4259 t.
300 4210 421 4259 Domitius
438 4211 462 4257 iu
480 4211 635 4259 matrimonio
650 4209 745 4257 babuit.
763 4209 801 4256 In.
825 4232 856 4249 ι-
885 4205 977 4266 arcae]
996 4205 1097 4266 Utrique
1114 4217 1206 4263 cogno·

69 4281 111 4365 'fen
125 4280 210 4339 ⁰⁸10&
224 4296 279 4344 tntu
296 4296 336 4344 In.
369 4296 472 4344 Dubitat
489 4302 576 4344 orator
592 4282 672 4343 utrum
683 4295 774 4341 Cascae
785 4293 857 4346 illos,
874 4297 901 4336 nt
917 4296 1000 4341 eruut.
1016 4288 1094 4342 dicut,
1111 4300 1142 4332 au
1160 4299 1206 4347 po·

68 4360 106 4408 bur
120 4358 190 4422 accde
205 4375 313 4438 Abalus,
335 4384 466 4453 praeclaro
483 4383 531 4430 boc
548 4380 606 4429 item
623 4379 779 4428 Seruiliorum
796 4373 941 4436 cognomine
957 4370 1114 4432 dignissimos.
