2850 4759
216 275 292 341 au-
633 238 638 245 ’
685 268 922 369 cicunours

215 447 355 505 cusator
378 433 570 513 minitaturq
589 434 624 500 in
646 433 767 517 quibus
788 448 991 517 quamquam
1011 428 1092 501 nihil
1112 427 1254 514 periculi
1272 431 1378 513 suspi-
1412 436 1413 493 J

216 561 353 617 samm,
376 551 488 609 tamen
509 536 567 606 illa
586 549 757 606 tormenta
778 534 1078 621 gubernaculum
1102 533 1300 603 moderatur
1322 556 1377 602 na·
1412 548 1413 605 1

169 688 179 709 .
217 656 293 713 tura
320 644 486 728 'citiusque
516 653 588 713 tum
618 643 739 727 animi,
774 653 846 710 tum
876 640 1050 726 corporis,
1079 640 1167 722 regit
1196 641 1377 723 quaesitor,

171 766 175 774 ·
216 738 323 815 flectit
359 743 481 826 libido,
515 746 705 828 corrumpit
733 765 830 829 spes,
860 744 1009 813 infirmat
1028 756 1166 823 metus,
1199 744 1301 811 utin
1331 755 1378 810 tot

215 872 330 919 rerum
350 851 514 932 angrrstiis
530 849 612 918 nihil
631 850 766 917 veritati
784 845 851 932 loci
868 846 1094 931 relinquatur:
1128 846 1207 925 Vita
1219 849 1261 913 Ρ.
1274 845 1380 915 Sullae

218 966 435 1038 torqueatnrs
465 976 509 1022 ex
536 975 574 1021 ea
599 963 800 1038 quaeratur,
830 974 912 1019 rrum
937 972 1022 1035 quae
1049 949 1244 1019 occultetur
1268 949 1379 1030 libido,

216 1081 297 1131 nutu
326 1058 415 1142 quod
444 1057 546 1125 lateat
567 1057 717 1144 facinus,
746 1077 827 1123 num
852 1074 936 1138 quae
956 1052 1159 1141 crudelitas,
1192 1076 1279 1122 num
1302 1075 1380 1139 quae

217 1163 366 1232 audacia.
407 1160 498 1229 Nibil
523 1160 649 1228 erroris
677 1160 743 1227 erit
766 1159 798 1225 in
826 1179 929 1227 causa
954 1178 1019 1226 nec
1042 1159 1282 1237 obscuritatis,
1300 1157 1380 1225 iudi·

217 1288 292 1348 ces,
324 1266 352 1336 si
382 1286 402 1335 a
429 1264 524 1332 vobis
555 1265 644 1331 vitae
676 1275 859 1346 perpetuae
884 1283 956 1330 vox
985 1282 1042 1342 ca,
1072 1281 1159 1351 quae
1184 1261 1381 1342 gravissima
1412 1320 1413 1331 ,

158 1375 196 1439 ts
218 1370 318 1439 debet
337 1389 429 1450 csse,
450 1366 616 1437 audietur
657 1363 825 1455 Nullum
816 1388 850 1433 m
868 1364 933 1433 bac
949 1385 1053 1433 causa
1071 1375 1192 1434 testem
1209 1365 1413 1452 timemus3

216 1464 299 1544 nibil
316 1493 518 1588 quemquam
534 1471 640 1549 scire,
658 1450 741 1538 nibil
760 1467 904 1548 vidisse,
918 1463 1000 1536 nihil
1018 1466 1152 1536 audisse
1168 1424 1413 1541 arbitramurll

218 1574 284 1647 Sed
309 1587 441 1661 tamen,
470 1575 500 1643 si
525 1572 609 1642 nibil
632 1594 695 1643 vos
722 1572 762 1640 Ρ.
787 1570 899 1640 Sullae
922 1572 1059 1639 fortuna
1081 1583 1218 1651 movet,
1248 1554 1413 1646 iudices,
1412 1610 1413 1703 q

150 1742 158 1767 x
217 1691 333 1749 vestra
349 1690 499 1747 moveat.
520 1690 632 1746 vestra
649 1677 760 1755 euim,
783 1677 934 1759 quicum
953 1697 1086 1744 summa
1105 1672 1275 1756 elegantia
1290 1687 1382 1758 atque

219 1782 409 1862 integritate
436 1780 585 1866 vixistis,
617 1779 684 1849 hoo
716 1781 865 1848 maxime
892 1761 1050 1857 interest,
1080 1801 1151 1847 non
1180 1798 1224 1846 ex
1255 1778 1383 1846 libidine

1411 346 1413 387 l

219 1897 279 1952 aut
298 1883 470 1952 simultate
490 1895 548 1951 aut
567 1882 704 1951 levitate
728 1884 865 1951 testium
890 1903 1010 1951 causas
1034 1881 1258 1950 honestorum
1282 1880 1384 1949 homi·

218 2009 299 2057 rttrm
319 1986 518 2070 ponderari,
539 1986 599 2057 sed
621 1988 655 2055 in
681 1987 812 2068 maguis
835 1984 1120 2071 disquisitionibus
1140 1987 1383 2070 repentinisque

199 2090 377 2174 'periculis
414 2092 517 2161 vitam
551 2092 650 2159 unius
679 2091 956 2174 cuiusqueessc
988 2102 1121 2158 testem.
1164 2089 1279 2181 Quam
1314 2111 1382 2168 vos,

218 2195 365 2273 iudices,
384 2194 491 2279 nolite
511 2196 615 2265 armis
640 2196 710 2263 suis
733 2193 912 2278 spoliatam
938 2205 1038 2278 atque
1059 2192 1221 2262 nudatam
1242 2194 1382 2261 obiicere

218 2298 381 2379 invidiae,
404 2295 529 2366 dedere
554 2297 750 2380 suspicioni.
791 2297 925 2374 Munite
949 2318 1164 2366 communem
1188 2317 1304 2365 arcem
1330 2299 1383 2365 bo·

218 2425 362 2483 norum,
392 2402 558 2482 obstruite
581 2401 739 2484 perfugia
765 2402 1020 2484 improborum
1049 2398 1161 2469 valeat
1179 2400 1222 2468 ad
1243 2423 1383 2484 poenam

219 2491 253 2574 dt
275 2504 482 2576 adsalutem
504 2507 574 2573 vita
594 2505 798 2588 plurimum,
820 2525 920 2588 quam
943 2490 1051 2573 solam
1072 2504 1193 2573 videtis
1215 2505 1324 2588 ipsam
1345 2527 1383 2572 ea

219 2612 251 2677 vi
281 2632 343 2679 sua
375 2623 561 2693 naturaque
589 2608 749 2677 facillime
779 2608 943 2693 perspici,
973 2608 1084 2676 subito
1115 2608 1206 2676 flecti
1242 2610 1383 2694 fingique

160 2718 162 2721 ’
220 2737 286 2781 uoti
309 2734 424 2796 posse.

158 2823 199 2885 80
298 2817 434 2886 xxix.
478 2815 568 2908 Quid
593 2815 705 2884 vero?
727 2814 811 2882 haec
834 2817 1036 2896 auctoritas,
1057 2821 1207 2900 (semper
1230 2818 1322 2885 enim
1347 2816 1383 2884 de

219 2942 258 2988 ea
283 2920 461 2988 dicendum
488 2933 559 3001 est;
586 2940 789 3004 quamquam
813 2941 833 2987 a
857 2939 912 2987 me
933 2919 1049 2989 timide
1074 2920 1276 3013 modiceque
1300 2920 1382 2988 dice·

220 3028 303 3101 tur):
337 3024 434 3109 quid,
465 3025 620 3108 inquam,
653 3021 738 3091 haec
763 3025 945 3091 auctoritas
969 3035 1108 3101 nostra,
1140 3025 1195 3108 qui
1221 3047 1241 3091 a
1266 3027 1381 3093 ceteris

219 3130 462 3197 corriurationis
489 3129 602 3196 causis
635 3127 878 3206 abstinuimus,
923 3127 963 3192 Ρ.
1000 3125 1127 3195 Sullam
1161 3127 1380 3206 defendimus,

219 3229 300 3299 nibil
326 3229 417 3300 burro
442 3232 576 3298 tandem
601 3230 755 3299 iuvabit?
777 3231 890 3298 Grave
914 3244 966 3298 est
989 3228 1055 3299 boc
1076 3231 1203 3300 dictum
1228 3235 1380 3307 fortasse,

221 3334 366 3414 iudicess
399 3356 537 3416 graue,¹
558 3336 585 3403 si
622 3335 811 3418 appetimus
846 3331 988 3416 aliquidq
1017 3335 1078 3413 si,
1099 3355 1178 3402 cum
1208 3338 1315 3405 ceteri
1344 3332 1380 3401 de
1410 3388 1411 3395 1

219 3439 316 3513 trobis
338 3438 454 3516 silent,
489 3461 556 3505 nou
586 3440 686 3507 etiam
715 3438 934 3523 nosmetipsi
962 3449 1130 3518 tacemus,
1168 3460 1293 3520 graves
1326 3436 1378 3512 sed

189 3652 194 3659 ι
218 3669 343 3733 quatur]
334 3686 358 3717 aa
379 3676 457 3718 tot·
446 3673 608 3730 ·relinquitur
627 3670 658 3718 1>
676 3695 711 3711 -·-
735 3685 783 3715 uor
803 3668 840 3728 ec]
861 3682 909 3715 cce
930 3669 1013 3716 P.-
1035 3642 1184 3731 mauriana]
1206 3672 1378 3766 gmcisrbrect

219 3757 385 3806 nerbsimaP.

286 3864 298 3928 b
320 3866 360 3912 ts
382 3867 422 3926 qui
443 3880 493 3912 cum
510 3864 608 3927 summa]
633 3868 673 3926 qui
692 3876 778 3912 omnmo
796 3863 929 3911 P.-aon
946 3862 1178 3922 eaupoaderarr']
1196 3877 1225 3908 tre
1244 3877 1377 3921 ηυμ-

218 3949 303 3994 ductis
318 3947 348 3994 Ρ.
364 3972 400 3984 -
417 3950 457 3994 ted
480 3950 503 3993 itt
527 3946 586 4007 cet]
602 3949 642 3992 ted
661 3950 686 3992 a'u
709 3950 802 4005 maguis
826 3948 994 4006 rapacitatisque
1009 3948 1121 4005 periculis
1148 3951 1172 3992 et
1195 3947 1377 4008 disquisitionibus

219 4036 290 4079 citam
299 4036 364 4080 unius
374 4035 478 4093 cuiusque
490 4038 567 4078 testem
576 4034 597 4078 ei
607 4046 653 4077 esre
661 4035 743 4077 sinatis
755 4033 784 4081 P.
793 4057 827 4070 -
835 4033 882 4077 nita
895 4030 1033 4091 plurimum]
1045 4031 1082 4078 Sic
1093 4030 1137 4086 Ρ..
1160 4034 1227 4094 qnod
1237 4035 1375 4095 supplemen-

215 4125 268 4166 tum
284 4110 444 4166 neceesarium
459 4133 510 4165 esse
529 4123 706 4178 perspexerunt
721 4117 769 4163 iam
784 4102 878 4177 plnress
903 4116 986 4163 Lamb.
1005 4130 1145 4177 proponens
1164 4120 1242 4163 ruint
1256 4121 1322 4171 haee,
1336 4128 1374 4176 ego

219 4205 294 4249 uolut
312 4218 354 4257 err,
380 4203 499 4248 Matthiae
519 4203 657 4246 munterte
677 4203 790 4259 ortuque.
815 4201 896 4263 Volgo
908 4201 1209 4265 μνήμῃ-ΜΝ
1221 4199 1371 4262 frangiqul’.

285 4308 298 4371 b
318 4310 360 4355 80.
379 4311 437 4353 hunc
454 4308 553 4366 undem]
571 4309 641 4361 daeo,
666 4310 759 4365 inquam
776 4307 806 4354 Ρ.
823 4333 857 4347 -
883 4307 1184 4371 draconariorum.
1205 4311 1260 4358 On.
1278 4312 1333 4358 terr
1348 4306 1370 4352 P·

221 4387 293 4453 Berp.
309 4389 402 4436 Manat.
422 4412 455 4427 ι-
479 4386 615 4448 concedetis]
634 4389 759 4436 conceditis
775 4392 805 4437 Ρ.
826 4390 897 4439 Born.
