2850 4759
320 268 487 340 enarro
507 271 537 339 1.
560 245 611 339 ui
632 226 897 343 camuranae.
925 321 935 328 ,
1127 225 1188 337 aar
1270 222 1275 233 ’

112 429 228 498 Fateor
245 449 316 498 rem
338 441 412 499 esse
426 421 650 513 perdifficilem
667 430 799 499 elevare
813 427 911 515 atque
927 419 1077 497 erectore
1092 431 1186 500 testi-

49 535 181 601 monium
204 547 270 601 tarn
292 533 419 602 clarum
442 546 576 618 tamque
597 546 744 620 certum,
765 556 831 617 quo
852 545 1009 618 quattuor
1030 530 1187 601 Catilina·

47 639 107 708 riae
123 636 313 717 singulatim
335 650 595 717 enumerantur,
619 659 682 705 neo
701 658 783 705 vero
803 637 932 719 fugisse
946 636 1083 704 'videtur
1104 635 1187 703 haee

46 737 202 809 difficultas
225 739 445 830 Ahrensium,
473 742 527 826 qui
548 731 620 824 ipse
639 762 773 824 quoque
795 751 862 809 tres
883 742 1089 834 posteriores
1110 741 1186 807 reii·'

47 845 139 923 ciens,
172 856 278 911 totum
309 856 420 911 tamen
453 842 566 942 locum
602 846 791 911 accuratius
825 845 1032 929 pertractare
1067 842 1185 912 noluit.

46 946 231 1014 Conferatur
252 949 321 1015 eius
343 969 424 1014 eura
446 970 477 1032 p.
500 949 564 1024 ee,
587 949 650 1014 «uhi
672 950 735 1015 loci
757 948 887 1014 initium
908 959 944 1013 et
969 937 1068 1038 linem
1091 946 1187 1014 dum·

47 1061 123 1117 taxat
142 1049 260 1118 afferre
282 1052 386 1118 satius
408 1052 518 1118 ‹luxitr
558 1052 662 1119 Nobis
683 1073 763 1117 vero
785 1052 818 1117 in
839 1049 924 1117 hane
944 1059 1081 1118 causam
1095 1051 1187 1136 peni·

47 1163 90 1220 tus
106 1147 228 1221 intrare
248 1155 458 1239 propositum
481 1167 549 1232 est,
579 1167 618 1226 ut
645 1154 778 1224 tandem
799 1149 976 1237 aliquando
998 1152 1188 1235 decidatur3

44 1259 149 1324 etenim
170 1259 197 1325 si
218 1260 320 1328 certis
341 1257 548 1338 argumentis
569 1257 735 1328 refutatus
756 1279 835 1336 ero,
863 1277 972 1325 meam
994 1251 1186 1340 opinionem

46 1357 205 1427 defendere
233 1360 324 1430 ultro
353 1357 522 1441 desinam,
556 1381 634 1429 cum
661 1363 768 1446 iisque
788 1362 928 1441 faciam,
959 1361 1015 1446 qui
1041 1362 1187 1431 rectiora

47 1482 92 1528 me
109 1463 292 1533 docuerint!
894 1493 896 1498 ⁴

110 1566 175 1635 lam
196 1570 224 1635 si
244 1567 346 1635 fidem
369 1568 545 1637 tribuimus
567 1557 760 1638 testimonio
776 1568 823 1637 illi
837 1568 880 1638 ad
894 1570 1042 1637 Atticurn‘
1053 1569 1084 1649 2,
1099 1571 1127 1656 1,
1143 1570 1187 1648 3.,
1278 1636 1282 1643 ,

47 1669 181 1748 prolecto
210 1684 270 1740 aut
295 1693 412 1739 ornnes
434 1684 593 1755 quattuor
613 1675 674 1760 ipsi
698 1672 852 1741 Ciceroni
876 1667 1070 1739 tribuendae
1090 1675 1187 1752 sunta

49 1785 111 1851 aot,
129 1776 180 1858 qui
202 1787 271 1843 tres
292 1777 321 1842 ei
344 1775 528 1857 abiudicat,
557 1797 597 1844 eo
611 1760 804 1856 'confugere
823 1773 955 1841 habebit
974 1794 1129 1853 neeesse,
1148 1785 1191 1843 ut

49 1895 110 1955 eas,
129 1899 210 1961 quae
230 1901 321 1952 nune
339 1891 478 1955 extant,
508 1902 525 1947 a
548 1880 682 1963 rhetore
703 1878 874 1946 confectas
895 1898 990 1960 esse,
1021 1898 1119 1946 veras
1139 1879 1190 1943 iu·

49 1981 147 2047 terisse
167 1980 282 2053 dieat,
317 1982 418 2073 Quod
440 2005 539 2067 quam
560 1980 777 2065 improbabile
803 1982 864 2054 sit,
899 1981 956 2046 vix
976 1979 1188 2049 estcurde·
1265 2031 1268 2038 .

52 2096 229 2155 monstrem.
271 2085 404 2152 Etenim
427 2086 568 2154 inillam
592 2095 751 2162 aetatem,
778 2105 844 2166 qua
864 2104 942 2150 curn
963 2084 1107 2150 inanime
1127 2083 1188 2150 flo-

49 2186 149 2255 rebant
167 2188 300 2256 litterae
319 2191 474 2269 Latinae,
511 2190 631 2257 coniiei
658 2185 717 2253 'rix
737 2198 848 2269 potest
870 2197 960 2252 tanta
982 2186 1092 2254 iudicii
1112 2207 1189 2269 per-

50 2292 187 2370 versitas,
208 2305 249 2361 ut
269 2307 336 2360 tres
352 2295 494 2360 rhetoris
510 2288 828 2360 declamatiunculas
844 2288 982 2358 totidem
999 2287 1098 2355 Tullii
1114 2295 1189 2356 ora‘·
1237 2325 1238 2328 ι

52 2391 192 2482 tionibus,
223 2417 347 2474 magno
368 2417 457 2463 -saue
486 2396 719 2479 exemplorum
746 2415 888 2461 numero
916 2393 1038 2476 ubique
1059 2391 1188 2460 diffusis

52 2502 78 2555 et
93 2497 187 2572 cuiuis
208 2497 309 2566 facile
330 2500 531 2582 parabilibus
551 2500 756 2584 praeferret,
790 2497 849 2568 has
879 2496 1030 2580 deperire
1050 2487 1208 2575 sineret,

51 2590 110 2663 illas
121 2600 269 2670 studiose
284 2603 501 2670 conservaret
515 2615 613 2683 atque
627 2600 667 2667 ad
684 2623 744 2669 nos
759 2605 970 2685 propagaret.
1011 2601 1056 2667 Et
1077 2613 1188 2669 tamen

51 2718 98 2776 per
115 2700 243 2788 aliquod
266 2717 398 2789 tempus
419 2720 596 2791 utrasque,
629 2716 662 2772 et
681 2703 793 2778 falsas,
814 2718 847 2772 et
866 2726 963 2772 veras
984 2702 1084 2772 simul
1104 2705 1190 2770 exti·

53 2801 117 2869 tisse
134 2807 297 2893 simulque
318 2811 358 2900 ab
379 2811 532 2877 omnibus
553 2808 656 2895 lectas
670 2830 744 2877 esse
758 2810 946 2877 necessario
961 2807 1188 2875 confitendum

52 2904 101 2971 erit
118 2910 155 2987 ei,
176 2913 233 2994 qui
252 2911 320 2979 loci
340 2912 428 2981 illius
441 2912 490 2980 'ad
505 2916 654 2980 Atticum
677 2914 877 2979 auctoritate
897 2934 963 2978 non
984 2911 1105 2975 reiecta
1127 2932 1188 2990 po-

52 3010 211 3081 steriorum
231 3014 333 3083 fidem
355 3000 553 3099 impugnat
583 3017 675 3093 Hoc,
707 3017 855 3098 inquam,
886 3034 1024 3096 prorsus
1045 3009 1189 3100 incredi-

51 3107 102 3176 bile
119 3128 182 3193 est,
202 3121 347 3201 primam
369 3123 550 3199 sinceram,
572 3142 655 3206 quae
677 3120 769 3186 initio
790 3138 952 3192 unacum
973 3113 1107 3198 reliquis
1123 3115 1189 3181 sin·

52 3216 121 3284 ceris
140 3240 157 3286 a
177 3224 346 3312 sexcentis
367 3222 511 3291 librariis
533 3223 804 3299 describeretur,
818 3232 981 3288 servatam
1002 3239 1093 3293 esse,
1113 3239 1191 3299 per-

51 3312 104 3383 isse
123 3332 185 3391 tres
205 3343 324 3402 veras,
354 3337 422 3394 tres
443 3326 545 3395 falsas
566 3325 621 3394 his·
639 3326 679 3391 ab
700 3326 815 3405 ignoto
836 3322 972 3391 horrrine
992 3323 1189 3389 substitutas

53 3416 83 3485 'td
100 3445 156 3494 nos
175 3429 380 3511 pervenisse.
431 3429 481 3498 Ita
512 3431 598 3497 enim
627 3449 742 3504 casus,
775 3416 845 3494 etsi'
864 3428 1045 3493 maximam
1065 3426 1196 3516 vim-in,

52 3540 94 3591 res
112 3525 269 3600 humanas
290 3544 446 3610 exercet,
467 3533 583 3600 ludere
596 3553 765 3617 nunquam
782 3531 903 3613 potuit.
943 3532 1054 3596 Immo
1069 3519 1188 3596 eodem

52 3629 184 3704 prosena
205 3638 357 3718 negotio,
392 3645 425 3702 et
450 3635 550 3718 longe
571 3637 702 3703 facilius
724 3636 874 3718 quidem,
908 3635 1036 3716 primae
1057 3652 1189 3716 quoque

53 3724 132 3798 aliam
159 3735 277 3805 rhetor
303 3740 553 3824 supposuisset,
588 3740 689 3808 trium
715 3760 853 3807 suarum
881 3736 1077 3805 cantilenam
1099 3738 1189 3803 iuce-

52 3842 176 3908 pteram.

115 3940 235 4012 Omnes
258 3965 356 4026 ergo,
378 3946 613 4032 inquinatura
634 3957 691 4014 ant
712 3965 829 4013 omnes
851 3943 1064 4013 abiiciendae.
1096 3940 1188 4032 Alte-

53 4055 115 4107 rum
138 4058 250 4114 utrum
277 4062 402 4120 autem«
415 4063 453 4117 ut
474 4049 636 4136 statuam,
670 4071 748 4115 cum
770 4070 789 4116 a
810 4059 863 4115 me
884 4049 1063 4132 impetrare
1083 4047 1191 4112 neuti-

54 4160 136 4218 quam
156 4144 300 4232 possim,
335 4153 432 4236 quid,
461 4137 605 4238 quaeso,
639 4152 774 4219 restatl)
813 4150 904 4219 Nihil
924 4150 1061 4244 hercule
1081 4146 1188 4222 aliud,

54 4242 106 4310 nisi
122 4250 286 4342 utlocum
306 4255 399 4323 illum
420 4257 507 4339 Epp.
531 4254 571 4322 ad
585 4257 735 4322 Atticum
750 4260 784 4343 2,
799 4258 830 4319 1.
853 4253 1026 4323 abeodem
1042 4249 1199 4338 falsario,-

56 4348 101 4423 qui
118 4362 180 4422 tres
194 4356 400 4428 Catilinarias
421 4360 630 4444 composuit,
651 4357 854 4425 inculcatum
870 4377 942 4423 esse
958 4351 1187 4425 coniiciamus,

845 4477 884 4536 12
