2850 4759
204 204 423 275 ACCUSAT.
444 205 493 274 IN
513 206 553 280 G.
566 206 766 277 ,VERREM
787 207 869 278 tta.
886 208 943 291 tv,
965 232 996 281 c.
1012 212 1062 279 11.
1181 213 1221 276 1⁸

19 411 21 452 ,
53 360 198 436 sustulit:
219 381 319 446 quam
336 384 404 432 non
420 382 524 432 ausus
541 375 594 435 est
607 386 752 449 usquam
773 364 940 445 defigere,
960 366 1025 435 nisi
1042 366 1132 448 apud
1149 387 1221 448 eoa,

19 517 20 522 1
57 467 244 546 quibuscum
271 465 385 532 onrnia
405 463 535 534 scelera
556 488 619 536 sua
639 489 679 534 ao
700 466 879 533 latrocinia
903 469 1179 536 communicavit.

118 566 187 633 xt.
227 564 418 632 Laudatum
434 566 535 632 etiam
551 587 614 634 vos
630 587 837 650 quemquam
853 568 1003 635 venitis!l
1026 590 1090 650 qua
1104 582 1220 640 aucto·

56 666 173 733 ritaret
202 678 336 751 utrum,
365 686 464 748 quam
494 665 583 749 apud
604 681 782 747 senatum,
818 691 978 752 anquam
997 668 1087 752 apud
1110 693 1221 752 popu·

33 755 36 762 ’
57 767 125 834 lum
148 768 334 834 Romanum
359 767 485 834 habere
510 768 667 836 debetis?²
700 770 816 851 Ecqua
846 771 965 837 civitas
993 782 1063 849 est,
1091 793 1162 839 non
1185 773 1219 839 in
1239 778 1278 840 ta
1324 816 1330 827 ·

59 868 228 951 provinciis
262 869 406 943 nostris,
441 888 561 936 verum
591 870 624 935 iu
659 867 787 937 ultimis
818 871 1026 948 nationibus,
1065 884 1124 939 aut
1150 883 1220 939 tarn

58 981 186 1051 potens,
218 982 278 1035 aut
295 981 363 1036 tam
379 969 502 1048 libera,
534 973 712 1040 autetiam
738 983 805 1039 tam
827 974 1040 1039 immanisao
1058 973 1221 1050 barbam

56 1090 114 1136 rex
132 1069 273 1151 deniqne
293 1073 407 1153 ecquis
429 1084 499 1157 est,
521 1075 578 1155 qui
600 1085 794 1140 senatorem
819 1073 935 1155 populi
960 1076 1103 1142 Romani
1127 1086 1219 1141 tecto

55 1191 92 1235 ae
106 1169 205 1237 domo
224 1193 292 1238 uon
312 1172 457 1239 invitet‘l
480 1173 535 1254 qui
555 1169 664 1240 lronos
685 1196 752 1240 non
773 1174 902 1240 homini
922 1173 1035 1241 solum
1057 1174 1220 1252 habetur,

57 1271 110 1338 scd
136 1274 281 1354 primurn
310 1272 440 1356 populo
467 1274 640 1348 Romano,
671 1277 768 1342 euius
792 1275 954 1343 beneficio
984 1297 1048 1342 nos
1073 1276 1107 1342 in
1129 1274 1221 1344 huuc

57 1373 196 1440 ordinem
219 1376 395 1460 venimus,
424 1374 546 1441 deinde
567 1375 695 1443 ordinis
717 1376 928 1453 auctoritati,
954 1396 1041 1458 quae
1060 1377 1123 1443 nisi
1144 1399 1222 1456 gra·

57 1478 102 1543 vis
119 1479 179 1544 erit
197 1477 287 1558 apud
310 1480 424 1545 sorios
442 1490 476 1544 et
492 1489 628 1543 exteras
647 1478 820 1555 nationes,
847 1479 905 1543 ubi
926 1476 990 1543 erit
1009 1478 1140 1558 imperii
1159 1500 1221 1544 no·

58 1599 127 1645 men
143 1591 174 1645 et
194 1579 369 1659 dignitas?
404 1581 602 1656 Mamertini
622 1602 676 1646 me
694 1577 827 1661 publice
845 1602 914 1646 non
933 1580 1129 1647 invitarunt.
1159 1580 1219 1647 Me

57 1701 125 1748 oum
140 1682 233 1766 dieo,
255 1680 330 1747 leve
352 1694 419 1748 est:
446 1694 638 1749 senatorem
661 1679 778 1763 populi
792 1682 947 1747 'Romani
967 1680 996 1746 si
1015 1701 1084 1746 non
1102 1680 1221 1746 iuvita·

56 1795 145 1869 runt,
164 1781 331 1850 honorem
349 1783 740 1850 debitunttletraxeruut
764 1805 832 1848 non
852 1781 1000 1859 honriui,
1023 1781 1084 1848 sed
1097 1781 1220 1848 ordini.

56 1881 133 1950 Nam
152 1886 212 1965 ipsi
240 1885 352 1954 Tullio
376 1886 514 1967 patebat
530 1884 652 1951 domus
673 1882 941 1966 locupletissima
962 1894 997 1948 ct
1013 1881 1221 1964 amplissima

56 1984 110 2049 Cn.
125 1987 275 2069 Pompeii
293 1986 466 2063 Basilisci,
502 2008 590 2071 quo,
619 1986 752 2054 etiarnsi
772 1997 863 2053 essct
885 1985 1045 2051 invitatus
1065 2004 1086 2050 a
1107 1984 1220 2059 robis,

57 2095 153 2151 tanmu
178 2087 399 2162 devertisset:
421 2099 495 2153 erat
519 2089 619 2153 etiarn
642 2088 925 2168 Perreruriorum‚
948 2087 1003 2169 qui
1027 2107 1118 2153 nune
1137 2088 1221 2153 item

55 2184 190 2268 Pompeii
204 2202 298 2265 sunt,
320 2189 443 2256 domus
457 2188 709 2263 honestissima,
726 2211 792 2270 quo
809 2189 843 2255 L.
857 2189 963 2254 frater
974 2209 1071 2255 meus
1086 2205 1222 2259 surtuma

55 2285 178 2355 illorum
197 2289 374 2357 uroluutate
397 2288 557 2375 devertit.
598 2288 874 2369 Serrator'populi
895 2290 1057 2365 Romani,
1078 2289 1167 2370 quod
1187 2290 1222 2354 in

19 2455 20 2460 ,
55 2390 141 2459 robis
158 2392 239 2472 init,
261 2393 295 2458 iu
316 2403 431 2459 vestro
457 2389 583 2472 oppido
607 2390 715 2458 inruit,
732 2402 766 2455 et
787 2390 1000 2470 pernoctavit
1021 2392 1055 2456 in
1073 2389 1222 2471 publico.

53 2490 149 2582 Nulla
166 2492 236 2561 hoc
263 2495 383 2560 civitas
404 2514 552 2574 unquam
571 2491 835 2558 aliacoinmisit.
876 2494 1037 2559 Amicum
1056 2494 1145 2559 enim
1163 2515 1225 2559 no·

19 2657 20 2660 ,
55 2604 152 2661 suum
174 2597 208 2664 iu
240 2595 401 2661 iudicium
428 2594 588 2661 vocabas.
628 2594 701 2670 Tu,
725 2592 806 2675 quid
831 2613 895 2672 ego
919 2595 1077 2675 privatim
1094 2593 1224 2674 negotii

55 2714 177 2774 geram,
194 2695 466 2776 interpretabere
481 2694 713 2760 imminuendo
729 2694 857 2761 honore
871 2696 1071 2762 senatorios
1091 2699 1223 2761 Verum
1244 2699 1284 2762 26

55 2792 127 2868 haec
142 2809 212 2866 tum
226 2817 432 2884 queremur,
452 2798 480 2863 si
493 2796 571 2878 quid
584 2795 626 2864 de
640 2798 737 2880 vobis
751 2818 811 2879 per
826 2819 903 2864 cum
919 2796 1074 2864 ordinem
1090 2809 1223 2875 agetur,

56 2899 104 2977 qui
130 2900 215 2967 ordo
258 2920 277 2964 a
312 2900 407 2965 vobis
436 2895 547 2964 adhuc
574 2897 656 2965 solis
691 2910 907 2980 contemptus
940 2910 1003 2965 est.
1043 2898 1080 2963 ln
1109 2894 1225 2978 populi

55 2997 186 3067 Romani
211 2999 345 3083 quidem
370 3005 592 3081 correpectum
615 3021 682 3079 qtro
712 3020 773 3064 ore
797 3020 861 3064 vos
883 2997 1130 3064 commisistis?
1161 3016 1226 3061 nec

55 3102 137 3179 prius
158 3102 256 3191 illam
278 3122 435 3180 crucem,
468 3121 553 3184 quae
572 3102 766 3169 etiamnunc
788 3100 871 3168 civis
892 3099 1037 3166 Romani
1059 3098 1225 3179 sanguine

113 3392 183 3460 525.
201 3409 250 3440 ann
268 3391 305 3453 iu]
325 3395 386 3455 Reg.
404 3394 471 3441 Leid.
487 3395 513 3439 Z.
532 3394 556 3442 id
574 3400 623 3447 est,
641 3408 691 3440 non
709 3393 766 3442 dico
783 3393 808 3439 in
823 3393 999 3464 cet.-Codd.
1017 3392 1163 3440 deteriores:
1180 3406 1226 3437 nou

54 3476 116 3522 raudo
133 3480 165 3525 iu.
183 3505 219 3516 -
238 3480 314 3523 cuitu.
327 3478 436 3535 beneflcio
462 3475 520 3540 cet]
550 3478 664 3523 Similiter
690 3477 714 3522 in
742 3479 802 3523 Sest.
828 3477 840 3538 d
860 3479 916 3523 1³7.
941 3480 1041 3523 maiores
1058 3480 1147 3530 noemi,
1177 3490 1228 3521 cum

54 3562 136 3615 regiam
155 3566 299 3619 potestatem
324 3575 370 3605 nou
396 3562 514 3614 tulissent,
542 3562 575 3605 itu
593 3563 743 3619 magirtrutus
766 3574 853 3605 annuos
879 3564 1025 3614 creauerunt,
1056 3566 1082 3606 ut
1106 3562 1228 3606 consilium

38 3648 135 3689 xcuratus
159 3647 222 3701 reip.
243 3648 414 3702 praeponerent
437 3646 614 3700 sempiternum,
641 3646 797 3701 delt'gereutur
819 3649 893 3689 uatem
910 3647 934 3687 in
952 3646 977 3689 ia
994 3646 1115 3689 conutrum
1131 3645 1160 3689 ab
1178 3645 1229 3688 urii·
1304 3625 1306 3628 ι

53 3736 114 3770 uerso
132 3729 227 3785 populo
251 3734 298 3773 cet.
334 3727 390 3772 Scil.
413 3741 475 3787 quor
501 3727 609 3786 populus
626 3727 687 3772 facit
705 3726 873 3786 magistratus,
901 3728 968 3774 iieo
985 3728 1041 3786 ipso
1060 3729 1113 3774 iure
1131 3727 1230 3776 veniunt

53 3804 75 3851 1¹1
90 3816 209 3858 senarum.
223 3836 255 3849 -
266 3811 339 3877 'opud
355 3811 433 3854 socios
450 3814 473 3854 et
489 3814 581 3854 caterae
598 3803 717 3871 nationes]
746 3810 878 3866 „Exteme
895 3811 1007 3857 nationes
1024 3812 1048 3857 b.
1066 3812 1083 3857 l.
1101 3826 1146 3857 eae
1164 3816 1231 3866 suut,

54 3903 112 3949 quae
127 3908 144 3939 a
163 3893 285 3950 Romanis
303 3893 419 3940 subactae
436 3906 467 3938 ac
484 3892 659 3952 stipendiariae
676 3894 759 3940 fectae
777 3899 860 3950 erunt,
878 3907 932 3938 cum
949 3894 1011 3941 socii
1029 3894 1093 3951 sint,
1119 3895 1160 3956 qui
1176 3894 1231 3941 foc·

54 3972 106 4020 ders
123 3976 251 4023 coniuncti
269 3990 323 4022 cnm
339 3974 458 4021 Romanis
476 3978 571 4022 erant.“
606 3978 721 4023 Munere.
741 4001 772 4016 -
791 3976 838 4023 Vr.
857 3982 880 4021 et
895 3979 1039 4034 amplmsima
1057 3991 1110 4023 cnm
1128 3976 1232 4023 retineat

54 4054 118 4103 tote.
142 4057 217 4106 notui
240 4059 322 4106 delere
344 4072 399 4105 cum
422 4060 484 4118 Reg.
507 4059 597 4107 Guelil'.
615 4068 640 4107 et
661 4062 688 4106 Z.
707 4085 740 4099 -
757 4055 879 4123 Pompeii]
897 4060 1012 4120 Pompeii
1031 4059 1149 4105 beneficio
1167 4059 1232 4104 cives

55 4136 98 4183 tao.
116 4140 178 4186 iacti
197 4140 250 4187 eius
267 4154 354 4187 nomen
372 4145 536 4192 adsciverunt.
553 4172 587 4183 -
605 4146 635 4190 L.
653 4143 735 4202 frater
751 4139 824 4206 mens]
845 4144 975 4202 patruolis,
993 4143 1033 4204 qui
1046 4156 1100 4189 cunr
1112 4142 1232 4187 Cicerone

54 4219 76 4264 in
92 4207 202 4270 Siciliam
223 4225 436 4286 adinquirendum
454 4228 478 4273 in
497 4227 598 4275 Verrem
615 4228 741 4285 proiectus
759 4234 821 4274 erut.
853 4229 923 4273 Mau.
