2850 4759
229 307 398 377 orario
423 306 509 375 rao
538 307 576 375 r.
604 306 760 387 sunau,
782 329 812 374 ο.
840 310 877 373 rs
897 320 930 375 a
951 309 1000 380 re.
1057 254 1060 259 “
1140 310 1201 373 aar

44 492 96 537 cns
117 480 208 537 esset
227 479 260 535 et
281 480 370 537 esset
390 467 463 535 eius
483 468 531 534 rei
553 468 711 551 frequens
734 461 869 535 senatus
891 482 925 535 et
940 459 1055 536 recena
1070 462 1200 537 merno-

43 574 86 639 ria
106 573 219 647 testis,
256 572 330 648 tibi,
365 592 441 638 meo
463 569 619 638 familiari
640 583 673 638 et
694 571 943 648 contubernali,
983 574 1075 655 prius
1098 574 1199 639 etiam

42 676 153 742 edituri
175 675 302 742 fuerint
323 675 482 744 indicium
505 676 634 743 scribae
656 676 743 750 mei,
772 675 806 744 si
827 674 1013 753 voluisses,
1044 699 1143 760 quam
1167 677 1200 744 in
1226 748 1232 765 ,

41 780 186 848 codicem
213 777 438 846 rettulissent:
470 801 546 845 cum
573 780 704 846 videres
729 776 826 846 aliter
851 780 942 854 lieri,
965 801 1027 846 cur
1053 781 1199 858 tacuisti,

40 906 153 967 passus
175 905 230 962 es,
261 907 329 951 non
359 905 492 951 mecum
517 897 575 952 aut
599 906 676 950 cum
703 881 860 950 familiari
885 905 961 950 meo
987 896 1126 967 questus
1151 906 1198 962 ea,
1232 935 1235 939 n

41 1001 92 1054 aut
113 989 271 1072 quoniam
297 1000 364 1054 tam
390 984 488 1054 facile
509 986 678 1055 inveheris
699 988 732 1054 in
757 988 903 1065 amicos,
926 986 1119 1078 iracundius
1142 1000 1201 1054 ant

41 1091 265 1160 vehementius
293 1089 542 1174 expostulastil
576 1090 650 1169 Tu,
681 1112 759 1156 cunr
785 1103 840 1157 tua
866 1113 936 1158 rox
957 1114 1127 1174 nunquam
1156 1092 1202 1158 sit

43 1198 166 1282 audita,
199 1218 278 1263 cunr
309 1195 433 1262 iudicio
462 1194 570 1273 lecto,
603 1194 792 1278 descripto,
825 1194 994 1274 divolgato
1021 1196 1199 1279 quieveris,

42 1302 195 1381 metretis,
231 1312 370 1383 repente
399 1311 525 1365 tantam
554 1319 625 1364 rem
655 1300 838 1365 ementiare
867 1311 901 1365 et
924 1299 958 1366 in
986 1320 1063 1365 eum
1088 1297 1200 1365 locutu

42 1413 70 1468 te
85 1402 251 1480 deducas,
280 1415 320 1468 ut
340 1412 417 1468 ante
438 1422 538 1485 quam
561 1421 614 1466 me
635 1405 836 1469 commutati
856 1403 969 1470 indicii
990 1403 1201 1483 coarguens,

43 1515 70 1570 te
88 1527 241 1575 summae
262 1505 485 1587 negligentiae
508 1504 712 1573 tuoindicio
735 1508 930 1573 convictum
951 1528 1025 1575 esse
1045 1506 1200 1574 fateare?

108 1610 205 1678 XVI.
247 1609 333 1676 Mihi
366 1610 565 1692 cuiusquam
600 1609 692 1678 salus
728 1611 810 1685 tanti
847 1611 986 1699 fuisset,
1020 1623 1058 1677 ut
1089 1632 1199 1677 meam
1220 1614 1259 1677 45

43 1711 267 1795 negligerem?
286 1735 347 1794 per
366 1734 419 1778 me
437 1734 499 1792 ego
518 1713 693 1779 veritatem
712 1712 915 1795 patefactam
935 1715 1201 1782 contaminarem

46 1815 143 1900 aliquo
167 1815 375 1883 mendacio?
410 1832 610 1899 quemquam
638 1816 781 1900 denique
806 1840 869 1898 ego
892 1819 1062 1891 iurarem,
1093 1840 1199 1899 aquo

47 1931 72 1985 et
95 1920 248 1986 crudeles
272 1919 407 1985 iusidias
431 1920 465 1985 in
492 1921 752 2003 rempublicam
776 1922 883 1988 lactas
909 1933 944 1988 et
967 1924 1000 1989 in
1022 1945 1076 1989 me
1098 1925 1202 2004 potis-

45 2023 152 2091 simum
173 2023 351 2092 consulem
375 2024 575 2090 constitutas
600 2025 783 2106 putarem⁰.>
820 2026 922 2115 Quod
947 2028 975 2093 si
999 2027 1064 2091 iam
1091 2049 1201 2094 essem

45 2126 153 2196 oblitus
177 2129 368 2196 severitatis
395 2140 428 2193 et
452 2129 660 2194 constantiae
682 2150 795 2202 meae,
828 2140 940 2194 tamne
961 2149 1074 2194 amens
1095 2151 1199 2206 eram,

44 2243 89 2305 ut,
109 2254 182 2297 cum
213 2231 344 2306 litterae
371 2232 577 2314 posteritatis
602 2253 704 2299 causa
725 2246 879 2314 repertae
899 2232 982 2306 siut,
1016 2254 1101 2314 quae
1123 2235 1202 2299 snb·

45 2333 117 2401 sidio
142 2335 303 2402 oblivioni
324 2356 397 2402 esse
426 2347 582 2421 possent,
605 2358 667 2414 ego
688 2327 865 2427 'recentem
892 2347 1052 2417 putarem·
1073 2357 1201 2402 memo-

45 2439 117 2504 riam
136 2440 249 2506 cuncti
267 2452 404 2506 senatus
422 2440 670 2510 ,commentario
696 2461 772 2506 meo
795 2461 896 2522 posse
913 2439 1064 2520 superari
1073 2439 1096 2504 ⁶.)-
1115 2439 1198 2505 Fero
1219 2441 1260 2504 aa

47 2561 98 2621 ego
118 2556 165 2629 te,
187 2544 380 2626 Torquate,
401 2541 597 2609 iamdudum
622 2543 716 2628 fero,
737 2555 772 2609 et
792 2566 1029 2626 nonnunquam
1052 2545 1200 2610 animum

45 2642 205 2712 incitatum
241 2645 283 2715 ad
309 2644 538 2712 ulciscendam
568 2648 755 2713 orationem
784 2659 874 2713 tuam
908 2669 1031 2712 revoco
1066 2648 1137 2729 ipse
1165 2659 1202 2713 et

46 2748 189 2831 reflecto,
209 2751 374 2834 permitto
394 2749 519 2833 aliquid
535 2750 737 2817 iracundiae
756 2749 849 2824 tua‘e,
872 2750 915 2815 do
940 2749 1200 2828 adolescentiae,

47 2850 118 2918 cedo
140 2854 327 2930 amicitiae,
351 2852 461 2919 tribuo
485 2856 627 2936 parenti.
670 2853 754 2932 Sed,
789 2855 850 2920 nisi
875 2855 932 2919 tibi
958 2854 1102 2937 aliquem
1129 2856 1203 2920 rno‘-

48 2953 114 3021 dum
138 2970 209 3024 tute
235 2959 467 3034 constitueris,
503 2980 604 3038 coges
633 2957 775 3025 oblitam
802 2977 856 3022 rue
875 2969 1012 3023 nostrae
1036 2957 1201 3021 amicitiae

48 3055 156 3126 habere
172 3063 338 3128 rationem
361 3083 455 3128 meae
480 3061 664 3141 diguitatis.
704 3060 814 3126 Nemo
836 3083 983 3143 unquam
1004 3081 1057 3124 me
1075 3058 1202 3124 tenuis·

49 3162 121 3229 sima
141 3166 334 3248 suspicione
361 3166 578 3248 perstrinxit,
613 3185 711 3247 quem
740 3188 808 3231 nou
835 3161 1037 3247 perculerim
1064 3181 1103 3226 ac
1126 3181 1201 3247 per-

49 3263 207 3345 fregerim.
250 3268 316 3335 Sed
342 3267 422 3335 milii
444 3267 510 3335 hoc
534 3267 651 3335 credas
678 3267 796 3333 velim:
829 3291 894 3333 non
920 3267 959 3333 iis
983 3265 1202 3331 libentissime

51 3369 130 3438 soleo
150 3372 373 3456 respondere,
395 3395 480 3456 quos
499 3372 579 3439 mihi
597 3371 714 3438 videor
731 3371 889 3437 facillime
909 3393 1008 3454 posse
1030 3391 1201 3453 superare.

52 3529 262 3555 Ἥ

37 3633 71 3682 ’ἰιι
85 3643 180 3688 medium
197 3645 335 3704 protulerat
353 3650 492 3700 accusator,
510 3644 603 3691 etiamsi
621 3645 769 3691 mendacium
788 3651 848 3691 erat.
861 3669 889 3679 -
904 3649 942 3688 tuo
960 3645 1046 3690 iudicio
1064 3643 1203 3702 conuictum]

53 3727 163 3770 conuictum
180 3732 219 3772 tuo
236 3730 321 3773 iudicio
338 3727 368 3774 P.

109 3816 175 3878 lib.
198 3822 293 3880 denique
313 3818 367 3880 ego]
392 3835 436 3878 ego
458 3821 552 3879 denique
573 3821 601 3866 P.
619 3826 692 3866 -et
713 3819 824 3886 crudeles]
849 3823 949 3866 crudeles
973 3821 1003 3868 P.
1021 3847 1053 3859 -
1071 3824 1203 3867 constitutae

53 3897 156 3965 putarem]
178 3910 284 3962 putarem
306 3904 378 3951 Bern.
403 3905 494 3950 Gener.
519 3906 611 3952 Manat.
636 3913 684 3951 tae.
702 3907 774 3952 Torr.
793 3933 823 3942 -
840 3907 978 3963 perculerim
995 3921 1022 3950 ac
1037 3905 1202 3964 perfregerim]

55 3981 89 4028 sic
103 3985 129 4033 P.
163 3989 223 4036 ltem
247 3989 326 4038 code.
344 3989 447 4036 Rubeuii
470 3990 564 4036 meliori
582 3991 690 4037 familiae
707 3991 892 4041 adnumerandi,
917 3991 958 4035 sed
972 3992 1122 4046 pertulerim,
1140 3995 1204 4036 unde

56 4064 108 4113 Ruit·
127 4072 184 4118 fecit
206 4076 272 4134 quod
295 4074 369 4121 habet
390 4073 463 4120 Parc.
497 4074 539 4119 Ex
555 4074 608 4119 Erf,
626 4075 726 4121 affertur
740 4054 906 4133 praeuerterim
924 4088 952 4117 ae
965 4074 1137 4131 perfregerime
1162 4076 1203 4118 scd

57 4162 101 4197 tum
114 4147 172 4202 llaec
189 4144 237 4206 non
256 4166 357 4215 coeant,
385 4158 410 4204 iu
428 4173 458 4206 eo
476 4173 574 4220 quoque
590 4161 725 4215 pertulerim
748 4162 786 4208 rel
802 4161 941 4216 perculerim
957 4173 986 4202 uc
1000 4157 1075 4216 perfr.
1093 4157 1203 4202 extitisse
1275 4205 1278 4214 Ι

58 4242 115 4291 puto.
148 4241 238 4303 Volgo:
253 4245 419 4302 praeverterim
436 4242 481 4304 (al.
496 4242 668 4301 perverterim.)
703 4245 749 4290 Sed
773 4244 812 4290 ubi
834 4257 883 4289 rem
903 4242 1039 4287 accuratius
1057 4240 1202 4294 diiudicatis,

58 4323 175 4373 confiteare
191 4343 287 4375 neeesse
302 4329 350 4377 erit
363 4332 509 4389 praevertere
525 4342 564 4372 me
582 4328 684 4387 proprie
699 4340 747 4372 uon
767 4339 850 4384 posse,
868 4324 908 4382 qui
926 4321 1023 4367 iamiam
1041 4332 1079 4365 me
1087 4322 1202 4375 peretrin-

55 4408 118 4454 emir,
151 4410 177 4457 ln
195 4420 276 4461 nostra
295 4414 350 4460 tere
368 4414 416 4460 tria
434 4428 473 4460 rr.
491 4428 508 4459 a
524 4411 700 4473 gladiatoribus
718 4413 843 4467 desumpta
860 4413 921 4453 runt.
