2850 4759
193 682 290 781 m,
316 699 600 789 annm
638 703 1077 785 clamosas

111 962 1227 1185 mascusium*

237 1286 242 1299 1
295 1238 524 1329 ORATIO.
550 1248 871 1328 PHILIPPICA
913 1253 967 1332 ΙΙ.

379 1425 896 1455 --—----——-.-

458 1552 808 1631 ARGUMENTUM.

137 1719 317 1813 Antonc'us
340 1747 420 1791 cum
446 1720 489 1795 de
510 1721 629 1819 prima
655 1719 827 1794 Ciceronis
845 1723 1002 1793 oratione
1022 1720 1227 1822 Philippica
1253 1736 1257 1741 ’

34 1844 238 1940 accepisset,
261 1871 339 1913 eum
356 1840 545 1917 inimicitiis
564 1842 779 1914 denuntiatis
795 1872 829 1915 a.
848 1844 884 1916 d.
904 1843 1022 1917 XIII.
1036 1845 1126 1918 Kal.
1147 1845 1224 1918 Oct.

37 1964 224 2035 insenatu
248 1965 369 2037 adesse
395 1966 505 2036 iussit.
557 1964 626 2038 Cui
648 1965 764 2039 Cicero
784 1968 918 2065 partim
944 1966 1015 2037 sibi
1034 1969 1108 2064 ipse
1132 1968 1226 2039 uitae

35 2086 227 2181 perieulum
242 2099 408 2172 metuens,
421 2088 554 2185 partim
570 2088 616 2157 ab
630 2088 755 2157 amicis
768 2076 990 2172 admonitus,
1008 2114 1080 2157 non
1092 2085 1223 2184 paruit.

38 2204 185 2278 Interim
216 2225 296 2280 uero
326 2205 505 2281 Antonius
537 2187 589 2278 in*
613 2203 796 2280 Tiburtino
832 2209 1005 2307 Scipionis
1038 2198 1226 2279 meditatus

37 2331 230 2400 orationem
246 2330 312 2401 'illo
333 2331 391 2401 die
414 2332 452 2402 in
471 2343 607 2406 senatu,
621 2327 746 2401 habuit
772 2332 860 2401 etin
884 2329 1080 2404 Ciceronem
1103 2329 1226 2401 absen-

40 2461 104 2520 tem
125 2452 342 2522 acerbissime
367 2465 419 2523 cst
447 2454 610 2528 inuectus.
660 2453 758 2525 Huic
778 2452 934 2524 orationi
951 2452 1066 2526 Cicero
1086 2448 1226 2549 Philip-

37 2574 154 2665 picom
179 2575 370 2645 secundnm
395 2577 574 2673 opposuit,
615 2584 799 2674 nunquam
824 2572 987 2646 habitam
1019 2600 1078 2646 nec
1103 2575 1225 2645 statim

41 2693 170 2765 editam
192 2698 267 2797 (cfr.
288 2696 342 2766 nd
357 2696 463 2768 Attic.
482 2672 544 2779 15,
572 2698 629 2768 13.
658 2699 718 2779 16,
748 2699 835 2788 11),
860 2696 926 2767 sed
941 2708 1058 2767 tamen
1077 2698 1129 2789 ita
1143 2697 1226 2768 scri-

39 2827 152 2910 ptam,
179 2830 217 2887 ut
240 2845 272 2888 st
298 2808 370 2915 ipse
391 2846 428 2888 m
444 2832 569 2890 senatu
591 2820 711 2892 eodem
731 2820 787 2891 die
805 2820 963 2892 Antonio
982 2821 1223 2917 respondisset.

42 2934 87 3006 In
110 2940 280 3011 orationis
303 2952 421 3011 nutem
440 2941 587 3013 exordio
606 2941 722 3040 Cicero
745 2942 942 3014 Antonium
967 2938 1047 3012 curn
1069 2942 1226 3025 Catilina

40 3070 71 3126 et
88 3059 211 3139 Clodio
232 3074 425 3160 comparat.
445 3071 487 3151 (c,
507 3064 555 3162 1.)
605 3064 744 3136 Deinde
762 3065 797 3133 ei
810 3063 1008 3161 respondet,
1025 3064 1125 3161 quod
1136 3064 1227 3134 arni-

44 3184 156 3253 citiam
179 3213 203 3254 a
222 3209 258 3253 sc
282 3185 456 3255 uiolatam
475 3212 545 3254 esse
573 3184 780 3257 criminatus
804 3197 888 3256 crat.
911 3194 950 3273 (e.
977 3185 1009 3255 2.
1029 3186 1077 3272 3.)
1132 3181 1171 3254 T
1165 3209 1225 3253 um

43 3300 256 3399 reprehendit
278 3306 491 3391 Antonium,
527 3306 634 3403 quod'
650 3306 816 3404 epistolas
839 3333 926 3378 suns
949 3305 1078 3404 palam
1106 3306 1228 3376 recita·

45 3437 147 3508 verat,
165 3425 357 3527 resutatquc
373 3454 451 3497 curn
471 3426 564 3498 alias
581 3439 613 3498 et
628 3429 888 3498 criminationes
906 3427 1058 3499 Antonii
1070 3439 1102 3497 et
1118 3454 1227 3532 repre-

47 3540 233 3634 hensiones,
273 3562 347 3619 turn
373 3548 472 3646 qaod
492 3549 550 3618 ille
577 3575 644 3620 san
668 3550 774 3646 culpa
800 3547 985 3621 Caesarem
1009 3579 1033 3621 a
1056 3546 1226 3647 Pompeio

48 3665 264 3754 dr'sirmctum,
300 3696 367 3741 sua
385 3696 491 3768 opera
519 3669 647 3741 bellum
673 3669 770 3740 civile
790 3671 982 3769 conflatum
1003 3683 1036 3741 et
1055 3697 1120 3742 suo
1145 3698 1227 3742 con-

47 3788 117 3860 silio
128 3793 339 3893 intersectum
356 3819 426 3863 esse
440 3791 623 3864 Caesarem
636 3791 787 3863 eliserat.
798 3794 1017 3884 (et-17.)
1066 3791 1228 3864 Secunda
1287 3784 1291 3789 ’

50 3915 206 3984 orationis
222 3928 323 4012 parte
340 3917 453 3986 uitam
475 3914 635 4006 exagitat
653 3913 816 3999 Antonii,
842 3915 880 3984 in
901 3939 972 4010 qua
997 3940 1076 3983 cum
1100 3912 1176 3982 alia
1197 3911 1231 3979 ei

48 4035 161 4124 probro
181 4035 261 4116 dot,
288 4047 363 4105 tum
387 4034 486 4132 quod
509 4035 546 4105 in
563 4030 728 4131 Pompeii
736 4037 909 4135 fortunas
931 4033 1112 4112 invaserit,
1142 4031 1246 4104 Cae.
1302 4084 1310 4097 .

50 4157 115 4225 sari
133 4139 251 4228 nutem
273 4156 366 4226 bona
382 4157 454 4225 ista
473 4157 637 4253 repetenti
655 4156 805 4226 insidias
826 4157 1007 4238 struxerit,
1033 4155 1105 4222 cius
1123 4164 1228 4222 testa-

51 4291 188 4351 mentum
211 4281 348 4353 irritum
369 4256 581 4360 reddiderit,
619 4290 796 4376 postremo
821 4290 970 4372 tempore
997 4274 1103 4343 etiam
1126 4300 1225 4343 sena-
