2850 4759
279 266 450 340 ORATIO
476 270 712 343 efflueret
738 277 783 352 t.
802 294 837 348 c.
857 276 895 340 lt
914 285 948 344 ct
965 277 1014 344 13.
1174 278 1234 347 ibi

32 426 200 498 omnibus
226 429 274 501 iis
300 430 495 511 mensibus,
517 434 639 517 quibus
661 444 695 502 te
719 432 856 518 quidam
878 432 1023 503 multum
1046 446 1143 505 a‘me
1165 435 1234 507 dis·

32 534 229 602 sentientes
260 533 397 603 beatum
424 549 564 618 putant,
596 536 806 619 anteponis?
845 537 944 629 Quae
966 538 1031 605 luit
1055 540 1164 607 oratio
1191 539 1234 613 de

31 633 247 703 eoncordia!
269 649 395 719 quanto
413 652 507 706 metu
527 644 551 715 †
572 639 741 719 veterani,
765 653 891 723 quauta
908 640 1138 709 sollicitudine
1152 642 1236 710 civi·

31 747 192 805 tastum
222 759 247 805 a
279 751 312 806 te
340 738 482 809 liberata
511 740 581 809 cst!
624 744 712 811 Cum
742 740 909 823 collegam
942 755 1038 809 tuum
1068 741 1233 827 depositis

31 839 248 923 inimicitiis,
288 841 415 911 oblitus
452 844 603 926 auspicia
637 866 656 911 a
693 844 829 927 teipso
860 864 991 925 augure
1018 845 1136 929 populi
1164 848 1234 915 Ro·

32 942 123 1009 inani
146 944 335 1023 nuntiata,
357 943 415 1013 illo
444 947 594 1027 primum
619 943 674 1012 die
700 943 870 1027 collegam
895 946 954 1015 tibi
980 967 1057 1016 esse
1079 946 1232 1033 voluisti,

33 1054 110 1110 tuus
133 1067 276 1127 parvus
295 1045 383 1114 lilius
404 1047 439 1114 in
459 1047 664 1132 Capitolium
684 1067 704 1113 a
723 1059 756 1115 tc
773 1049 899 1117 missus
916 1048 1011 1130 pacis
1031 1048 1131 1117 obses
1155 1050 1232 1130 suit,

34 1167 99 1227 qno
120 1158 274 1215 serratus
293 1147 348 1215 dle
368 1145 519 1217 laetiori
540 1171 608 1232 quo
630 1141 997 1231 populus'Romanus?
1019 1150 1231 1233 quiquidem
1253 1163 1293 1227 32

34 1245 126 1317 nulla
155 1248 203 1317 in·
225 1250 392 1319 contione
424 1271 574 1333 unquam
606 1250 820 1334 frequentior
845 1253 924 1319 suit.
967 1253 1058 1319 Tum
1088 1253 1234 1337 denique
1286 1269 1288 1276 ·

35 1344 167 1419 liberati
193 1372 263 1434 per
285 1353 382 1421 viros
402 1353 611 1422 fortissimos
629 1338 848 1434 videbamur-3
869 1354 966 1437 quia,
988 1367 1027 1421 ut
1046 1354 1094 1422 illi
1114 1346 1233 1424 volue-

36 1464 128 1532 rant,
159 1452 363 1523 libertatem
389 1477 459 1538 pax
478 1456 763 1539 consequebatur.
805 1457 993 1535 Proximo,
1015 1455 1143 1537 altero,
1167 1469 1234 1541 ter·

40 1553 102 1638 tio,
135 1554 292 1640 denique
329 1557 698 1642 reliquis-consecutis
732 1556 854 1627 diebus
880 1581 950 1626 non
982 1560 1233 1635 intermittebas

39 1660 132 1737 quasi
163 1657 303 1727 dorium
334 1660 473 1745 aliquod
507 1660 658 1745 quotidie
683 1661 807 1727 afferre
837 1662 887 1730 rei
915 1661 1091 1745 publicae:
1124 1662 1234 1739 maxi·

42 1778 133 1827 mum
156 1774 281 1830 autem
310 1761 413 1840 illud,
435 1760 524 1847 quod
552 1763 744 1833 dictaturae
770 1784 898 1832 nomen
921 1763 1101 1832 sustulisti.
1141 1763 1234 1833 llaec

41 1860 151 1931 inusta
171 1874 229 1934 est
250 1887 271 1934 a
296 1879 347 1945 te,
369 1886 388 1934 a
407 1878 459 1945 tc,
480 1866 637 1950 inquam,
659 1877 799 1934 mortuo
820 1866 960 1934 Caesari
977 1879 1058 1935 rrota
1076 1865 1119 1934 ad
1136 1868 1235 1948 igno,-

44 1965 179 2034 rniniam
217 1968 479 2049 sempiternam.
530 1968 578 2039 Ut
611 1968 703 2036 enim
735 1981 881 2057 propter
907 1971 1008 2039 unius
1032 1970 1085 2037 Μ.
1112 1969 1234 2056 Manlii

42 2066 151 2137 scelus
182 2068 330 2138 decreto
358 2071 468 2151 gentis
492 2069 643 2140 Manliae
665 2072 837 2139 neminem
865 2072 1046 2155 patricium
1071 2071 1233 2138 Marcum

28 2168 212 2240 ³lrlanlium
235 2174 354 2240 vocari
381 2172 550 2261 licet,.sic
573 2183 773 2255 eapropter
796 2173 897 2243 unius
917 2171 1096 2241 dictatoris
1115 2172 1232 2241 odium

47 2292 165 2341 nomen
203 2274 384 2345 dictatoris
416 2275 571 2343 funditus
600 2273 783 2347 sustulisti.
838 2275 930 2342 Num
960 2287 1010 2353 te,
1040 2296 1119 2361 curn
1147 2275 1233 2344 haec
1255 2285 1294 2346 ³3

47 2396 105 2455 pro
128 2378 245 2447 salute
270 2378 317 2445 rei
342 2376 498 2462 publIcae
523 2388 616 2445 tanta
639 2378 827 2462 gessisses,
848 2379 1009 2446 fortunae
1033 2390 1128 2454 tuae,
1148 2401 1233 2459 num

49 2476 296 2559 amplitudinis,
317 2503 400 2551 num
424 2478 606 2568 claritatis,
628 2502 712 2549 num
736 2478 867 2562 glorme
889 2480 1114 2565 poenitebat?
1135 2480 1234 2553 Unde

50 2574 147 2657 igitur
168 2585 288 2652 subito
314 2595 408 2653 tanta
434 2584 500 2652 ista
525 2582 701 2652 mutatio?
745 2583 824 2652 Non
851 2605 993 2667 possum
1020 2581 1163 2670 adduci,
1194 2593 1234 2658 ut

48 2684 195 2765 suspicer
226 2697 261 2755 te
291 2687 437 2770 pecunia
464 2698 624 2771 captum:
661 2685 760 2766 licet,
788 2685 879 2769 quod
905 2688 1027 2770 cuique
1050 2684 1150 2764 libet,
1182 2683 1234 2755 lu·

51 2799 186 2868 quatum
208 2789 351 2859 credere
376 2812 445 2857 non
472 2802 526 2859 est
546 2810 700 2858 necesse.
742 2788 836 2856 Nihil
855 2788 944 2859 euim
967 2810 1116 2872 uuquam
1141 2792 1176 2856 in
1200 2802 1234 2880 te

54 2888 246 2972 sordidum,
263 2890 345 2960 nibil
362 2891 491 2963 humile
511 2894 671 2974 cognovi.
703 2891 920 2986 Quamquam
928 2890 1042 2963 solent
1052 2890 1234 2962 domestici

57 3047 248 3070 Ἢ

54 3151 153 3209 uolenti,
171 3155 235 3217 tune]
254 3156 296 3204 Sic
313 3155 410 3217 quidem
429 3150 525 3208 vatic,
543 3154 584 3200 red
602 3152 672 3200 blare
689 3152 786 3200 videtur
802 3153 892 3202 oratio·
904 3142 931 3200 et¹
947 3152 1068 3201 excidisse
1085 3152 1233 3201 vocabulum

55 3242 150 3290 ”gaunt
172 3237 257 3286 Guelf.
280 3239 377 3284 soluisti
398 3239 537 3283 karieeimrn
562 3241 628 3291 leue,
656 3235 787 3298 Bemberg.
811 3240 907 3283 uolenti
929 3238 961 3283 R.
984 3241 1050 3295 trae,
1077 3237 1121 3284 alii
1138 3238 1234 3283 colenti
1318 3245 1322 3251 '

57 3316 110 3372 reip.
125 3323 184 3367 tem.
201 3346 237 3361 -
252 3320 352 3384 mma]
370 3321 453 3369 Velie.
471 3320 554 3367 Gnelf.
573 3319 660 3367 namn
675 3321 790 3378 gerrem
807 3318 880 3365 Bern.
898 3319 929 3364 0.

116 3438 128 3501 b
145 3443 187 3491 ³2.
205 3439 398 3509 consequebatur]
416 3444 498 3492 Valle.
516 3443 598 3491 Guelf.
617 3442 753 3504 sequebatur
770 3443 801 3489 Ο.
845 3442 874 3488 In
892 3456 961 3503 seqq.
980 3447 1074 3487 secutur
1087 3454 1144 3513 'sum
1161 3440 1232 3487 Mat-

60 3518 142 3583 tiginm
158 3527 193 3575 eie
211 3529 404 3590 distinguentem.
420 3530 546 3586 mutiero,
564 3531 656 3575 altero:
682 3534 709 3574 ut
727 3527 762 3573 ite
781 3527 919 3586 procedant
935 3525 1041 3572 numeria
1070 3524 1134 3572 ldib.
1157 3525 1232 3571 Mart.

58 3601 142 3665 Cteser
158 3613 268 3670 occisum
285 3612 368 3659 XVII.
387 3613 446 3659 Kal.
464 3612 545 3672 April.
564 3612 696 3667 tumultusq
720 3610 790 3657 XVI.
808 3610 841 3655 Κ.
860 3608 922 3669 Apr.
941 3615 1037 3656 senatus
1054 3609 1079 3655 iu
1097 3610 1158 3656 aede
1175 3608 1234 3655 Tel-

59 3685 109 3736 ltrla
126 3692 232 3755 unsrun,
259 3690 386 3765 ἀμνηστία
402 3698 510 3743 decreta.
529 3694 586 3742 XV.
605 3696 638 3742 K.
656 3694 719 3755 Apr.
737 3694 867 3756 proximus
885 3693 950 3750 dier,
969 3693 1043 3739 XIV.
1061 3695 1138 3750 alter,
1159 3692 1232 3738 XIII.

59 3773 142 3824 ‘tillin-
176 3781 303 3828 Ferrarius
316 3787 340 3827 et
348 3780 500 3827 Garatoniue
517 3780 619 3841 iungunt
633 3782 749 3836 proximo
766 3780 856 3832 altero,
873 3792 924 3839 quo
941 3777 1089 3837 significetur
1100 3777 1156 3823 XV.
1174 3777 1233 3822 Kal.

62 3850 129 3914 ΛΡΜ
155 3865 196 3909 reu
221 3867 312 3912 nullum
336 3865 402 3911 aliud
425 3848 567 3925 exemplum
590 3861 659 3909 buius
683 3878 739 3910 usus
763 3867 842 3909 extat.
861 3887 894 3899 -
912 3863 946 3909 Μ.
964 3861 1067 3920 Manlii]
1084 3859 1232 3921 Capitolini,
1251 3872 1262 3889 '-

61 3935 96 3994 qni
112 3940 164 3987 dnm
181 3945 314 3993 obaeratos
331 3947 362 3993 de
379 3946 451 4006 plebe
468 3946 535 3993 cives
553 3946 704 3994 ambitiosIue
722 3946 847 4002 sublevat,
864 3945 888 3991 in
907 3945 997 3991 eristen
1016 3943 1149 3990 maiestatis
1166 3945 1235 4003 apud

61 4013 140 4071 Patre,
156 4027 270 4089 incurrit,
288 4030 313 4077 in
330 4027 422 4077 indicio
440 4031 568 4076 damnatus
586 4036 610 4077 et
626 4032 657 4077 de
672 4044 740 4077 saxo
752 4028 862 4090 Tarpeio
881 4029 989 4075 deiectus
1006 4034 1042 4075 est
1059 4041 1083 4073 a.
1101 4042 1125 4073 rr.
1142 4039 1164 4072 c.
1174 4027 1233 4073 371.

64 4099 148 4166 tino,
162 4095 204 4161 ilo.
237 4116 306 4163 Nota
324 4118 421 4164 decreta
439 4115 572 4176 gentilicia.
588 4139 622 4152 -
638 4113 779 4173 patricium]
804 4113 889 4172 „Nem
901 4118 926 4159 et
938 4110 1028 4172 plebeii
1041 4110 1127 4157 Manlii
1140 4110 1233 4156 fuere.“

64 4181 197 4244 llanunrue.
1216 4206 1217 4211 ’

124 4311 192 4374 l33·
209 4321 346 4385 domestici]
371 4324 487 4372 Lateutet
511 4323 642 4375 auaritiam
665 4323 745 4383 carpit
768 4320 885 4377 Fuluiae,
913 4318 1016 4368 Antonii
1039 4317 1139 4378 uxoris,
1169 4333 1233 4379 quae
1308 4338 1311 4341 ·
