2850 4759
191 281 233 346 66
661 265 900 342 CICERONIS

132 437 381 522 loiret-lectae.
422 434 516 502 Haec
538 433 603 502 iste
627 432 763 509 omnia,
784 451 828 498 ne
853 427 971 496 multis
996 446 1128 512 morer,
1150 446 1221 493 uno
1240 426 1375 508 impetu

194 555 294 625 atque
320 563 386 608 nno
406 538 525 605 nuntio
546 556 607 619 per
627 554 746 601 servos
775 531 962 615 Venerios,
995 551 1081 613 quos
1109 530 1180 597 eius
1201 529 1251 595 rei
1268 549 1375 597 causa

193 628 351 716 miserat,
387 633 536 706 tollenda
558 650 657 718 atque
682 634 890 718 asportanda
911 634 1056 699 curavit.

269 728 412 810 XLVII.
441 742 506 807 Pro
523 740 568 806 dii
583 736 813 805 immortales!
835 756 933 819 quem
951 756 1015 815 ego
1030 732 1202 801 hominem
1219 732 1377 801 accuso?

196 864 298 927 quem
320 843 450 923 legibus
473 853 533 908 aut
552 837 698 907 iudiciali
722 839 797 903 inre
817 837 1032 920 persequor?
1054 835 1096 903 de
1124 858 1190 919 quo
1212 857 1276 902 vos
1300 855 1377 903 sen·

196 945 336 1012 tentiam
359 964 420 1028 per
442 941 599 1030 tabellam
621 939 770 1006 feretis&>
805 939 931 1005 Dicunt
956 936 1059 1018 legati
1087 935 1287 1004 Melitenses
1317 958 1378 1019 pu·

195 1046 315 1123 blice,
334 1044 517 1128 spoliatum
540 1041 703 1125 templum
727 1061 803 1109 esse
822 1041 983 1119 Iunonis,
1014 1037 1095 1106 nihil
1116 1040 1219 1106 istum
1242 1039 1274 1103 in
1299 1037 1378 1103 reli-

197 1149 392 1229 giosissimo
413 1149 494 1213 fauo
516 1144 709 1228 reliquisse,
746 1164 844 1227 quem
873 1144 906 1208 in
933 1141 1049 1209 locum
1077 1139 1205 1211 classes
1225 1138 1377 1207 hostiurn

198 1270 300 1331 saepe
322 1249 549 1327 accesserint,
584 1247 640 1312 nbi
664 1246 794 1328 piratae
820 1245 894 1311 fere
915 1242 1096 1327 quotannis
1116 1240 1267 1308 hiemare
1287 1242 1379 1310 sole·

198 1364 275 1430 ant3
305 1347 397 1433 quod
419 1369 526 1433 neque
547 1347 675 1431 praedo
697 1346 877 1414 violaverit
898 1359 994 1425 ante,
1017 1364 1125 1428 neque
1145 1366 1297 1428 unquam
1321 1344 1380 1411 bo·

199 1454 262 1521 stis
290 1452 459 1533 attigerit,
493 1449 527 1516 id
554 1451 690 1518 abnuo
721 1451 787 1517 isto
815 1450 866 1516 sic
894 1447 1077 1530 spoliatum
1105 1466 1196 1525 esse,
1231 1457 1269 1511 nt
1294 1445 1379 1512 nihil

200 1555 340 1620 omnino
362 1552 406 1619 sit
426 1550 596 1619 relictum.
637 1552 702 1617 Hie
723 1571 814 1617 rirtnc
834 1551 899 1616 iste
920 1568 1021 1625 reuS,
1042 1560 1102 1615 aut
1116 1568 1180 1628 ego
1197 1559 1379 1615 accusator

202 1666 261 1722 aut
281 1654 348 1721 boc
368 1652 531 1721 iudicium
553 1651 805 1736 appellabitur?
840 1651 1046 1717 Criminibus
1067 1650 1156 1716 enim
1178 1651 1379 1730 coarguitur

202 1759 262 1819 aut
281 1754 531 1838 suspicionibus
552 1754 586 1818 iu
606 1753 769 1820 iudicium
790 1752 952 1821 vocatur!
986 1752 1041 1817 Dii
1067 1750 1187 1831 ablati,
1221 1750 1304 1818 fana
1326 1773 1380 1818 ve·

201 1868 302 1932 xata,
324 1855 472 1922 nudatae
487 1856 588 1921 urbes
604 1860 831 1936 reperiuntur:
859 1875 977 1921 earum
991 1865 1106 1920 antem
1122 1874 1237 1919 rerum
1253 1849 1380 1921 nullam

202 1958 266 2024 sibi
293 1957 357 2024 iste
387 1976 494 2038 neque
521 1954 697 2021 infitiandi?
714 1958 881 2024 rationem
909 1976 1019 2040 neque
1044 1953 1248 2022 defendendi
1271 1954 1380 2021 facul-

203 2069 308 2124 tatem
344 2056 492 2141 reliquit:
534 2056 691 2125 omuibus
722 2058 757 2124 in
786 2059 887 2126 rebus
918 2058 1116 2138 coarguitur
1143 2077 1164 2123 a
1187 2076 1260 2133 mc,
1296 2055 1382 2123 cun·-

202 2160 351 2226 vincitur
378 2181 398 2227 a
427 2160 585 2237 testibus,
615 2171 759 2239 urgetur
785 2162 999 2228 confessione
1019 2179 1100 2235 sua,
1135 2153 1324 2225 manifestis
1348 2160 1382 2225 in

202 2260 379 2330 maleficiis
401 2274 555 2343 tenetur,
585 2272 619 2329 ct
639 2274 755 2329 manet
775 2263 897 2342 etiam,
926 2258 966 2330 ac
987 2261 1110 2328 tacitus
1132 2259 1223 2328 facta
1244 2279 1381 2328 mecum

201 2384 265 2432 sua
286 2367 515 2446 recognoscit.
1347 2383 1350 2388 ·

144 2482 203 2545 105
281 2467 432 2535 Nimium
455 2466 538 2533 mibi
560 2465 616 2532 diu
637 2465 757 2532 videor
772 2464 807 2531 in
821 2486 889 2531 uno
904 2485 1029 2545 genere
1044 2464 1172 2533 versari
1187 2463 1379 2531 criminum,

204 2568 340 2643 Sentio,
370 2568 520 2643 iudices,
542 2566 792 2634 occurrendum
820 2586 895 2634 esse
923 2568 1071 2633 satietati
1098 2568 1231 2633 aurium
1254 2569 1381 2636 animo·

203 2689 350 2752 rumque
370 2679 578 2736 vestrorum.
622 2669 855 2759 Quamobrem
879 2667 983 2733 multa
1005 2670 1291 2749 praetermittam.
1332 2668 1384 2736 Ad

205 2791 246 2837 ca
266 2782 397 2847 antem,
421 2791 507 2852 quac
528 2769 681 2837 dicturus
703 2788 796 2844 sum,
817 2770 946 2835 reficite
967 2791 1050 2847 vos,
1072 2791 1217 2853 quaeso,
1238 2769 1382 2846 indices,

205 2892 268 2954 per
289 2872 371 2940 deos
392 2872 622 2940 immortales!
646 2869 704 2939 eos
727 2872 837 2953 ipsos,
860 2872 901 2937 de
917 2894 1062 2953 quorum
1081 2871 1245 2952 religione
1259 2873 1383 2940 iamdiu

207 2974 372 3053 dicimus,
403 2974 483 3041 dum
505 2975 539 3042 id
562 2977 633 3043 eius
654 2976 787 3042 facinus
809 2994 1044 3041 commemoro
1068 2986 1102 3039 et
1122 2974 1282 3057 profero,
1318 2998 1382 3058 quo

151 3163 156 3169 Δ
205 3078 383 3161 provincia
403 3089 476 3145 tota
496 3090 669 3145 commota
691 3090 756 3147 est,
809 3079 861 3141 De
887 3098 954 3158 quo
982 3077 1011 3143 si
1033 3074 1134 3157 paulo
1157 3075 1258 3143 altius
1280 3073 1384 3142 ordiri

207 3200 250 3245 ac
268 3192 422 3261 repetere
444 3182 644 3247 memoriam
665 3177 1017 3259 religionis'videbor,
1038 3178 1222 3258 ignoscite:
1244 3179 1294 3245 rei
1313 3183 1384 3244 'ma-

208 3280 351 3358 gnitudo
383 3301 437 3348 me
464 3283 612 3350 breviter
639 3281 868 3366 perstringere
896 3282 1111 3350 atrocitatem
1140 3282 1291 3351 criminis
1316 3303 1385 3349 nou

208 3382 298 3449 811111.
1336 3385 1338 3388 ’

216 3566 422 3583 m

275 3714 288 3776 1
311 3715 366 3761 104.
397 3716 503 3761 iudiciali
534 3714 594 3779 iure]
620 3716 677 3763 Hoc
702 3719 766 3763 adeo
793 3724 929 3778 suspectum
954 3717 1067 3765 Ernesiio
1085 3726 1109 3765 et
1129 3719 1273 3779 bladrigio‚
1300 3713 1389 3764 ut'ille

209 3800 296 3845 iudicio
315 3812 343 3844 ue
364 3800 426 3853 iure,
456 3799 496 3845 hic
517 3801 604 3845 iudicio
623 3801 689 3858 „alii
707 3800 781 3845 iure“
804 3802 826 3846 in
845 3816 875 3848 eo
894 3804 971 3848 lutere
988 3803 1177 3860 arbitrarentur,
1195 3810 1261 3849 recte
1280 3803 1389 3850 vindicat

209 3883 347 3942 ZumptIns:
372 3881 474 3937 Verum,
497 3883 587 3945 lnquit,
610 3891 689 3931 tueor.
707 3885 771 3945 (scil.
794 3884 853 3929 alibi
870 3889 936 3944 apud
955 3886 1098 3933 Ciceronem
1111 3892 1147 3933 est
1166 3889 1283 3932 iudicialis
1301 3878 1389 3938 oratio.

209 3968 328 4012 iudicialis
346 3980 419 4011 eunus
439 3965 498 4027 cet.)
534 3968 577 4014 Est
598 3969 661 4015 enim
678 3968 753 4014 etiarn
771 3968 837 4013 aliud
855 3970 905 4022 ins,
926 3983 975 4030 quo
992 3971 1080 4016 Cicero
1100 3971 1218 4017 eiusmodi
1237 3971 1390 4029 praedonem

210 4052 401 4111 persequendum
419 4057 515 4107 censet,
545 4055 581 4098 ius
600 4053 668 4108 beili,
685 4051 724 4096 cni
738 4051 876 4109 opponitur
891 4050 951 4095 illud
972 4052 1093 4103 iudiciale,
1115 4050 1293 4111 quodindieiis
1314 4062 1389 4094 exer-

210 4137 325 4181 ceatur.“
338 4158 372 4175 -
384 4151 443 4182 uuae
463 4138 516 4198 iste]
535 4137 596 4195 Reg.
614 4137 683 4182 Leid.
698 4134 774 4192 Sgnll.
792 4147 847 4178 cnm
865 4140 921 4179 cett.
940 4134 1018 4180 Codd.
1038 4135 1111 4180 nutis.
1128 4148 1188 4179 sinac
1205 4138 1246 4179 out
1257 4135 1298 4177 iste
1309 4131 1333 4175 Z.
1354 4155 1391 4169 -

209 4218 346 4264 criminibus
369 4219 427 4278 eet]
444 4219 514 4265 Haec
537 4212 591 4268 κατ’
609 4220 737 4285 εἰρωνείαν
757 4216 908 4274 accipienda.
951 4214 1092 4267 „Nimirum
1109 4216 1208 4260 crimino
1229 4217 1391 4272 opponuntur

210 4297 339 4356 manifestis
362 4298 495 4357 maleficiis,
524 4299 549 4346 iu
573 4299 666 4362 quibus,
679 4298 767 4344 Verres
783 4281 862 4344 *teneri
885 4296 987 4342 dicituro
1014 4296 1054 4342 nbi
1074 4303 1198 4345 automno
1219 4289 1391 4344 criminatione
