2850 4759
199 343 223 389 Χ

198 524 345 617 gerebat.
368 563 413 579 --
436 514 505 619 95.
516 517 629 613 ‘qnod
640 525 733 612 post.
752 539 799 571 -'-·-
825 514 950 586 Uticae
965 516 1085 611 petiae
1103 528 1222 609 qaam.
1239 529 1289 569 Ι---·
1306 512 1378 612 56.

199 640 455 723 decorandam.
476 664 555 709 cam
569 638 635 710 M.
667 635 781 710 Cicero
809 677 858 693 -
886 646 925 703 nt
946 632 1099 730 papulas
1116 631 1200 702 'hae
1219 636 1312 732 -·-'§
1343 634 1377 703 7.

196 761 371 831 laureatos
388 762 518 858 fasces.
549 757 645 854 7'-J§
670 756 704 823 8.
733 771 804 824 nan
834 753 986 826 dubitem
1011 751 1136 835 dicere,
1172 752 1215 823 de
1240 751 1381 844 Laeuii

196 878 347 950 audeam
382 875 548 974 confiteri.
573 921 621 936 -
645 873 669 970 §
689 872 725 943 9.
765 873 803 940 in
830 872 953 972 Asn'ca
975 870 1184 963 Ligarium?
1202 870 1291 968 -§
1315 872 1374 950 10,

195 996 299 1096 aeait.
323 1036 374 1051 —
391 995 518 1065 de'eam'.
534 997 623 1093 -ξ
643 994 698 1062 11.
716 993 856 1062 incitari
871 991 983 1062 solent
1017 991 1110 1063 adea.
1131 1038 1181 1053 -
1200 990 1373 1062 avancnla

195 1127 265 1185 tna.
286 1153 336 1169 --
355 1113 378 1208 §
398 1115 453 1182 12.
471 1115 513 1185 td
534 1140 613 1184 non.
634 1159 681 1175 -
708 1110 800 1181 mila
821 1124 904 1182 sant
925 1111 1123 1181 omnia-
1146 1113 1169 1211 §
1190 1112 1246 1180 15.
1275 1111 1374 1202 e'grno·

173 1233 576 1329 Ἰκαί.---θρριιόνηαύιέ.·
603 1236 687 1303 Oeta
698 1231 845 1301 esthaec
857 1231 964 1301 lectio
974 1255 1016 1300 ex
1028 1231 1375 1327 seq.'oppagnari.-

193 1354 218 1451 ς
252 1354 307 1439 14.
340 1350 364 1402 ³<
391 1354 557 1423 misereat.
583 1395 624 1409 -
659 1347 762 1452 §15.
785 1363 899 1447 ⁴qaam
928 1349 1088 1445 ta.—-§
1116 1350 1172 1419 16.
1198 1348 1308 1420 allud
1322 1364 1373 1422 est

195 1469 294 1539 nolle.
318 1518 365 1532 -
385 1469 410 1521 ²¹³
440 1470 479 1542 Τ
474 1498 540 1541 ane
568 1471 703 1542 diceres,
726 1511 778 1529 -
793 1472 831 1541 in
859 1470 984 1572 Afrae
1011 1468 1187 1561 Liguriae.
1202 1472 1292 1571 -§
1314 1471 1371 1541 17.

193 1594 337 1662 vacasti.
363 1607 414 1649 4·-
439 1605 634 1689 quaeratur.
652 1633 704 1652 --
727 1591 750 1688 §
773 1588 829 1661 18.
851 1603 931 1661 teas
952 1591 1108 1659 inve‘etas.
1132 1630 1183 1646 ·-·
1207 1587 1263 1664 19.
1293 1617 1372 1659 eum

194 1725 247 1780 me
275 1723 322 1783 nt.
372 1711 439 1782 Sed
472 1711 615 1782 varietas
639 1710 814 1782 Wunderi
845 1711 992 1780 refertur
1016 1709 1060 1778 ad
1084 1734 1181 1805 seqq.
1209 1735 1264 1781 vv.
1292 1736 1376 1784 enm,

194 1840 245 1899 tat
263 1831 443 1902 sceleratas
463 1858 529 1930 pro
549 1833 584 1901 si
601 1843 652 1902 tot
669 1830 746 1902 scel.
766 1834 848 1900 Ern.
860 1871 910 1887 -
924 1832 959 1899 si
973 1840 1034 1900 tot.
1047 1829 1134 1926 -§
1153 1830 1210 1902 20.
1231 1829 1255 1874 '²³
1272 1856 1371 1901 sena·

193 1960 249 2017 tas
288 1951 390 2022 idem.
419 1993 470 2010 -
497 1955 578 2023 item
611 1951 649 2020 in
681 1975 797 2020 meam
829 1950 893 2019 Ed.
926 1973 982 2017 me
1013 1947 1124 2019 invito
1159 1948 1299 2044 irrepsit
1328 1974 1370 2018 ex

193 2069 334 2139 Weiskii
350 2070 433 2155 Ed„
460 2098 565 2166 quam
579 2071 695 2169 operis
712 2070 933 2141 tradideram.
973 2071 1046 2137 'Est
1056 2067 1195 2137 Patricii
1210 2067 1300 2138 coni.
1318 2107 1370 2125 -

191 2188 214 2232 ‘²³³
240 2201 320 2259 tane
342 2217 379 2287 p.
403 2233 454 2248 -
474 2192 497 2288 §
516 2193 574 2262 22.
593 2204 642 2262 est
669 2191 780 2261 illam.
800 2232 851 2246 ·-
872 2193 895 2290 §
916 2189 972 2258 23.
991 2187 1085 2258 illud
1107 2214 1152 2259 se.
1174 2231 1223 2245 -
1241 2200 1367 2273 vestra,
1418 2167 1419 2194 ¹

196 2304 235 2377 T
229 2309 339 2379 abero.
360 2351 412 2382 -.-
436 2309 459 2406 §
486 2310 542 2401 24.
567 2340 637 2382 non
666 2327 743 2384 tam
764 2322 906 2408 propter
927 2309 969 2379 id
988 2336 1037 2380 ne.
1050 2312 1272 2409 -sactarus
1286 2334 1365 2379 esse.

191 2430 280 2496 Cum
294 2428 408 2499 Codd.
424 2429 522 2499 Leid.
549 2452 583 2501 et
602 2433 695 2501 Gud.
706 2435 741 2527 s
754 2433 870 2529 faisse
886 2448 1048 2499 tueantur
1070 2429 1121 2524 (id
1142 2427 1237 2522 quod
1261 2426 1367 2498 etiam

189 2570 254 2642 per
274 2572 309 2616 se
331 2549 433 2617 unice
459 2569 594 2618 rectum
617 2543 701 2647 eet):
736 2574 851 2619 merus
877 2575 975 2620 error
998 2551 1068 2620 Erf.
1097 2547 1291 2618 censendus
1315 2568 1367 2648 ese
1418 2545 1419 2630 1

178 2669 315 2764 flesse.
331 2710 382 2723 -
405 2668 427 2711 ‘²¹⁵
447 2669 627 2754 valeam,
653 2681 852 2739 conventus.
870 2712 921 2726 ·-
941 2697 1012 2744 noa
1032 2670 1192 2741 dubitem.
1214 2711 1262 2725 -
1283 2695 1366 2764 pra·

189 2782 307 2867 letata,
353 2798 391 2854 nt
414 2786 605 2882 perhibete‘s.
671 2788 812 2885 Optime
848 2788 1041 2884 Madvigius
1076 2793 1224 2884 Opuscc.
1256 2788 1363 2859 Acad.

128 2954 131 2958 -
189 2928 225 2999 p.
252 2904 331 2975 199.
360 2905 609 2978 demonstravit
636 2921 669 2981 v.
695 2907 868 3004 perhibere
893 2908 965 2979 hoc
990 2906 1182 3001 significatu
1211 2906 1364 2976 alienum
1418 2881 1419 2890 ¹

189 3040 261 3094 esse
281 3052 301 3093 a
324 3026 577 3096 consuetudine
604 3027 763 3097 Tulliana
770 3057 780 3117 3
806 3028 843 3096 in
864 3053 969 3124 prosa
988 3026 1061 3096 soil.
1081 3026 1256 3114 oratione3
1282 3052 1363 3095 nam

187 3147 279 3214 A-rat.
305 3148 407 3234 447.τ
450 3145 538 3219 Cam
562 3148 699 3243 quibas,
735 3158 777 3215 at
800 3145 1052 3242 perhibent,
1085 3158 1207 3216 ausast
1225 3159 1363 3216 conten·
1418 3181 1419 3200 .

188 3264 416 3363 deresarma;
442 3285 477 3334 et
501 3286 745 3338 controversus
769 3266 914 3336 omnino
942 3286 992 3335 est
1010 3267 1110 3335 lacus
1127 3266 1170 3333 de
1196 3265 1296 3335 Finn.
1321 3266 1360 3350 2,
1418 3245 1419 3250 ¹

188 3380 228 3469 5,
258 3379 312 3455 15.
340 3385 555 3467 Heraclitus,
580 3397 804 3479 cognomento
827 3392 993 3469 σκοτεινὸς
1013 3387 1076 3482 qai
1089 3383 1293 3481 perhibetur.
1311 3427 1362 3441 —
1418 3437 1419 3450 .

185 3505 210 3603 ς
235 3498 291 3574 25.
312 3518 464 3601 quaeest
484 3504 569 3577 haee
586 3534 674 3600 ergo.
692 3549 744 3566 -·
761 3507 955 3603 prohibitos
972 3533 1041 3577 esse
1056 3533 1130 3576 aas.
1144 3517 1194 3563 -ὲ
1205 3508 1238 3575 si
1250 3504 1361 3575 velitis

182 3622 331 3714 gloriari
346 3651 417 3721 per.
444 3667 495 3683 --
517 3628 723 3713 tradituros,
748 3628 887 3698 etiamsi
898 3671 914 3682 -
927 3629 1080 3698 -essetis
1097 3670 1147 3683 -
1165 3626 1188 3721 §
1207 3627 1264 3695 26.
1279 3651 1361 3721 pra-
1418 3685 1419 3694 ,

185 3733 307 3814 banne.
329 3792 376 3806 -
403 3748 543 3843 quisque
575 3748 681 3823 istud.
704 3786 755 3804 -
786 3775 811 3817 a
835 3748 958 3843 ambas
989 3749 1159 3844 partibas.
1179 3788 1229 3803 --
1254 3749 1277 3846 ς
1302 3746 1358 3815 27.
1418 3765 1419 3768 ’

189 3860 378 3935 Tuberonis
388 3868 475 3965 snit.
490 3907 542 3925 -
561 3879 694 3939 secutas
708 3878 791 3937 erat.
813 3866 900 3964 -§
922 3867 978 3935 28.
1002 3868 1040 3935 in
1056 3867 1295 3964 causasaistis
1311 3910 1359 3925 -
1418 3915 1419 3958 .

184 3985 429 4055 tantammodo
458 3988 496 4056 in
523 4014 560 4083 p.
586 4013 632 4071 e.,
667 4016 700 4058 a.
731 4014 765 4057 a.
793 4015 818 4057 a
845 4015 873 4058 c.
900 3984 1197 4057 abhorrebant-
1226 4013 1292 4070 an,
1321 3997 1359 4055 at
1418 3991 1419 4074 f

1418 4095 1419 4140 t

175 4103 256 4202 fit·
270 4148 286 4161 -
302 4108 339 4175 in
361 4106 514 4203 νιείἰιμιίε,ι
551 4133 670 4177 omnes
695 4108 786 4176 enim
815 4133 849 4177 a.
874 4117 917 4176 st.
948 4105 1173 4175 tenebamur?
1192 4150 1237 4168 ...
1263 4130 1358 4174 aene-
1418 4143 1419 4224 ἢ

181 4249 250 4296 ras.
272 4278 319 4298 ...
341 4225 364 4328 §
389 4228 445 4295 30.
477 4252 548 4296 non
578 4225 718 4297 acerbas
728 4226 822 4324 salt,
859 4227 998 4298 tametsi
1016 4236 1118 4295 tatas.
1141 4271 1189 4287 -
1213 4225 1235 4269 '³³³'
1260 4224 1360 4322 apud
1418 4293 1419 4324 ἓ
