2850 4759
120 307 124 311 ι
215 225 437 295 ΑΟΟΠὸΑΤ.
461 226 569 294 1N1C.
589 226 780 297 VERREM
801 229 883 297 LlB.
905 230 963 308 tv,
984 251 1016 299 e.
1033 232 1083 295 46.
1198 233 1238 298 65

63 384 214 453 audieras
248 396 282 451 et
310 384 398 453 borio
432 395 584 452 auctore.
629 385 698 476 Qui
729 386 763 454 id
790 398 906 476 potes,
939 388 996 472 qui
1021 409 1064 456 ne
1088 410 1133 457 ex
1161 390 1236 459 viro

61 487 193 570 quidem
215 486 334 553 andire
349 487 528 569 potueris?
549 488 686 555 Audisti
703 489 808 570 igitur
828 510 873 557 ex
894 489 1055 570 mulieres
1075 495 1236 574 quoniam

61 590 91 656 id
120 590 185 656 viri
222 609 288 655 areo
318 587 444 656 vidisse
474 609 584 672 neque
613 611 716 659 nosse
747 602 916 673 poterant.
958 591 1104 682 Qualem
1133 617 1235 675 porro

61 690 142 764 illam
167 691 325 759 feminam
351 691 457 758 fuisse
478 694 622 772 putatis,
642 690 798 761 iudices?
830 715 930 777 quam
951 692 1128 777 pudieam,
1150 718 1236 778 qnae

59 814 137 859 eum
153 794 260 876 Verre
282 790 508 875 loquereturll
529 815 630 876 quam
656 793 865 873 religiosam,
885 816 971 877 quae
992 797 1133 866 sacrarii
1153 816 1235 879 spo·

59 891 160 961 liandi
182 894 348 962 rationem
371 893 596 962 osteudeuet?
630 895 684 962 An
705 896 844 963 minime
865 902 1008 973 mirum,
1030 918 1117 980 quae
1133 919 1232 967 saera

62 1013 117 1076 per
143 1017 312 1063 summam
337 996 576 1064 castimoniam
600 996 754 1064 virorum
776 1018 817 1064 ae
836 997 1018 1066 mulierum
1041 1000 1139 1085 liant,
1177 1021 1233 1074 ea·

60 1096 127 1184 dem
150 1119 211 1178 per
229 1099 326 1168 istius
353 1110 512 1181 stuprum
535 1118 576 1164 ae
596 1098 761 1178 flagitium
787 1120 863 1167 esse
883 1098 1035 1168 violata?

127 1200 250 1269 XLVl.
292 1198 384 1290 Quid
406 1200 516 1279 ergo?
548 1199 615 1268 hoo
637 1199 749 1268 solum
769 1200 943 1269 auditione
970 1214 1131 1285 expetere
1152 1225 1233 1273 eoe-

59 1301 120 1385 pit,
149 1301 227 1368 cum
251 1301 286 1367 id
305 1303 378 1384 ipse
404 1325 473 1367 non
497 1302 666 1371 vidisset?
698 1305 810 1369 lmmo
836 1324 917 1370 vero
944 1301 1009 1370 alia
1032 1304 1230 1388 complura:

58 1404 237 1486 exquibus
259 1401 381 1483 eligam
401 1402 637 1486 spoliationem
660 1401 861 1472 nobilissimi
883 1417 984 1489 atque
1006 1408 1232 1489 antiquissimi

56 1506 131 1585 fani,
153 1504 195 1570 de
206 1527 270 1587 qna
286 1507 400 1586 priore
418 1506 553 1574 actione
574 1517 678 1574 testes
694 1504 808 1572 dicere
823 1507 982 1576 audistis:
1003 1529 1095 1573 nuno
1111 1506 1230 1575 eadem

57 1604 125 1687 illa,
147 1628 296 1690 quaeso,
316 1608 432 1674 audite
449 1619 483 1674 et
501 1606 700 1689 diligenter,
721 1609 809 1675 sieut
825 1607 937 1675 adbuc
955 1609 1102 1685 lecistis,
1122 1620 1231 1677 atten-

54 1706 127 1779 dite.
169 1708 287 1776 Insula
315 1707 535 1787 estMelita,
564 1709 712 1788 iudices,
747 1711 830 1777 satis
855 1709 926 1778 lato
957 1731 977 1777 a
1000 1708 1112 1777 Sicilia
1140 1710 1290 1779 maritus

56 1808 314 1894 periculosoque
339 1809 506 1878 diiuncta:
528 1811 560 1877 in
586 1823 727 1895 qua‘est
748 1811 868 1880 eodem
893 1814 1030 1879 nomine
1054 1812 1230 1895 oppidum,-

55 1936 115 1996 quo
137 1915 202 1981 iste
222 1936 393 1997 nunquam
415 1914 576 1982 accessit:
608 1913 699 1997 quod
726 1926 840 1982 tamen
867 1914 923 1982 isti
952 1916 1138 1982 textrinum
1167 1936 1229 1998 per

56 2016 232 2083 triennium
261 2014 305 2083 ad
332 2013 533 2086 muliebrem
564 2029 693 2084 vestem
720 2014 964 2083 eorrfioiendam
990 2016 1064 2100 luit.
1106 2018 1227 2085 Abeo

56 2118 175 2199 oppido
204 2141 273 2185 non
298 2116 399 2198 longe
430 2119 466 2188 in
488 2119 728 2200 promontorio
751 2119 868 2188 fanum
895 2130 947 2185 est
974 2119 1114 2187 lunonis
1141 2120 1229 2185 ariti-

57 2240 173 2299 quum,
194 2218 285 2303 qnod
305 2232 397 2286 tanta
416 2220 580 2300 religione
602 2240 739 2301 semper
759 2219 842 2299 snit,
879 2232 918 2287 ut
943 2243 1013 2290 non
1038 2219 1141 2287 modo
1160 2218 1227 2288 illis

55 2320 186 2388 Punicis
216 2320 329 2399 bellis,
364 2342 450 2404 qnae
481 2322 515 2387 in
553 2319 605 2387 his
638 2320 712 2387 fere
742 2320 828 2388 loeis
858 2319 970 2388 navali
1002 2321 1101 2403 eopia
1132 2333 1228 2401 gesta

54 2434 148 2505 atque
167 2436 303 2491 versata
322 2421 501 2500 sunt,‡sed
524 2421 624 2488 etiam
642 2423 676 2488 in
694 2422 758 2489 liao
776 2424 989 2506 praedonum
1011 2422 1227 2490 multitudine

53 2545 184 2607 semper
206 2525 407 2594 inviolatum
423 2535 662 2612 sanctumque
686 2522 802 2592 fuerit.
845 2525 1054 2614 Quinetiam
1072 2524 1140 2592 hoe
1157 2546 1228 2592 me·

53 2629 177 2695 moriae
204 2628 379 2710 proditum
409 2639 480 2703 est,
515 2625 623 2694 classo
648 2625 818 2711 quondam
841 2627 1044 2694 Masinissae
1071 2629 1161 2708 regis
1183 2626 1228 2694 ad

52 2749 125 2796 eum
143 2729 258 2796 looum
286 2730 444 2811 appulsa,
466 2729 676 2814 praefectum
697 2728 830 2808 regium
850 2727 969 2796 dentes
988 2731 1156 2796 eburneos
1177 2731 1228 2796 in·

55 2830 200 2898 credibili
232 2831 463 2911 magnitudine
486 2851 504 2897 e
530 2831 611 2897 fano
639 2829 821 2899 sustulisse
853 2842 888 2898 et
918 2852 978 2899 eos
1004 2834 1038 2898 in
1071 2832 1226 2897 Amicam

52 2946 199 3014 portasse
223 2934 495 3016 Masinissaeque
522 2932 679 3003 donasse.
720 2932 848 3011 Regem
876 2932 989 3013 primo
1016 2930 1223 2998 delectatum

52 3055 122 3103 esse
145 3057 307 3103 munere:
329 3047 426 3117 post,
449 3035 506 3102 ubi
527 3035 693 3111 audisset,
716 3033 806 3099 unde
822 3044 955 3115 essent,
976 3034 1093 3099 statim
1111 3044 1224 3101 certos

51 3135 200 3209 homines
224 3141 258 3205 in
281 3138 513 3222 quinqueremi
536 3137 685 3214 misisse,
706 3136 762 3216 qui
784 3155 844 3202 eos
866 3134 983 3203 dentes
1006 3147 1223 3216 reponerent.

51 3241 162 3324 ltaque
183 3243 217 3307 in
242 3243 283 3309 iis
307 3238 616 3323 scripturatum-is
641 3239 781 3304 Punicis
802 3238 884 3317 suit,
905 3259 1028 3321 reqem
1046 3231 1226 3304 Masinis·
1311 3231 1316 3242 ’

52 3361 128 3407 sain
150 3342 416 3427 imprudentem
437 3342 634 3432 accepisse,
666 3362 707 3407 re
730 3343 875 3424 coquito
897 3338 1142 3431 reportandos
1164 3362 1224 3405 cu·

54 3464 163 3512 rasse.
205 3444 290 3528 Erat
312 3454 490 3526 praeterea
511 3462 634 3521 magna
652 3444 703 3509 vis
726 3443 864 3524 eboris,
880 3441 985 3508 multa
1002 3454 1222 3518 ornamenta,
1304 3473 1308 3480 ¹

51 3544 218 3627 inquibus
244 3552 413 3614 eburneae
439 3542 624 3631 Victoriae,
646 3544 784 3626 antiquo
811 3565 916 3627 opere
935 3566 975 3612 ac
995 3566 1132 3613 summa
1149 3558 1223 3613 arte

52 3837 103 3869 rum
123 3826 197 3874 Codri.
215 3843 307 3877 omnes.
323 3831 413 3891 „qnod
433 3829 485 3875 scil.
510 3843 525 3874 ι
549 3828 722 3876 consuetudine
743 3800 869 3873 mulierum
885 3826 1021 3889 abstinent,
1047 3828 1132 3889 quibus
1151 3842 1222 3875 sacra

51 3908 160 3956 iacienda
178 3916 261 3959 sunt.“
278 3914 305 3958 Ζ.
339 3913 495 3959 Hotomanus
517 3912 582 3959 coni.
604 3914 730 3974 virginum.

119 4016 131 4078 l
148 4019 201 4067 103.
218 4023 299 4066 nauali
323 4015 404 4082 copia]
423 4020 498 4079 Sgsll.
516 4032 570 4065 eum
587 4018 759 4065 deterioribus:
777 4021 856 4063 nauali
872 4020 977 4077 proelio.
1011 4019 1067 4065 scit.
1088 4020 1221 4065 haerebant

50 4098 75 4143 iu
95 4099 278 4166 mittunturque
297 4103 438 4165 antiquiore
455 4104 629 4152 consuetudine
646 4100 774 4161 siugulsris
793 4098 863 4145 huius
883 4114 931 4159 pro
947 4099 1052 4158 pluralis
1068 4112 1141 4158 quarn
1161 4112 1220 4144 cou-

51 4183 194 4232 suetudinem
215 4194 318 4236 notante
342 4186 457 4246 Zumptio
480 4191 567 4247 quator
587 4184 686 4234 retinuit
713 4183 847 4244 Pompeius
870 4184 895 4231 in
913 4182 1006 4230 duabus
1026 4183 1091 4241 Epp.
1111 4181 1218 4241 (adAtt.

27 4265 195 4331 ,8212.)-
217 4273 240 4317 n
255 4267 296 4335 su]
314 4272 376 4331 neg.
392 4273 418 4316 n
435 4273 471 4316 no
485 4251 556 4319 ‘boin
578 4270 605 4317 z,
