2850 4759
230 292 398 363 ORATIO
421 292 508 363 PRO
528 292 885 377 incantantum,
907 319 940 368 c.
962 301 1012 367 10.
1153 238 1212 369 ιη

27 474 28 479 ’
51 466 105 519 tam
117 450 295 528 haberetis,
316 465 355 519 ut
368 452 454 520 haec
467 453 565 520 vobis
581 452 781 521 deliberatio
797 454 937 522 difficilis
954 468 1063 532 esset,
1087 476 1209 543 quem-

47 575 113 620 nam
133 555 345 634 potissimum
376 555 478 621 tantis
505 556 608 620 rebus
636 575 676 622 ae
705 568 800 622 tanto
823 554 911 624 bello
934 559 1203 639 praeficiendum

48 656 203 735 putaretis.
246 655 346 721 Nunc
367 676 453 721 vero
472 675 549 720 cum
572 657 617 721 sit
637 676 727 722 unus
750 659 812 726 Cn.
834 658 1036 739 Pompeius,
1059 662 1206 742 quinon

49 755 135 821 modo
155 777 273 821 eorum
295 755 491 837 homiuum,
518 758 576 838 qui
596 768 804 833 nuno-sunt,
830 757 994 837 gloriam,
1022 760 1207 830 sedetiam

49 857 232 938 antiquitatis
255 858 455 923 memoriam
476 858 603 922 virtute
624 859 812 941 superarit,
839 879 925 941 quae
946 880 1001 926 res
1023 872 1093 935 est,
1122 881 1208 943 quac

49 959 224 1039 cuiusquam
247 958 398 1023 animum
420 958 455 1053 iu
476 956 539 1023 hac
554 978 658 1025 causa
673 957 815 1024 dubium
832 961 946 1025 facere
960 961 1096 1041 possint
1130 962 1207 1042 Ego
1229 962 1270 1024 28

50 1060 121 1124 enim
144 1061 192 1127 sic
219 1059 397 1134 existimo,
433 1059 467 1123 in
494 1078 630 1124 summo
656 1060 865 1139 imperatore
887 1074 1049 1143 quattuor
1069 1066 1129 1128 has
1150 1082 1207 1133 ree

41 1156 139 1235 ‚inesse
160 1171 338 1244 oportere,
371 1160 548 1225 scientiam
571 1161 619 1225 rei
642 1158 817 1238 militaris,
847 1163 1028 1240 virtutem,
1060 1157 1208 1230 auctori·

51 1268 147 1335 tatem,
165 1258 378 1326 felicitatem.
423 1260 510 1348 Quis
525 1261 629 1338 igitur
644 1259 710 1325 hoc
726 1258 863 1327 homine
879 1264 1042 1329 scientior
1057 1284 1207 1344 unquam

50 1369 98 1423 nut
114 1358 171 1424 luit
191 1372 250 1427 aut
272 1381 349 1427 asse
370 1358 513 1427 debuit?
535 1362 590 1442 qui
613 1380 631 1425 e
652 1358 734 1426 ludo
756 1373 856 1443 atque
876 1364 1040 1442 pueritiae
1057 1363 1208 1445 discipli-

48 1458 89 1524 nis
110 1460 190 1526 bello
218 1461 371 1527 maximo
399 1464 501 1542 atque
529 1462 705 1527 acerrimis
732 1460 888 1529 hostibus
917 1461 959 1527 ad
981 1465 1087 1543 patris
1109 1484 1209 1530 exer·

49 1559 135 1626 citum
153 1570 251 1643 atque
271 1563 306 1628 in
328 1561 467 1629 militiae
488 1559 700 1641 disciplinam
723 1562 896 1642 profectus
919 1575 988 1638 est3
1018 1564 1074 1643 qui
1095 1575 1209 1629 extre·
1272 1629 1277 1639 ,

49 1681 95 1725 nna
111 1664 246 1741 pueritia
266 1662 364 1729 miles
385 1663 418 1728 in
440 1652 595 1731 exercitu
622 1663 689 1727 suit
717 1661 843 1728 summi
870 1663 1106 1741 imperatoris,
1128 1664 1209 1732 ine·

49 1772 115 1827 unte
133 1761 357 1829 adolescentia
377 1764 520 1828 unanimi
541 1764 614 1843 ipse
636 1764 809 1828 exercitus
825 1763 1031 1844 imperatum
1060 1756 1117 1842 qui
1131 1756 1207 1835 sae}

49 1861 110 1939 pius
128 1883 200 1931 cum
221 1864 323 1930 haste
345 1864 519 1939 conflixit,
542 1884 644 1944 quam
666 1864 845 1944 quisquam
868 1882 945 1927 cum
967 1858 1106 1928 inimico
1126 1883 1208 1928 corn-

50 1965 189 2042 cert‘avita
227 1963 332 2047 plura
360 1965 592 2042 bellacum,
625 1984 726 2044 quam
757 1965 860 2028 ceteri
882 1962 1055 2044 legerttnt3
1090 1960 1206 2042 plures

51 2066 214 2139 provincias
237 2063 406 2139 confecit,
437 2086 538 2145 quam
561 2062 615 2128 alii
637 2063 930 2142 concupiverunt3
970 2065 1067 2128 cuius
1089 2059 1208 2127 adole·

52 2166 155 2231 scentia
174 2167 215 2233 ad
237 2166 416 2234 scientiam
437 2166 488 2230 rei
509 2163 664 2230 militaris
684 2185 755 2228 non
776 2162 893 2229 alienis
915 2162 1121 2243 praeceptis,
1142 2159 1206 2227 sed

52 2264 108 2329 suis
124 2267 289 2349 imperiis,
311 2289 380 2347 nona
402 2263 647 2331 offensionibus
669 2262 764 2341 belli,
784 2263 844 2329 sed
867 2263 1037 2334 victoriis,
1059 2282 1127 2326 nou
1148 2263 1210 2326 sti·

51 2365 176 2442 pestiis,
213 2368 276 2436 sed
307 2364 487 2447 triumphis
515 2375 567 2429 est
596 2360 741 2428 erudita.
795 2361 897 2450 Quod
925 2360 1068 2441 denique
1097 2380 1207 2439 genus

54 2482 111 2531 esee
129 2466 199 2534 belli
226 2478 359 2548 potest,
391 2468 424 2531 in
453 2487 519 2546 quo
549 2463 644 2531 illum
671 2486 741 2529 non
770 2462 964 2527 exercuerit
989 2460 1129 2526 fortuna
1159 2462 1209 2525 rei
1297 2508 1301 2515 .

53 2564 206 2642 publicaetl
242 2565 370 2643 Civile,
407 2567 630 2649 Africanum,
665 2562 948 2642 Transalpinutn,
983 2562 1209 2642 Hispaniense

52 2666 174 2734 mixtum
194 2691 238 2734 ex
258 2668 408 2734 incitatis
430 2679 532 2747 atque
554 2665 820 2732 bellicosissimis
842 2664 1050 2736 nationibus,
1071 2659 1207 2747 servile,

52 2768 148 2834 navale
162 2768 303 2846 bellum,
317 2770 410 2834 varia
425 2779 459 2832 et
474 2766 607 2833 diversa
622 2786 747 2845 genera
763 2776 797 2830 et
812 2762 980 2829 bellorum
997 2775 1031 2828 et
1046 2761 1209 2839 hostium,
1265 2760 1268 2765 ’

53 2869 225 2941 ncnsolum
246 2882 344 2949 gesta
366 2870 406 2934 ab
437 2866 504 2934 hoc
530 2890 616 2942 uino,
649 2866 709 2933 sed
742 2865 843 2929 etiam
873 2862 1047 2947 confecta,
1079 2860 1208 2926 nullam

52 2985 109 3032 tem
129 2991 199 3037 esse
219 2969 395 3036 declarant
415 2970 449 3033 in
472 2990 535 3034 usu
556 2968 704 3048 positam
727 2963 883 3041 militari,
916 2982 1002 3044 quae
1020 2960 1121 3025 huius
1143 2959 1210 3027 viri

53 3065 203 3137 scientiam
225 3073 347 3150 lugere
369 3070 490 3150 possit.

55 3186 256 3207 *w

105 3252 171 3312 tes.
189 3259 301 3303 scientior
318 3259 354 3302 m·
370 3256 483 3301 mertem·
500 3253 530 3299 r.
542 3234 586 3288 ’-
608 3249 751 3310 aoctpttuts]
771 3249 800 3295 Ρ.
818 3249 848 3294 a.
866 3248 991 3304 aucipites
1008 3245 1066 3290 am.
1086 3268 1122 3283 -
1143 3244 1210 3288 mita

54 3333 72 3374 in
86 3339 189 3399 suscita]
208 3341 237 3386 E.
255 3340 344 3386 Colca.
364 3339 438 3384 Verd.
455 3339 522 3381 miles
540 3332 601 3395 (P.)
618 3334 676 3378 Ern.
696 3356 731 3369 -
753 3330 900 3388 summiserit
916 3329 945 3374 P.
965 3340 1069 3371 nesse
1086 3324 1157 3385 belli]
1180 3325 1210 3369 E.

54 3413 99 3476 ltllt'
118 3433 161 3464 ease
182 3422 240 3467 Era.
254 3446 288 3461 -
303 3436 333 3467 en
358 3422 461 3465 incitatis
486 3424 554 3478 atque
577 3416 643 3475 deli]
665 3415 694 3460 P.
718 3415 810 3469 idest,
836 3413 902 3472 quod
920 3410 988 3457 varie
1004 3408 1147 3470 gerebatur,
1172 3406 1213 3452 tric

54 3521 260 3543 w-

107 3602 173 3662 ΗΘ.
188 3609 303 3663 pueritiae
319 3603 463 3665 disciplinis]
482 3618 506 3650 a.
525 3617 548 3649 ιι.
567 3617 589 3648 c.
607 3602 680 3657 665.,
709 3614 787 3648 annos
812 3606 883 3645 natae
899 3597 982 3643 xvn.
1017 3596 1151 3656 Pompeius
1168 3597 1212 3642 nub

56 3680 89 3727 Cn.
103 3684 217 3746 Pompeio
234 3690 354 3737 Strabone
372 3693 444 3747 pa'tre
461 3687 486 3731 in
504 3686 572 3731 bello
588 3684 676 3733 sociali
693 3683 816 3730 militavit.
835 3704 868 3718 -
886 3681 970 3725 summi
986 3677 1148 3738 mperatum]
1167 3690 1212 3736 pa·

56 3762 100 3818 “1⁸3
122 3771 204 3815 etenim
221 3787 290 3827 anno
305 3777 432 3832 sequente,
459 3768 502 3812 nub
521 3771 592 3825 patre
608 3771 725 3822 „octavo
743 3765 839 3810 decimo
857 3761 946 3808 aetatis
963 3773 1029 3807 anno
1047 3760 1112 3804 bella
1129 3758 1215 3805 civilio

57 3846 176 3895 enunciet
210 3854 289 3901 Tacit.
314 3855 378 3899 Ann.
399 3851 446 3904 13,
473 3852 498 3896 6.
515 3849 567 3894 scil.
585 3848 615 3892 in·
628 3849 732 3893 tumultu
750 3846 870 3891 Cinnano.
886 3867 921 3879 -
938 3845 1027 3886 ineunte
1044 3835 1213 3898 adolescentia]

57 3938 75 3969 ⁸·
90 3942 110 3974 ¹¹·
125 3946 144 3978 c.
161 3936 218 3986 671.
242 3935 362 3993 „xxm
386 3947 463 3979 annon
482 3938 554 3979 natue
575 3929 680 3988 privatin
703 3934 730 3972 ut
753 3927 857 3985 opibus,
881 3925 918 3970 ita
943 3923 1049 3969 consiliis
1067 3923 1214 3972 firmumex

58 4020 106 4065 ΨΟ
126 4013 213 4062 Piceno
240 4015 368 4063 contraxit
393 4013 560 4061 exercitum.“
595 4010 684 4055 Vellei.
697 4010 728 4063 2,
746 4009 788 4052 29.
815 4020 918 4065 eumque
943 4005 1024 4049 Sullae
1049 3999 1162 4046 adduxit.
1180 4021 1214 4035 -

59 4090 122 4154 eluite]
147 4100 258 4145 adversus
286 4099 388 4144 Cinnam
414 4102 439 4142 et
464 4094 611 4140 Carbonem.
628 4115 663 4127 -
681 4084 836 4149 Africanum]
863 4101 887 4131 a.
911 4100 935 4131 u.
958 4099 979 4129 c.
998 4083 1057 4128 672.
1075 4096 1090 4126 e
1106 4080 1171 4124 scto
1189 4079 1213 4122 in

58 4168 149 4219 Africam
170 4180 253 4226 missus
275 4180 319 4225 Cn.
342 4178 478 4225 Domitium
500 4182 524 4222 et
549 4175 681 4230 Hiarbam,
711 4171 841 4217 Numidiae
859 4180 956 4226 regem,
984 4163 1063 4209 victos
1080 4157 1215 4209 interemit,

60 4262 187 4320 stultumque
203 4261 341 4320 Hiempsali
358 4259 469 4309 reddidit.
482 4282 517 4299 ·-·
535 4254 728 4312 Trnmolpinum]
744 4268 769 4300 a.
787 4253 845 4298 677.
864 4250 1021 4295 cumcontra
1039 4238 1170 4301 Sertorium
1187 4235 1212 4279 in
