2850 4759
215 282 277 347 27⁰
688 281 924 354 CICERONIS
993 305 1005 324 ²

213 442 293 512 liam
314 443 424 513 iacere
448 445 619 531 potueris,
640 465 724 530 quae
744 468 812 515 non
834 445 877 515 ad
901 448 1086 517 maximam
1106 461 1240 534 partem
1264 452 1379 521 civium

214 551 423 618 conveniret.
470 550 536 619 Sed
559 562 670 618 tamen
696 564 771 618 tea
795 571 850 618 me
872 574 936 635 pro
960 555 1091 635 magnis
1113 556 1224 623 causis
1249 568 1379 625 nostrae

212 652 471 722 necessitudinis
491 655 696 723 monendum
715 675 790 723 esse
810 656 911 723 etiam
934 668 1033 741 atque
1051 658 1151 725 etiam
1168 672 1270 741 puto.
1311 662 1379 729 Non

213 768 367 839 possunt·
388 779 507 826 amires
535 779 610 828 esse
637 759 787 842 patricii3
816 760 845 827 si
870 781 988 828 verum
1018 764 1167 845 quaeris,
1201 785 1244 831 ne
1268 778 1378 833 curant

214 861 366 947 quidem,
400 884 464 930 nec
491 885 528 931 se
552 862 708 941 aequales
741 864 788 930 tui
816 876 956 946 propter
982 864 1080 931 istam
1107 886 1245 934 causam
1272 869 1377 937 abste

153 967 192 1031 24
214 967 333 1035 anteiri
357 979 491 1051 putant.
531 970 585 1034 Ac
610 966 639 1034 si
668 966 726 1032 tibi
750 988 812 1035 nos
841 968 1011 1050 peregrini
1035 967 1211 1047 videmur,
1241 996 1377 1055 quorum

142 1109 148 1124 ·
212 1072 279 1140 iam
301 1083 336 1139 et
358 1078 483 1144 nomen
503 1082 536 1139 et
554 1069 663 1139 honos
687 1071 889 1137 inveteravit
913 1082 947 1137 et
965 1069 1043 1138 huio
1062 1074 1191 1140 urbiet
1210 1073 1378 1143 hominum

213 1178 325 1245 famae
350 1197 390 1244 ae
424 1176 655 1259 sermonibus,
692 1195 793 1259 quam
826 1174 883 1241 tibi
918 1172 995 1243 illos
1032 1180 1278 1259 competitores
1310 1192 1375 1247 tuos

212 1280 411 1366 peregrinos
439 1280 547 1347 videri
575 1299 716 1346 neeesse
744 1279 826 1357 erit,
862 1277 918 1360 qui
943 1278 1009 1345 iarn
1038 1300 1082 1346 ex
1110 1292 1182 1349 tota
1208 1282 1307 1350 ltalia
1329 1285 1374 1351 de-

211 1382 291 1452 lecti
309 1397 421 1452 tecum
441 1382 482 1451 de
501 1383 632 1452 honore
653 1393 687 1450 et
707 1380 750 1448 de
765 1382 857 1449 omni
876 1380 1039 1462 dignitate
1056 1384 1286 1454 contendunt!
1307 1410 1374 1471 quo-

212 1511 288 1556 rum
311 1509 393 1556 eave
418 1500 452 1555 tu
474 1507 677 1571 quemquam
701 1486 917 1574 peregrinum
938 1485 1104 1569 appelles,
1131 1509 1174 1555 ne
1194 1493 1377 1572 peregrino·

213 1616 290 1661 rum
317 1591 487 1673 suffragiis
511 1591 665 1658 obruare.
720 1588 788 1681 Qui
815 1591 844 1655 si
872 1587 1046 1658 attulerint
1076 1613 1203 1661 nervos
1229 1606 1265 1661 et
1292 1596 1374 1661 indu·

214 1698 353 1780 striam,
374 1695 456 1763 mihi
477 1693 596 1774 erede,
617 1697 794 1761 excutient
819 1693 876 1760 tihi
900 1694 1000 1761 istam
1022 1696 1205 1764 verborum
1235 1699 1375 1765 iactatio

214 1819 292 1868 nem
320 1812 355 1867 et
382 1809 414 1866 te
442 1819 486 1866 ex
515 1820 637 1866 somno
661 1819 766 1882 saepe-
802 1798 1018 1878 excitabunt‚
1058 1820 1122 1867 nec
1148 1802 1321 1884 patientur
1346 1823 1375 1870 se

154 1910 193 1974 25
214 1905 341 1989 abste,
363 1901 427 1971 nisi
446 1904 571 1969 virtute
592 1903 788 1980 vincentur,
810 1899 939 1969 honore
958 1905 1122 1986 superari.
1163 1909 1216 1972 Ac
1235 1908 1283 1984 si,
1304 1906 1375 1972 iudi·

214 2028 288 2084 ces,
311 2008 433 2075 ceteris
457 2006 606 2091 patriciis
632 2027 687 2074 mc
706 2018 743 2073 et
762 2026 826 2074 vos
851 2006 1047 2088 peregrinos
1071 2008 1175 2076 videri
1200 2022 1374 2092 oporteret,

214 2133 234 2179 a
261 2111 436 2195 Torquato
469 2123 582 2178 tamen
612 2109 680 2177 hoc
707 2110 828 2177 vitium
854 2106 1028 2176 sileretur:
1068 2123 1120 2178 est
1150 2113 1240 2179 enim
1273 2115 1373 2196 ipsea
1406 2169 1407 2186 ,

215 2229 369 2283 materno
394 2236 519 2296 gessere
543 2211 773 2297 municipalis,
794 2210 1024 2281 honestissimi
1045 2236 1085 2280 ae
1106 2215 1308 2284 nobilissimi
1325 2238 1373 2298 ge·

214 2321 321 2401 neris,
354 2318 414 2389 sed
443 2331 554 2388 tamon
588 2315 763 2385 Asculani.
818 2320 889 2385 Aut
921 2318 1026 2398 igitur
1058 2317 1196 2399 doceat,
1232 2323 1372 2389 Picentes

214 2422 307 2493 solos
324 2447 390 2492 non
406 2443 484 2491 esse
497 2423 719 2505 peregrinos,
742 2434 801 2488 aut
817 2422 964 2503 gaudeat
980 2443 1043 2490 suo
1061 2425 1176 2503 generi
1197 2447 1254 2493 me
1274 2448 1371 2493 meum

214 2541 293 2597 ante
322 2550 390 2594 non
426 2548 566 2609 ponere.
618 2525 735 2616 Quare
765 2546 875 2611 neque
911 2548 965 2598 me
997 2528 1212 2609 peregrinum
1244 2529 1372 2613 posthae
1405 2535 1406 2544 ’

215 2632 371 2707 dixeris,
395 2651 437 2697 ne
463 2630 601 2711 gravius
624 2629 792 2708 refutere,
824 2650 932 2714 nequo
956 2652 1089 2713 regem,
1121 2654 1163 2698 ne
1192 2631 1371 2708 deridearm

214 2736 278 2805 nisi
302 2736 405 2803 forte¹
421 2737 550 2815 regium
577 2734 633 2802 tibi
657 2732 793 2800 videtur
816 2735 863 2802 ita
891 2737 1023 2813 vivere,
1054 2748 1181 2804 utnon
1204 2737 1308 2806 modo
1325 2737 1372 2803 ho·

214 2841 295 2908 mini
316 2839 459 2917 tietuini,
482 2839 541 2906 sed
566 2860 609 2905 ne
631 2838 806 2921 cupiditati
826 2838 961 2923 quidem
986 2838 1043 2906 ulli
1065 2841 1213 2921 servias3
1235 2856 1371 2909 contem·

215 2961 297 3012 nere
322 2963 440 3011 omires
459 2941 632 3021 libidines,
654 2966 721 3011 noo
741 2943 830 3018 auri,
854 2964 920 3009 nou
943 2946 1087 3031 argenti,
1109 2967 1176 3011 non
1193 2956 1369 3011 ceterarum
1404 2971 1405 3014 l

149 3051 150 3054 ’
193 3069 328 3140 'rerum
359 3047 528 3127 indigere,
563 3047 596 3113 in
630 3059 748 3113 senatu
785 3047 910 3113 sentire
941 3046 1066 3127 libere,
1099 3048 1215 3130 populi
1250 3046 1370 3114 utilitati
1404 3017 1405 3084 l

215 3152 324 3233 magis
345 3151 523 3219 consulere
544 3172 646 3233 quam
669 3147 852 3224 voluntati,
874 3151 999 3217 nemini
1025 3151 1161 3228 cedere,
1193 3150 1308 3218 multis
1325 3152 1371 3217 ob

215 3257 347 3325 sistere.
389 3255 423 3321 Si
454 3253 521 3320 hoc
549 3265 646 3336 putas
675 3274 750 3321 esse
778 3254 928 3334 regium,
961 3275 1014 3320 me
1038 3276 1153 3335 regem
1179 3276 1256 3322 esse
1281 3252 1369 3322 eonfi·
1403 3303 1404 3328 ,

217 3372 308 3440 teor3
328 3359 379 3426 sin
403 3370 434 3425 te
456 3359 607 3440 potentia
628 3378 720 3433 mea,
747 3357 775 3424 si
801 3355 1003 3433 dominatio,
1035 3357 1225 3442 si'denique
1251 3352 1370 3442 aliquod
1402 3335 1405 3452 l

215 3462 343 3531 dictum
365 3484 528 3544 arrogans
546 3474 604 3530 alit
621 3462 803 3544 superbum
821 3473 953 3538 movet,
973 3464 1052 3545 quin
1070 3475 1105 3529 m
1125 3462 1156 3530 id
1174 3463 1290 3545 potius
1306 3483 1368 3545 pro

215 3550 284 3636 l'ers
312 3588 413 3652 quam
437 3569 529 3634 verbi
550 3565 708 3634 iuvidiam
730 3563 1038 3650 contumeliamque
1063 3564 1247 3633 maledicti.

280 3831 351 3895 525.
374 3847 402 3878 oc
418 3834 455 3887 si,
482 3829 578 3894 iudices]
603 3829 644 3878 stc
668 3830 698 3877 Ρ.
721 3830 820 3878 Ascens.
846 3829 921 3881 15³1.
945 3829 1040 3876 Manet.
1067 3829 1140 3877 1554.
1174 3830 1294 3893 Reliquae
1315 3841 1368 3875 mess

214 3924 271 3965 ante
289 3915 372 3964 Lamb.
390 3922 415 3964 ot
432 3921 468 3973 si,
486 3919 503 3964 ἰ.
518 3942 553 3956 -
570 3919 684 3962 cotenon
697 3914 796 3977 ponere]
815 3916 853 3963 Sic
871 3917 944 3964 etiam
956 3916 1029 3963 Pare.
1042 3932 1087 3961 non
1098 3921 1235 3975 aritepoaere
1247 3918 1334 3962 Manat.
1344 3935 1368 3950 -

213 4002 314 4063 regium]
331 4018 426 4062 regnum
443 4003 486 4061 lt,
511 4009 537 4048 ut
554 4003 638 4048 Onon.
657 4002 686 4050 C.
703 4009 728 4049 et
745 4002 837 4049 Gener.
855 4001 879 4047 iu
898 4017 973 4061 marg.
991 4026 1025 4039 -·
1042 4016 1119 4058 regem
1136 4002 1259 4064 eorfiteor]
1277 4000 1368 4060 confiteor
1401 4049 1402 4058 ,

212 4099 290 4146 regem
308 4085 337 4134 P.
1400 4087 1402 4184 ἱ

280 4326 355 4389 525.
379 4318 509 4386 Asculani]
538 4322 653 4370 Asculum
674 4322 761 4372 olvitur
778 4330 814 4371 est
834 4324 859 4370 in
876 4323 985 4382 Piceno,
1012 4328 1074 4373 unde
1094 4326 1169 4373 etism
1187 4325 1305 4388 principis
1322 4320 1366 4371 belli

212 4409 312 4457 socialis
335 4412 487 4455 exarserunt.
523 4406 612 4454 Senon.
1281 4419 1284 4424 ·
