<?xml version="1.0" encoding="UTF-8"?>
<!DOCTYPE html PUBLIC "-//W3C//DTD XHTML 1.0 Transitional//EN"
    "http://www.w3.org/TR/xhtml1/DTD/xhtml1-transitional.dtd">
<html xmlns="http://www.w3.org/1999/xhtml" xml:lang="en" lang="en">
 <head>
  <title>
</title>
<meta http-equiv="Content-Type" content="text/html;charset=utf-8" />
  <meta name='ocr-system' content='tesseract 3.04.00' />
  <meta name='ocr-capabilities' content='ocr_page ocr_carea ocr_par ocr_line ocrx_word'/>
</head>
<body>
  <div class='ocr_page' id='page_1' title='image "./mtulliiciceroni00orelgoog_0091.png"; bbox 0 0 2850 4759; ppageno 0'>
   <div class='ocr_carea' id='block_1_1' title="bbox 139 259 1237 373">
    <p class='ocr_par' dir='ltr' id='par_1_1' title="bbox 139 259 1237 373">
     <span class='ocr_line' id='line_1_1' title="bbox 139 259 1237 373; baseline 0.004 -23"><span class='ocrx_word' id='word_1_1' title='bbox 139 277 365 352; x_wconf 73' lang='lat' dir='ltr'>accuser.</span> <span class='ocrx_word' id='word_1_2' title='bbox 386 280 435 358; x_wconf 83' lang='grc' dir='ltr'>ιιι</span> <span class='ocrx_word' id='word_1_3' title='bbox 456 259 708 352; x_wconf 74' lang='grc' dir='ltr'>ο.’νιιιιιιιιιι</span> <span class='ocrx_word' id='word_1_4' title='bbox 729 282 813 352; x_wconf 81' lang='lat' dir='ltr'>nra.</span> <span class='ocrx_word' id='word_1_5' title='bbox 834 283 894 373; x_wconf 85' lang='lat' dir='ltr'>rr,</span> <span class='ocrx_word' id='word_1_6' title='bbox 916 304 949 353; x_wconf 76' lang='lat' dir='ltr'>e.</span> <span class='ocrx_word' id='word_1_7' title='bbox 970 287 1011 351; x_wconf 81' lang='lat' dir='ltr'>ss</span> <span class='ocrx_word' id='word_1_8' title='bbox 1025 297 1060 355; x_wconf 71' lang='lat' dir='ltr'>er</span> <span class='ocrx_word' id='word_1_9' title='bbox 1073 288 1125 353; x_wconf 80' lang='lat' dir='ltr'>aa.</span> <span class='ocrx_word' id='word_1_10' title='bbox 1195 289 1237 354; x_wconf 86' lang='lat' dir='ltr'>es</span> 
     </span>
    </p>
   </div>
   <div class='ocr_carea' id='block_1_2' title="bbox 13 438 1299 3874">
    <p class='ocr_par' dir='ltr' id='par_1_2' title="bbox 45 438 1299 1540">
     <span class='ocr_line' id='line_1_2' title="bbox 47 438 1242 529; baseline 0.006 -22"><span class='ocrx_word' id='word_1_11' title='bbox 47 441 167 517; x_wconf 88' lang='lat' dir='ltr'>ensis,</span> <span class='ocrx_word' id='word_1_12' title='bbox 202 438 295 523; x_wconf 89' lang='lat' dir='ltr'>quod</span> <span class='ocrx_word' id='word_1_13' title='bbox 318 442 369 510; x_wconf 88' lang='lat' dir='ltr'>M.</span> <span class='ocrx_word' id='word_1_14' title='bbox 392 438 581 508; x_wconf 78' lang='lat' dir='ltr'><strong>Marcellus</strong></span> <span class='ocrx_word' id='word_1_15' title='bbox 604 451 758 510; x_wconf 86' lang='lat' dir='ltr'>armatus</span> <span class='ocrx_word' id='word_1_16' title='bbox 780 453 815 508; x_wconf 90' lang='lat' dir='ltr'>et</span> <span class='ocrx_word' id='word_1_17' title='bbox 833 442 946 510; x_wconf 84' lang='lat' dir='ltr'>victor</span> <span class='ocrx_word' id='word_1_18' title='bbox 965 442 1114 523; x_wconf 83' lang='lat' dir='ltr'>viderat,</span> <span class='ocrx_word' id='word_1_19' title='bbox 1137 445 1242 529; x_wconf 82' lang='lat' dir='ltr'>&#39;quod</span> 
     </span>
     <span class='ocr_line' id='line_1_3' title="bbox 45 541 1242 627; baseline -0.002 -15"><span class='ocrx_word' id='word_1_20' title='bbox 45 542 212 623; x_wconf 74' lang='lat' dir='ltr'>religioni</span> <span class='ocrx_word' id='word_1_21' title='bbox 234 553 474 620; x_wconf 78' lang='lat' dir='ltr'>concesserat,</span> <span class='ocrx_word' id='word_1_22' title='bbox 509 541 600 624; x_wconf 89' lang='lat' dir='ltr'>quod</span> <span class='ocrx_word' id='word_1_23' title='bbox 627 545 722 610; x_wconf 86' lang='lat' dir='ltr'>cives</span> <span class='ocrx_word' id='word_1_24' title='bbox 746 555 849 625; x_wconf 86' lang='lat' dir='ltr'>atque</span> <span class='ocrx_word' id='word_1_25' title='bbox 874 542 1008 612; x_wconf 75' lang='lat' dir='ltr'>incolae</span> <span class='ocrx_word' id='word_1_26' title='bbox 1034 546 1242 627; x_wconf 75' lang='lat' dir='ltr'>Syracusani</span> 
     </span>
     <span class='ocr_line' id='line_1_4' title="bbox 47 641 1239 729; baseline 0.003 -18"><span class='ocrx_word' id='word_1_27' title='bbox 47 642 187 714; x_wconf 84' lang='lat' dir='ltr'>colere,</span> <span class='ocrx_word' id='word_1_28' title='bbox 224 643 377 709; x_wconf 80' lang='lat' dir='ltr'>advenae</span> <span class='ocrx_word' id='word_1_29' title='bbox 405 665 475 710; x_wconf 90' lang='lat' dir='ltr'>non</span> <span class='ocrx_word' id='word_1_30' title='bbox 502 641 613 710; x_wconf 87' lang='lat' dir='ltr'>solunr</span> <span class='ocrx_word' id='word_1_31' title='bbox 637 644 767 729; x_wconf 87' lang='lat' dir='ltr'>risere,</span> <span class='ocrx_word' id='word_1_32' title='bbox 801 666 922 712; x_wconf 88' lang='lat' dir='ltr'>verum</span> <span class='ocrx_word' id='word_1_33' title='bbox 952 647 1055 713; x_wconf 89' lang='lat' dir='ltr'>etiam</span> <span class='ocrx_word' id='word_1_34' title='bbox 1083 648 1239 715; x_wconf 86' lang='lat' dir='ltr'>venerari</span> 
     </span>
     <span class='ocr_line' id='line_1_5' title="bbox 47 744 1299 830; baseline -0.001 -15"><span class='ocrx_word' id='word_1_35' title='bbox 47 745 227 822; x_wconf 83' lang='lat' dir='ltr'>solebant,</span> <span class='ocrx_word' id='word_1_36' title='bbox 247 745 281 812; x_wconf 90' lang='lat' dir='ltr'>id</span> <span class='ocrx_word' id='word_1_37' title='bbox 309 744 431 816; x_wconf 82' lang='lat' dir='ltr'>Verres</span> <span class='ocrx_word' id='word_1_38' title='bbox 450 765 494 812; x_wconf 84' lang='lat' dir='ltr'>ex</span> <span class='ocrx_word' id='word_1_39' title='bbox 520 745 646 827; x_wconf 88' lang='lat' dir='ltr'>templo</span> <span class='ocrx_word' id='word_1_40' title='bbox 669 744 761 813; x_wconf 88' lang='lat' dir='ltr'>lovis</span> <span class='ocrx_word' id='word_1_41' title='bbox 782 746 931 817; x_wconf 79' lang='lat' dir='ltr'>sustulit.</span> <span class='ocrx_word' id='word_1_42' title='bbox 971 747 1018 824; x_wconf 92' lang='lat' dir='ltr'>Ut</span> <span class='ocrx_word' id='word_1_43' title='bbox 1035 750 1169 830; x_wconf 87' lang='lat' dir='ltr'>saepius</span> <span class='ocrx_word' id='word_1_44' title='bbox 1188 749 1299 817; x_wconf 70' lang='lat' dir='ltr'>adlil</span> 
     </span>
     <span class='ocr_line' id='line_1_6' title="bbox 49 845 1237 934; baseline 0.003 -20"><span class='ocrx_word' id='word_1_45' title='bbox 49 845 259 914; x_wconf 86' lang='lat' dir='ltr'>Marcellum</span> <span class='ocrx_word' id='word_1_46' title='bbox 292 858 467 925; x_wconf 88' lang='lat' dir='ltr'>revertar,</span> <span class='ocrx_word' id='word_1_47' title='bbox 499 847 648 924; x_wconf 86' lang='lat' dir='ltr'>indices,</span> <span class='ocrx_word' id='word_1_48' title='bbox 682 848 734 913; x_wconf 91' lang='lat' dir='ltr'>sic</span> <span class='ocrx_word' id='word_1_49' title='bbox 762 846 937 915; x_wconf 88' lang='lat' dir='ltr'>habetote:</span> <span class='ocrx_word' id='word_1_50' title='bbox 967 847 1082 930; x_wconf 85' lang='lat' dir='ltr'>piures</span> <span class='ocrx_word' id='word_1_51' title='bbox 1113 870 1237 934; x_wconf 69' lang='lat' dir='ltr'>esses</span> 
     </span>
     <span class='ocr_line' id='line_1_7' title="bbox 53 947 1237 1034; baseline 0.003 -18"><span class='ocrx_word' id='word_1_52' title='bbox 53 950 278 1029; x_wconf 86' lang='lat' dir='ltr'>Syracusanis</span> <span class='ocrx_word' id='word_1_53' title='bbox 294 949 395 1015; x_wconf 89' lang='lat' dir='ltr'>istius</span> <span class='ocrx_word' id='word_1_54' title='bbox 414 947 562 1015; x_wconf 83' lang='lat' dir='ltr'>adventu</span> <span class='ocrx_word' id='word_1_55' title='bbox 581 949 685 1034; x_wconf 88' lang='lat' dir='ltr'>deos,</span> <span class='ocrx_word' id='word_1_56' title='bbox 716 959 817 1031; x_wconf 86' lang='lat' dir='ltr'>quam</span> <span class='ocrx_word' id='word_1_57' title='bbox 838 949 981 1016; x_wconf 86' lang='lat' dir='ltr'>victoria</span> <span class='ocrx_word' id='word_1_58' title='bbox 998 948 1155 1017; x_wconf 79' lang='lat' dir='ltr'>Marcelli</span> <span class='ocrx_word' id='word_1_59' title='bbox 1175 952 1237 1020; x_wconf 87' lang='lat' dir='ltr'>ho·</span> 
     </span>
     <span class='ocr_line' id='line_1_8' title="bbox 52 1046 1238 1133; baseline 0.003 -17"><span class='ocrx_word' id='word_1_60' title='bbox 52 1051 164 1116; x_wconf 84' lang='lat' dir='ltr'>mines</span> <span class='ocrx_word' id='word_1_61' title='bbox 178 1046 403 1118; x_wconf 87' lang='lat' dir='ltr'>desideratos.</span> <span class='ocrx_word' id='word_1_62' title='bbox 445 1050 581 1120; x_wconf 84' lang='lat' dir='ltr'>Etenim</span> <span class='ocrx_word' id='word_1_63' title='bbox 596 1050 653 1117; x_wconf 89' lang='lat' dir='ltr'>ilie</span> <span class='ocrx_word' id='word_1_64' title='bbox 668 1052 850 1133; x_wconf 88' lang='lat' dir='ltr'>requisisse</span> <span class='ocrx_word' id='word_1_65' title='bbox 865 1051 965 1118; x_wconf 86' lang='lat' dir='ltr'>etiarn</span> <span class='ocrx_word' id='word_1_66' title='bbox 982 1049 1106 1117; x_wconf 84' lang='lat' dir='ltr'>dieitur</span> <span class='ocrx_word' id='word_1_67' title='bbox 1119 1053 1238 1120; x_wconf 79' lang='lat' dir='ltr'>Archi·</span> 
     </span>
     <span class='ocr_line' id='line_1_9' title="bbox 48 1149 1235 1236; baseline 0.003 -18"><span class='ocrx_word' id='word_1_68' title='bbox 48 1150 188 1219; x_wconf 85' lang='lat' dir='ltr'>medem</span> <span class='ocrx_word' id='word_1_69' title='bbox 215 1150 327 1230; x_wconf 88' lang='lat' dir='ltr'>iilum,</span> <span class='ocrx_word' id='word_1_70' title='bbox 348 1174 484 1220; x_wconf 87' lang='lat' dir='ltr'>summo</span> <span class='ocrx_word' id='word_1_71' title='bbox 506 1153 640 1232; x_wconf 78' lang='lat' dir='ltr'>ingenio</span> <span class='ocrx_word' id='word_1_72' title='bbox 663 1149 836 1221; x_wconf 87' lang='lat' dir='ltr'>hominem</span> <span class='ocrx_word' id='word_1_73' title='bbox 860 1173 901 1219; x_wconf 90' lang='lat' dir='ltr'>ae</span> <span class='ocrx_word' id='word_1_74' title='bbox 920 1149 1112 1234; x_wconf 83' lang='lat' dir='ltr'>disciplina,</span> <span class='ocrx_word' id='word_1_75' title='bbox 1133 1173 1235 1236; x_wconf 78' lang='lat' dir='ltr'>quem</span> 
     </span>
     <span class='ocr_line' id='line_1_10' title="bbox 48 1251 1235 1359; baseline -0.003 -38"><span class='ocrx_word' id='word_1_76' title='bbox 48 1275 129 1324; x_wconf 87' lang='lat' dir='ltr'>cum</span> <span class='ocrx_word' id='word_1_77' title='bbox 154 1251 305 1359; x_wconf 69' lang='lat' dir='ltr'>audisset</span> <span class='ocrx_word' id='word_1_78' title='bbox 331 1253 568 1333; x_wconf 89' lang='lat' dir='ltr'>interfectum,</span> <span class='ocrx_word' id='word_1_79' title='bbox 605 1258 811 1336; x_wconf 80' lang='lat' dir='ltr'>permoleste</span> <span class='ocrx_word' id='word_1_80' title='bbox 844 1252 977 1322; x_wconf 89' lang='lat' dir='ltr'>tulisse:</span> <span class='ocrx_word' id='word_1_81' title='bbox 1011 1254 1076 1321; x_wconf 89' lang='lat' dir='ltr'>iste</span> <span class='ocrx_word' id='word_1_82' title='bbox 1100 1255 1235 1334; x_wconf 84' lang='lat' dir='ltr'>omnia,</span> 
     </span>
     <span class='ocr_line' id='line_1_11' title="bbox 50 1353 1234 1439; baseline 0.002 -17"><span class='ocrx_word' id='word_1_83' title='bbox 50 1376 137 1439; x_wconf 76' lang='lat' dir='ltr'>quae</span> <span class='ocrx_word' id='word_1_84' title='bbox 162 1353 358 1438; x_wconf 80' lang='lat' dir='ltr'>requisivit,</span> <span class='ocrx_word' id='word_1_85' title='bbox 389 1377 457 1423; x_wconf 91' lang='lat' dir='ltr'>nnn</span> <span class='ocrx_word' id='word_1_86' title='bbox 481 1366 520 1425; x_wconf 90' lang='grc' dir='ltr'>ιιι</span> <span class='ocrx_word' id='word_1_87' title='bbox 545 1367 784 1435; x_wconf 85' lang='lat' dir='ltr'>conservaret,</span> <span class='ocrx_word' id='word_1_88' title='bbox 813 1376 936 1424; x_wconf 87' lang='lat' dir='ltr'>verum</span> <span class='ocrx_word' id='word_1_89' title='bbox 960 1366 999 1423; x_wconf 90' lang='grc' dir='ltr'>ιιι</span> <span class='ocrx_word' id='word_1_90' title='bbox 1022 1367 1234 1438; x_wconf 82' lang='lat' dir='ltr'>asportaret,</span> 
     </span>
     <span class='ocr_line' id='line_1_12' title="bbox 48 1458 545 1540; baseline -0.006 -15"><span class='ocrx_word' id='word_1_91' title='bbox 48 1458 239 1540; x_wconf 80' lang='lat' dir='ltr'>requisivit.</span> <span class='ocrx_word' id='word_1_92' title='bbox 540 1518 545 1522; x_wconf 83' lang='lat'>.</span> 
     </span>
    </p>

    <p class='ocr_par' dir='ltr' id='par_1_3' title="bbox 46 1557 1292 2456">
     <span class='ocr_line' id='line_1_13' title="bbox 124 1557 1230 1643; baseline 0 -17"><span class='ocrx_word' id='word_1_93' title='bbox 124 1559 221 1627; x_wconf 77' lang='grc' dir='ltr'>ΗΧ.</span> <span class='ocrx_word' id='word_1_94' title='bbox 265 1559 334 1626; x_wconf 88' lang='lat' dir='ltr'>larn</span> <span class='ocrx_word' id='word_1_95' title='bbox 357 1557 424 1640; x_wconf 88' lang='lat' dir='ltr'>iila,</span> <span class='ocrx_word' id='word_1_96' title='bbox 445 1581 529 1643; x_wconf 84' lang='lat' dir='ltr'>qaae</span> <span class='ocrx_word' id='word_1_97' title='bbox 544 1559 674 1627; x_wconf 87' lang='lat' dir='ltr'>leviora</span> <span class='ocrx_word' id='word_1_98' title='bbox 688 1557 906 1637; x_wconf 87' lang='lat' dir='ltr'>videbuntur,</span> <span class='ocrx_word' id='word_1_99' title='bbox 925 1559 1003 1629; x_wconf 88' lang='lat' dir='ltr'>ideo</span> <span class='ocrx_word' id='word_1_100' title='bbox 1014 1561 1230 1643; x_wconf 83' lang='lat' dir='ltr'>praeteribo:</span> 
     </span>
     <span class='ocr_line' id='line_1_14' title="bbox 49 1659 1233 1748; baseline 0 -20"><span class='ocrx_word' id='word_1_101' title='bbox 49 1661 141 1746; x_wconf 87' lang='lat' dir='ltr'>quod</span> <span class='ocrx_word' id='word_1_102' title='bbox 168 1682 305 1732; x_wconf 84' lang='lat' dir='ltr'>mensas</span> <span class='ocrx_word' id='word_1_103' title='bbox 336 1660 513 1743; x_wconf 88' lang='lat' dir='ltr'>Delphicas</span> <span class='ocrx_word' id='word_1_104' title='bbox 542 1682 774 1746; x_wconf 76' lang='lat' dir='ltr'>ernarmcre,</span> <span class='ocrx_word' id='word_1_105' title='bbox 809 1673 961 1748; x_wconf 81' lang='lat' dir='ltr'>crateras</span> <span class='ocrx_word' id='word_1_106' title='bbox 977 1682 1032 1728; x_wconf 85' lang='lat' dir='ltr'>-ex</span> <span class='ocrx_word' id='word_1_107' title='bbox 1056 1682 1134 1728; x_wconf 89' lang='lat' dir='ltr'>aere</span> <span class='ocrx_word' id='word_1_108' title='bbox 1157 1659 1233 1744; x_wconf 83' lang='lat' dir='ltr'>pul·</span> 
     </span>
     <span class='ocr_line' id='line_1_15' title="bbox 48 1763 1233 1840; baseline -0.001 -11"><span class='ocrx_word' id='word_1_109' title='bbox 48 1763 260 1840; x_wconf 85' lang='lat' dir='ltr'>elrerrirnas,</span> <span class='ocrx_word' id='word_1_110' title='bbox 287 1765 355 1830; x_wconf 84' lang='lat' dir='ltr'>virn</span> <span class='ocrx_word' id='word_1_111' title='bbox 379 1765 565 1834; x_wconf 80' lang='lat' dir='ltr'>inaxirnam</span> <span class='ocrx_word' id='word_1_112' title='bbox 588 1784 751 1836; x_wconf 86' lang='lat' dir='ltr'>rasorum</span> <span class='ocrx_word' id='word_1_113' title='bbox 778 1763 1033 1836; x_wconf 83' lang='lat' dir='ltr'>Corinthiorum</span> <span class='ocrx_word' id='word_1_114' title='bbox 1056 1763 1233 1830; x_wconf 81' lang='lat' dir='ltr'>exomni·</span> 
     </span>
     <span class='ocr_line' id='line_1_16' title="bbox 47 1863 1292 1951; baseline 0.001 -25"><span class='ocrx_word' id='word_1_115' title='bbox 47 1868 108 1930; x_wconf 82' lang='lat' dir='ltr'>hus</span> <span class='ocrx_word' id='word_1_116' title='bbox 134 1865 276 1931; x_wconf 88' lang='lat' dir='ltr'>aedibus</span> <span class='ocrx_word' id='word_1_117' title='bbox 304 1867 410 1934; x_wconf 84' lang='lat' dir='ltr'>sacris</span> <span class='ocrx_word' id='word_1_118' title='bbox 435 1863 575 1932; x_wconf 75' lang='lat' dir='ltr'>abstulit</span> <span class='ocrx_word' id='word_1_119' title='bbox 600 1864 793 1949; x_wconf 77' lang='lat' dir='ltr'>Syracusis.</span> <span class='ocrx_word' id='word_1_120' title='bbox 834 1868 970 1948; x_wconf 76' lang='lat' dir='ltr'>ltaque,</span> <span class='ocrx_word' id='word_1_121' title='bbox 1004 1863 1153 1951; x_wconf 89' lang='lat' dir='ltr'>iudices,</span> <span class='ocrx_word' id='word_1_122' title='bbox 1184 1864 1292 1945; x_wconf 58' lang='lat' dir='ltr'>tinae</span> 
     </span>
     <span class='ocr_line' id='line_1_17' title="bbox 48 1964 1233 2056; baseline 0.004 -26"><span class='ocrx_word' id='word_1_123' title='bbox 48 1966 101 2056; x_wconf 70' lang='lat' dir='ltr'>qui</span> <span class='ocrx_word' id='word_1_124' title='bbox 119 1964 274 2046; x_wconf 85' lang='lat' dir='ltr'>hospites</span> <span class='ocrx_word' id='word_1_125' title='bbox 290 1964 333 2032; x_wconf 90' lang='lat' dir='ltr'>ad</span> <span class='ocrx_word' id='word_1_126' title='bbox 349 1986 403 2046; x_wconf 88' lang='lat' dir='ltr'>ea,</span> <span class='ocrx_word' id='word_1_127' title='bbox 424 1986 511 2049; x_wconf 86' lang='lat' dir='ltr'>quae</span> <span class='ocrx_word' id='word_1_128' title='bbox 525 1965 664 2036; x_wconf 87' lang='lat' dir='ltr'>visenda</span> <span class='ocrx_word' id='word_1_129' title='bbox 678 1978 773 2043; x_wconf 87' lang='lat' dir='ltr'>sunt,</span> <span class='ocrx_word' id='word_1_130' title='bbox 794 1964 908 2039; x_wconf 80' lang='lat' dir='ltr'>solent</span> <span class='ocrx_word' id='word_1_131' title='bbox 921 1966 1048 2034; x_wconf 86' lang='lat' dir='ltr'>ducere</span> <span class='ocrx_word' id='word_1_132' title='bbox 1063 1978 1098 2034; x_wconf 88' lang='lat' dir='ltr'>et</span> <span class='ocrx_word' id='word_1_133' title='bbox 1109 1988 1233 2035; x_wconf 87' lang='lat' dir='ltr'>unum·</span> 
     </span>
     <span class='ocr_line' id='line_1_18' title="bbox 46 2063 1231 2149; baseline 0.003 -16"><span class='ocrx_word' id='word_1_134' title='bbox 46 2065 192 2148; x_wconf 78' lang='lat' dir='ltr'>quidque</span> <span class='ocrx_word' id='word_1_135' title='bbox 208 2063 409 2145; x_wconf 86' lang='lat' dir='ltr'>ostendere,</span> <span class='ocrx_word' id='word_1_136' title='bbox 431 2087 515 2149; x_wconf 84' lang='lat' dir='ltr'>qrros</span> <span class='ocrx_word' id='word_1_137' title='bbox 542 2065 589 2133; x_wconf 91' lang='lat' dir='ltr'>iili</span> <span class='ocrx_word' id='word_1_138' title='bbox 611 2080 835 2148; x_wconf 76' lang='lat' dir='ltr'>mystagogus</span> <span class='ocrx_word' id='word_1_139' title='bbox 860 2079 1006 2144; x_wconf 29' lang='lat' dir='ltr'>vescant,</span> <span class='ocrx_word' id='word_1_140' title='bbox 1027 2087 1231 2136; x_wconf 88' lang='lat' dir='ltr'>conversam</span> 
     </span>
     <span class='ocr_line' id='line_1_19' title="bbox 46 2167 1232 2245; baseline 0.003 -12"><span class='ocrx_word' id='word_1_141' title='bbox 46 2168 111 2235; x_wconf 90' lang='lat' dir='ltr'>iam</span> <span class='ocrx_word' id='word_1_142' title='bbox 138 2167 264 2236; x_wconf 90' lang='lat' dir='ltr'>habent</span> <span class='ocrx_word' id='word_1_143' title='bbox 288 2167 616 2236; x_wconf 83' lang='lat' dir='ltr'>demonstrationem</span> <span class='ocrx_word' id='word_1_144' title='bbox 638 2190 746 2237; x_wconf 88' lang='lat' dir='ltr'>suam.</span> <span class='ocrx_word' id='word_1_145' title='bbox 788 2168 896 2245; x_wconf 87' lang='lat' dir='ltr'>Nam,</span> <span class='ocrx_word' id='word_1_146' title='bbox 923 2180 962 2233; x_wconf 89' lang='lat' dir='ltr'>ut</span> <span class='ocrx_word' id='word_1_147' title='bbox 985 2179 1071 2234; x_wconf 87' lang='lat' dir='ltr'>ante</span> <span class='ocrx_word' id='word_1_148' title='bbox 1089 2168 1232 2236; x_wconf 88' lang='lat' dir='ltr'>demon·</span> 
     </span>
     <span class='ocr_line' id='line_1_20' title="bbox 50 2268 1231 2364; baseline 0.001 -29"><span class='ocrx_word' id='word_1_149' title='bbox 50 2271 218 2347; x_wconf 87' lang='lat' dir='ltr'>strabant,</span> <span class='ocrx_word' id='word_1_150' title='bbox 247 2269 326 2352; x_wconf 89' lang='lat' dir='ltr'>quid</span> <span class='ocrx_word' id='word_1_151' title='bbox 344 2271 468 2353; x_wconf 82' lang='lat' dir='ltr'>ubique</span> <span class='ocrx_word' id='word_1_152' title='bbox 489 2283 599 2348; x_wconf 87' lang='lat' dir='ltr'>esset,</span> <span class='ocrx_word' id='word_1_153' title='bbox 630 2270 711 2342; x_wconf 75' lang='lat' dir='ltr'>item</span> <span class='ocrx_word' id='word_1_154' title='bbox 732 2289 841 2346; x_wconf 76' lang='lat' dir='ltr'>nunc,</span> <span class='ocrx_word' id='word_1_155' title='bbox 872 2269 953 2364; x_wconf 82' lang='lat' dir='ltr'>quid</span> <span class='ocrx_word' id='word_1_156' title='bbox 972 2268 1231 2358; x_wconf 76' lang='lat' dir='ltr'>undiqueabla·</span> 
     </span>
     <span class='ocr_line' id='line_1_21' title="bbox 51 2369 428 2456; baseline 0.003 -20"><span class='ocrx_word' id='word_1_157' title='bbox 51 2382 123 2440; x_wconf 83' lang='lat' dir='ltr'>turn</span> <span class='ocrx_word' id='word_1_158' title='bbox 147 2372 206 2456; x_wconf 81' lang='lat' dir='ltr'>sit,</span> <span class='ocrx_word' id='word_1_159' title='bbox 229 2369 428 2439; x_wconf 82' lang='lat' dir='ltr'>ostendunt,</span> 
     </span>
    </p>

    <p class='ocr_par' dir='ltr' id='par_1_4' title="bbox 45 2471 1284 3771">
     <span class='ocr_line' id='line_1_22' title="bbox 126 2471 1230 2562; baseline 0.003 -26"><span class='ocrx_word' id='word_1_160' title='bbox 126 2472 215 2562; x_wconf 82' lang='lat' dir='ltr'>Quid</span> <span class='ocrx_word' id='word_1_161' title='bbox 241 2472 341 2546; x_wconf 72' lang='lat' dir='ltr'>tum?</span> <span class='ocrx_word' id='word_1_162' title='bbox 362 2472 573 2540; x_wconf 84' lang='lat' dir='ltr'>mediocrine</span> <span class='ocrx_word' id='word_1_163' title='bbox 597 2471 734 2539; x_wconf 88' lang='lat' dir='ltr'>tandem</span> <span class='ocrx_word' id='word_1_164' title='bbox 759 2471 878 2541; x_wconf 91' lang='lat' dir='ltr'>dolore</span> <span class='ocrx_word' id='word_1_165' title='bbox 901 2492 962 2541; x_wconf 86' lang='lat' dir='ltr'>eos</span> <span class='ocrx_word' id='word_1_166' title='bbox 987 2474 1131 2548; x_wconf 77' lang='lat' dir='ltr'>affectos</span> <span class='ocrx_word' id='word_1_167' title='bbox 1153 2491 1230 2541; x_wconf 86' lang='lat' dir='ltr'>esse</span> 
     </span>
     <span class='ocr_line' id='line_1_23' title="bbox 47 2572 1230 2660; baseline 0.003 -21"><span class='ocrx_word' id='word_1_168' title='bbox 47 2574 290 2645; x_wconf 74' lang='lat' dir='ltr'>arbitramini⁰.²</span> <span class='ocrx_word' id='word_1_169' title='bbox 325 2574 404 2643; x_wconf 88' lang='lat' dir='ltr'>Non</span> <span class='ocrx_word' id='word_1_170' title='bbox 428 2575 475 2639; x_wconf 89' lang='lat' dir='ltr'>ita</span> <span class='ocrx_word' id='word_1_171' title='bbox 506 2586 575 2650; x_wconf 87' lang='lat' dir='ltr'>est,</span> <span class='ocrx_word' id='word_1_172' title='bbox 609 2572 754 2641; x_wconf 88' lang='lat' dir='ltr'>iudices:</span> <span class='ocrx_word' id='word_1_173' title='bbox 790 2577 955 2660; x_wconf 87' lang='lat' dir='ltr'>primum,</span> <span class='ocrx_word' id='word_1_174' title='bbox 989 2572 1082 2657; x_wconf 85' lang='lat' dir='ltr'>qnod</span> <span class='ocrx_word' id='word_1_175' title='bbox 1109 2593 1230 2642; x_wconf 87' lang='lat' dir='ltr'>omnes</span> 
     </span>
     <span class='ocr_line' id='line_1_24' title="bbox 47 2673 1230 2759; baseline 0.001 -19"><span class='ocrx_word' id='word_1_176' title='bbox 47 2675 210 2757; x_wconf 81' lang='lat' dir='ltr'>reiigione</span> <span class='ocrx_word' id='word_1_177' title='bbox 230 2687 414 2748; x_wconf 85' lang='lat' dir='ltr'>moventur</span> <span class='ocrx_word' id='word_1_178' title='bbox 435 2687 470 2742; x_wconf 90' lang='lat' dir='ltr'>et</span> <span class='ocrx_word' id='word_1_179' title='bbox 487 2673 570 2741; x_wconf 88' lang='lat' dir='ltr'>deos</span> <span class='ocrx_word' id='word_1_180' title='bbox 589 2675 741 2758; x_wconf 88' lang='lat' dir='ltr'>patrios,</span> <span class='ocrx_word' id='word_1_181' title='bbox 773 2697 860 2759; x_wconf 89' lang='lat' dir='ltr'>quos</span> <span class='ocrx_word' id='word_1_182' title='bbox 882 2698 901 2744; x_wconf 91' lang='lat' dir='ltr'>a</span> <span class='ocrx_word' id='word_1_183' title='bbox 927 2676 1111 2746; x_wconf 87' lang='lat' dir='ltr'>maioribus</span> <span class='ocrx_word' id='word_1_184' title='bbox 1130 2696 1230 2741; x_wconf 89' lang='lat' dir='ltr'>acoe-</span> 
     </span>
     <span class='ocr_line' id='line_1_25' title="bbox 45 2776 1284 2858; baseline -0.001 -15"><span class='ocrx_word' id='word_1_185' title='bbox 45 2791 187 2858; x_wconf 87' lang='lat' dir='ltr'>pernut,</span> <span class='ocrx_word' id='word_1_186' title='bbox 210 2776 373 2847; x_wconf 89' lang='lat' dir='ltr'>colendos</span> <span class='ocrx_word' id='word_1_187' title='bbox 398 2778 462 2845; x_wconf 90' lang='lat' dir='ltr'>sibi</span> <span class='ocrx_word' id='word_1_188' title='bbox 485 2777 664 2857; x_wconf 80' lang='lat' dir='ltr'>diligenter</span> <span class='ocrx_word' id='word_1_189' title='bbox 688 2789 723 2848; x_wconf 87' lang='lat' dir='ltr'>et</span> <span class='ocrx_word' id='word_1_190' title='bbox 749 2776 945 2846; x_wconf 86' lang='lat' dir='ltr'>retinendos</span> <span class='ocrx_word' id='word_1_191' title='bbox 966 2797 1041 2847; x_wconf 89' lang='lat' dir='ltr'>esse</span> <span class='ocrx_word' id='word_1_192' title='bbox 1061 2777 1230 2843; x_wconf 88' lang='lat' dir='ltr'>arbitran-</span> <span class='ocrx_word' id='word_1_193' title='bbox 1278 2783 1284 2792; x_wconf 90' lang='lat'><em>&#39;</em></span> 
     </span>
     <span class='ocr_line' id='line_1_26' title="bbox 48 2877 1231 2970; baseline -0.003 -27"><span class='ocrx_word' id='word_1_194' title='bbox 48 2892 119 2946; x_wconf 88' lang='lat' dir='ltr'>tur:</span> <span class='ocrx_word' id='word_1_195' title='bbox 154 2880 278 2947; x_wconf 87' lang='lat' dir='ltr'>deinde</span> <span class='ocrx_word' id='word_1_196' title='bbox 302 2880 356 2946; x_wconf 91' lang='lat' dir='ltr'>hio</span> <span class='ocrx_word' id='word_1_197' title='bbox 377 2892 539 2965; x_wconf 88' lang='lat' dir='ltr'>ornatus,</span> <span class='ocrx_word' id='word_1_198' title='bbox 569 2877 655 2944; x_wconf 89' lang='lat' dir='ltr'>haec</span> <span class='ocrx_word' id='word_1_199' title='bbox 676 2899 782 2960; x_wconf 88' lang='lat' dir='ltr'>opera</span> <span class='ocrx_word' id='word_1_200' title='bbox 801 2891 903 2966; x_wconf 89' lang='lat' dir='ltr'>atque</span> <span class='ocrx_word' id='word_1_201' title='bbox 923 2878 1084 2954; x_wconf 83' lang='lat' dir='ltr'>artificia,</span> <span class='ocrx_word' id='word_1_202' title='bbox 1117 2879 1231 2970; x_wconf 66' lang='lat' dir='ltr'>signa9</span> 
     </span>
     <span class='ocr_line' id='line_1_27' title="bbox 46 2976 1229 3064; baseline -0.007 -18"><span class='ocrx_word' id='word_1_203' title='bbox 46 2981 179 3063; x_wconf 84' lang='lat' dir='ltr'>tabulae</span> <span class='ocrx_word' id='word_1_204' title='bbox 195 2983 325 3064; x_wconf 85' lang='lat' dir='ltr'>pictae,</span> <span class='ocrx_word' id='word_1_205' title='bbox 342 2982 495 3047; x_wconf 87' lang='lat' dir='ltr'>Graecos</span> <span class='ocrx_word' id='word_1_206' title='bbox 507 2981 659 3047; x_wconf 84' lang='lat' dir='ltr'>homines</span> <span class='ocrx_word' id='word_1_207' title='bbox 672 2980 778 3046; x_wconf 91' lang='lat' dir='ltr'>nimio</span> <span class='ocrx_word' id='word_1_208' title='bbox 792 3000 895 3064; x_wconf 88' lang='lat' dir='ltr'>opere</span> <span class='ocrx_word' id='word_1_209' title='bbox 906 2978 1087 3045; x_wconf 88' lang='lat' dir='ltr'>delectant.</span> <span class='ocrx_word' id='word_1_210' title='bbox 1110 2976 1229 3055; x_wconf 83' lang='lat' dir='ltr'>ltaque</span> 
     </span>
     <span class='ocr_line' id='line_1_28' title="bbox 49 3074 1272 3168; baseline -0.007 -20"><span class='ocrx_word' id='word_1_211' title='bbox 49 3106 91 3148; x_wconf 82' lang='lat' dir='ltr'>ex</span> <span class='ocrx_word' id='word_1_212' title='bbox 114 3083 250 3150; x_wconf 89' lang='lat' dir='ltr'>iliorum</span> <span class='ocrx_word' id='word_1_213' title='bbox 271 3083 492 3166; x_wconf 90' lang='lat' dir='ltr'>qnernnoniis</span> <span class='ocrx_word' id='word_1_214' title='bbox 509 3080 698 3161; x_wconf 81' lang='lat' dir='ltr'>intelligere</span> <span class='ocrx_word' id='word_1_215' title='bbox 717 3095 919 3162; x_wconf 87' lang='lat' dir='ltr'>possumus,</span> <span class='ocrx_word' id='word_1_216' title='bbox 939 3077 1025 3143; x_wconf 86' lang='lat' dir='ltr'>haee</span> <span class='ocrx_word' id='word_1_217' title='bbox 1043 3074 1119 3168; x_wconf 49' lang='lat' dir='ltr'>iilis,</span> <span class='ocrx_word' id='word_1_218' title='bbox 1132 3095 1230 3141; x_wconf 70' lang='lat' dir='ltr'>acer.</span> <span class='ocrx_word' id='word_1_219' title='bbox 1264 3119 1272 3130; x_wconf 44' lang='grc' dir='ltr'>ι</span> 
     </span>
     <span class='ocr_line' id='line_1_29' title="bbox 48 3174 1230 3266; baseline -0.004 -18"><span class='ocrx_word' id='word_1_220' title='bbox 48 3184 183 3251; x_wconf 84' lang='lat' dir='ltr'>bissirna</span> <span class='ocrx_word' id='word_1_221' title='bbox 211 3184 337 3262; x_wconf 87' lang='lat' dir='ltr'>videri,</span> <span class='ocrx_word' id='word_1_222' title='bbox 373 3204 458 3266; x_wconf 87' lang='lat' dir='ltr'>qnae</span> <span class='ocrx_word' id='word_1_223' title='bbox 490 3183 636 3249; x_wconf 83' lang='lat' dir='ltr'>forsitan</span> <span class='ocrx_word' id='word_1_224' title='bbox 668 3183 766 3250; x_wconf 85' lang='lat' dir='ltr'>nobis</span> <span class='ocrx_word' id='word_1_225' title='bbox 799 3180 888 3247; x_wconf 87' lang='lat' dir='ltr'>levia</span> <span class='ocrx_word' id='word_1_226' title='bbox 914 3192 948 3246; x_wconf 93' lang='lat' dir='ltr'>et</span> <span class='ocrx_word' id='word_1_227' title='bbox 979 3174 1230 3245; x_wconf 88' lang='lat' dir='ltr'>contemnenda</span> 
     </span>
     <span class='ocr_line' id='line_1_30' title="bbox 50 3280 1228 3369; baseline -0.004 -19"><span class='ocrx_word' id='word_1_228' title='bbox 50 3306 121 3353; x_wconf 90' lang='lat' dir='ltr'>esse</span> <span class='ocrx_word' id='word_1_229' title='bbox 140 3286 334 3352; x_wconf 86' lang='lat' dir='ltr'>videantur.</span> <span class='ocrx_word' id='word_1_230' title='bbox 375 3284 461 3354; x_wconf 70' lang='lat' dir='ltr'>Milli</span> <span class='ocrx_word' id='word_1_231' title='bbox 481 3283 796 3369; x_wconf 53' lang='lat' dir='ltr'>creditejiudiees,</span> <span class='ocrx_word' id='word_1_232' title='bbox 818 3282 975 3362; x_wconf 86' lang='lat' dir='ltr'>(tametsi</span> <span class='ocrx_word' id='word_1_233' title='bbox 990 3280 1228 3360; x_wconf 86' lang='lat' dir='ltr'>vosmetipsos</span> 
     </span>
     <span class='ocr_line' id='line_1_31' title="bbox 48 3380 1226 3468; baseline -0.008 -17"><span class='ocrx_word' id='word_1_234' title='bbox 48 3385 132 3454; x_wconf 90' lang='lat' dir='ltr'>haee</span> <span class='ocrx_word' id='word_1_235' title='bbox 155 3387 273 3454; x_wconf 87' lang='lat' dir='ltr'>eadem</span> <span class='ocrx_word' id='word_1_236' title='bbox 301 3386 420 3452; x_wconf 87' lang='lat' dir='ltr'>andire</span> <span class='ocrx_word' id='word_1_237' title='bbox 440 3398 534 3468; x_wconf 89' lang='lat' dir='ltr'>certo</span> <span class='ocrx_word' id='word_1_238' title='bbox 560 3385 672 3463; x_wconf 90' lang='lat' dir='ltr'>scio,)</span> <span class='ocrx_word' id='word_1_239' title='bbox 695 3406 772 3451; x_wconf 89' lang='lat' dir='ltr'>eum</span> <span class='ocrx_word' id='word_1_240' title='bbox 799 3383 923 3450; x_wconf 89' lang='lat' dir='ltr'>multas</span> <span class='ocrx_word' id='word_1_241' title='bbox 948 3380 1143 3462; x_wconf 83' lang='lat' dir='ltr'>acceperint</span> <span class='ocrx_word' id='word_1_242' title='bbox 1165 3398 1226 3460; x_wconf 90' lang='lat' dir='ltr'>per</span> 
     </span>
     <span class='ocr_line' id='line_1_32' title="bbox 48 3479 1225 3572; baseline -0.008 -20"><span class='ocrx_word' id='word_1_243' title='bbox 48 3485 152 3553; x_wconf 84' lang='lat' dir='ltr'>hosce</span> <span class='ocrx_word' id='word_1_244' title='bbox 172 3510 279 3555; x_wconf 91' lang='lat' dir='ltr'>annos</span> <span class='ocrx_word' id='word_1_245' title='bbox 301 3490 384 3555; x_wconf 91' lang='lat' dir='ltr'>socii</span> <span class='ocrx_word' id='word_1_246' title='bbox 407 3499 507 3569; x_wconf 87' lang='lat' dir='ltr'>atque</span> <span class='ocrx_word' id='word_1_247' title='bbox 526 3498 665 3552; x_wconf 84' lang='lat' dir='ltr'>exterae</span> <span class='ocrx_word' id='word_1_248' title='bbox 683 3487 839 3553; x_wconf 87' lang='lat' dir='ltr'>nationes</span> <span class='ocrx_word' id='word_1_249' title='bbox 856 3484 1070 3572; x_wconf 83' lang='lat' dir='ltr'>calamitates</span> <span class='ocrx_word' id='word_1_250' title='bbox 1090 3491 1124 3546; x_wconf 83' lang='lat' dir='ltr'>et</span> <span class='ocrx_word' id='word_1_251' title='bbox 1141 3479 1225 3545; x_wconf 82' lang='lat' dir='ltr'>iniu-</span> 
     </span>
     <span class='ocr_line' id='line_1_33' title="bbox 49 3581 1225 3668; baseline -0.006 -16"><span class='ocrx_word' id='word_1_252' title='bbox 49 3589 135 3664; x_wconf 88' lang='lat' dir='ltr'>rias,</span> <span class='ocrx_word' id='word_1_253' title='bbox 175 3589 285 3657; x_wconf 88' lang='lat' dir='ltr'>nuilas</span> <span class='ocrx_word' id='word_1_254' title='bbox 320 3583 442 3656; x_wconf 85' lang='lat' dir='ltr'>Graeci</span> <span class='ocrx_word' id='word_1_255' title='bbox 479 3588 632 3654; x_wconf 86' lang='lat' dir='ltr'>homines</span> <span class='ocrx_word' id='word_1_256' title='bbox 663 3588 803 3668; x_wconf 82' lang='lat' dir='ltr'>gravius</span> <span class='ocrx_word' id='word_1_257' title='bbox 836 3587 952 3653; x_wconf 85' lang='lat' dir='ltr'>ferunt</span> <span class='ocrx_word' id='word_1_258' title='bbox 979 3605 1026 3649; x_wconf 86' lang='lat' dir='ltr'>ac</span> <span class='ocrx_word' id='word_1_259' title='bbox 1057 3581 1225 3658; x_wconf 85' lang='lat' dir='ltr'>tulerunt,</span> 
     </span>
     <span class='ocr_line' id='line_1_34' title="bbox 50 3682 1225 3771; baseline -0.007 -17"><span class='ocrx_word' id='word_1_260' title='bbox 50 3711 151 3771; x_wconf 84' lang='lat' dir='ltr'>qnam</span> <span class='ocrx_word' id='word_1_261' title='bbox 182 3690 417 3756; x_wconf 81' lang='lat' dir='ltr'>huiuscemodi</span> <span class='ocrx_word' id='word_1_262' title='bbox 443 3687 665 3770; x_wconf 86' lang='lat' dir='ltr'>spoliationes</span> <span class='ocrx_word' id='word_1_263' title='bbox 691 3689 851 3755; x_wconf 87' lang='lat' dir='ltr'>fanorum</span> <span class='ocrx_word' id='word_1_264' title='bbox 880 3700 981 3769; x_wconf 83' lang='lat' dir='ltr'>atque</span> <span class='ocrx_word' id='word_1_265' title='bbox 1009 3682 1225 3765; x_wconf 87' lang='lat' dir='ltr'>oppidorum.</span> 
     </span>
    </p>

    <p class='ocr_par' dir='ltr' id='par_1_5' title="bbox 13 3783 1287 3874">
     <span class='ocr_line' id='line_1_35' title="bbox 13 3783 1287 3874; baseline -0.006 -18"><span class='ocrx_word' id='word_1_266' title='bbox 13 3871 14 3874; x_wconf 8' lang='grc' dir='ltr'><strong>Ἴ</strong></span> <span class='ocrx_word' id='word_1_267' title='bbox 50 3792 143 3857; x_wconf 88' lang='lat' dir='ltr'>Licet</span> <span class='ocrx_word' id='word_1_268' title='bbox 162 3793 223 3859; x_wconf 88' lang='lat' dir='ltr'>iste</span> <span class='ocrx_word' id='word_1_269' title='bbox 248 3792 339 3859; x_wconf 84' lang='lat' dir='ltr'>dicat</span> <span class='ocrx_word' id='word_1_270' title='bbox 362 3791 486 3858; x_wconf 88' lang='lat' dir='ltr'>emisse</span> <span class='ocrx_word' id='word_1_271' title='bbox 511 3811 566 3870; x_wconf 93' lang='lat' dir='ltr'>se,</span> <span class='ocrx_word' id='word_1_272' title='bbox 598 3791 699 3859; x_wconf 88' lang='lat' dir='ltr'>sicuti</span> <span class='ocrx_word' id='word_1_273' title='bbox 727 3788 815 3856; x_wconf 89' lang='lat' dir='ltr'>solet</span> <span class='ocrx_word' id='word_1_274' title='bbox 838 3789 968 3854; x_wconf 89' lang='lat' dir='ltr'>dicere:</span> <span class='ocrx_word' id='word_1_275' title='bbox 1006 3784 1133 3852; x_wconf 87' lang='lat' dir='ltr'>credite</span> <span class='ocrx_word' id='word_1_276' title='bbox 1155 3783 1287 3851; x_wconf 67' lang='lat' dir='ltr'>hoelis</span> 
     </span>
    </p>
   </div>
   <div class='ocr_carea' id='block_1_3' title="bbox 54 3934 304 3951">
    <p class='ocr_par' dir='ltr' id='par_1_6' title="bbox 54 3934 304 3951">
     <span class='ocr_line' id='line_1_36' title="bbox 54 3934 304 3951; baseline -0.012 -2"><span class='ocrx_word' id='word_1_277' title='bbox 54 3934 245 3951; x_wconf 42' lang='grc' dir='ltr'>--ιῇ--ῇ</span> <span class='ocrx_word' id='word_1_278' title='bbox 302 3941 304 3946; x_wconf 54' lang='grc' dir='ltr'>ι</span> 
     </span>
    </p>
   </div>
   <div class='ocr_carea' id='block_1_4' title="bbox 52 4017 1227 4253">
    <p class='ocr_par' dir='ltr' id='par_1_7' title="bbox 52 4017 1227 4253">
     <span class='ocr_line' id='line_1_37' title="bbox 119 4017 1227 4086; baseline -0.007 -17"><span class='ocrx_word' id='word_1_279' title='bbox 119 4021 131 4085; x_wconf 67' lang='lat' dir='ltr'>l</span> <span class='ocrx_word' id='word_1_280' title='bbox 152 4025 205 4071; x_wconf 82' lang='grc'><strong>131.</strong></span> <span class='ocrx_word' id='word_1_281' title='bbox 222 4040 312 4073; x_wconf 81' lang='lat' dir='ltr'>mensas</span> <span class='ocrx_word' id='word_1_282' title='bbox 329 4023 472 4086; x_wconf 74' lang='lat' dir='ltr'>Delphicas]</span> <span class='ocrx_word' id='word_1_283' title='bbox 495 4025 657 4084; x_wconf 85' lang='lat' dir='ltr'>„appellatas</span> <span class='ocrx_word' id='word_1_284' title='bbox 675 4038 691 4069; x_wconf 90' lang='lat' dir='ltr'>a</span> <span class='ocrx_word' id='word_1_285' title='bbox 709 4022 863 4069; x_wconf 82' lang='lat' dir='ltr'>similitudine</span> <span class='ocrx_word' id='word_1_286' title='bbox 880 4021 945 4074; x_wconf 85' lang='lat' dir='ltr'>eins,</span> <span class='ocrx_word' id='word_1_287' title='bbox 968 4020 1006 4065; x_wconf 87' lang='lat' dir='ltr'>cni</span> <span class='ocrx_word' id='word_1_288' title='bbox 1024 4017 1128 4064; x_wconf 82' lang='lat' dir='ltr'>insidens</span> <span class='ocrx_word' id='word_1_289' title='bbox 1145 4030 1227 4062; x_wconf 78' lang='lat' dir='ltr'>sacer-</span> 
     </span>
     <span class='ocr_line' id='line_1_38' title="bbox 52 4099 1224 4167; baseline -0.011 -13"><span class='ocrx_word' id='word_1_290' title='bbox 52 4111 97 4154; x_wconf 87' lang='lat' dir='ltr'>dos</span> <span class='ocrx_word' id='word_1_291' title='bbox 110 4106 196 4165; x_wconf 65' lang='lat' dir='ltr'>Pythia</span> <span class='ocrx_word' id='word_1_292' title='bbox 214 4111 318 4158; x_wconf 85' lang='lat' dir='ltr'>oracula</span> <span class='ocrx_word' id='word_1_293' title='bbox 335 4109 465 4163; x_wconf 79' lang='lat' dir='ltr'>fundebat,</span> <span class='ocrx_word' id='word_1_294' title='bbox 483 4108 600 4154; x_wconf 85' lang='lat' dir='ltr'>Romanis</span> <span class='ocrx_word' id='word_1_295' title='bbox 618 4121 666 4167; x_wconf 89' lang='lat' dir='ltr'>pro</span> <span class='ocrx_word' id='word_1_296' title='bbox 683 4105 767 4151; x_wconf 85' lang='lat' dir='ltr'>abacis</span> <span class='ocrx_word' id='word_1_297' title='bbox 779 4105 853 4151; x_wconf 75' lang='lat' dir='ltr'>fuisse</span> <span class='ocrx_word' id='word_1_298' title='bbox 866 4102 972 4152; x_wconf 88' lang='lat' dir='ltr'>ostendit</span> <span class='ocrx_word' id='word_1_299' title='bbox 984 4100 1105 4146; x_wconf 83' lang='lat' dir='ltr'>Martialis</span> <span class='ocrx_word' id='word_1_300' title='bbox 1121 4100 1165 4152; x_wconf 76' lang='lat'>12,</span> <span class='ocrx_word' id='word_1_301' title='bbox 1183 4099 1224 4142; x_wconf 84' lang='lat'>67.</span> 
     </span>
     <span class='ocr_line' id='line_1_39' title="bbox 52 4190 849 4253; baseline -0.005 -17"><span class='ocrx_word' id='word_1_302' title='bbox 52 4192 180 4249; x_wconf 80' lang='lat' dir='ltr'>Argentum</span> <span class='ocrx_word' id='word_1_303' title='bbox 195 4198 262 4253; x_wconf 81' lang='lat' dir='ltr'>atque</span> <span class='ocrx_word' id='word_1_304' title='bbox 279 4207 361 4240; x_wconf 80' lang='lat' dir='ltr'>aarum</span> <span class='ocrx_word' id='word_1_305' title='bbox 379 4206 426 4236; x_wconf 84' lang='lat' dir='ltr'>aen</span> <span class='ocrx_word' id='word_1_306' title='bbox 442 4193 543 4248; x_wconf 76' lang='lat' dir='ltr'>simplex</span> <span class='ocrx_word' id='word_1_307' title='bbox 560 4190 675 4248; x_wconf 76' lang='lat' dir='ltr'>Delphica</span> <span class='ocrx_word' id='word_1_308' title='bbox 690 4191 802 4249; x_wconf 76' lang='lat' dir='ltr'>portat.“</span> <span class='ocrx_word' id='word_1_309' title='bbox 821 4190 849 4235; x_wconf 89' lang='lat' dir='ltr'>Z.</span> 
     </span>
    </p>
   </div>
   <div class='ocr_carea' id='block_1_5' title="bbox 123 4294 516 4362">
    <p class='ocr_par' dir='ltr' id='par_1_8' title="bbox 123 4294 516 4362">
     <span class='ocr_line' id='line_1_40' title="bbox 123 4294 516 4362; baseline -0.008 -17"><span class='ocrx_word' id='word_1_310' title='bbox 123 4294 135 4355; x_wconf 68' lang='lat' dir='ltr'>l</span> <span class='ocrx_word' id='word_1_311' title='bbox 154 4298 205 4346; x_wconf 74' lang='lat'>132.</span> <span class='ocrx_word' id='word_1_312' title='bbox 227 4299 260 4362; x_wconf 89' lang='lat' dir='ltr'>r&#39;i]</span> <span class='ocrx_word' id='word_1_313' title='bbox 279 4301 341 4361; x_wconf 75' lang='lat' dir='ltr'>Reg.</span> <span class='ocrx_word' id='word_1_314' title='bbox 359 4301 384 4345; x_wconf 85' lang='lat' dir='ltr'>lli</span> <span class='ocrx_word' id='word_1_315' title='bbox 401 4296 468 4345; x_wconf 83' lang='lat' dir='ltr'>Leid.</span> <span class='ocrx_word' id='word_1_316' title='bbox 488 4299 516 4345; x_wconf 89' lang='grc' dir='ltr'>Ζ.</span> 
     </span>
    </p>
   </div>
   <div class='ocr_carea' id='block_1_6' title="bbox 0 0 1434 4759">
    <p class='ocr_par' dir='ltr' id='par_1_9' title="bbox 0 0 1434 4759">
     <span class='ocr_line' id='line_1_41' title="bbox 0 0 1434 4759; baseline 0 0"><span class='ocrx_word' id='word_1_317' title='bbox 0 0 1434 4759; x_wconf 95' lang='lat' dir='ltr'> </span> 
     </span>
    </p>
   </div>
  </div>
 </body>
</html>
