2850 4759
213 271 273 337 iit
446 330 449 335 ,
558 326 562 331 .
687 266 925 347 CICERONIS

213 418 334 502 onmes
355 430 551 499 iudiciariae
571 430 664 513 leges
687 424 843 500 Caesaris
866 427 1130 497 dissolvuntur?
1168 426 1210 493 Et
1227 445 1282 494 vos
1309 435 1379 492 aeta

214 536 370 604 Caesaris
392 534 591 611 defenditis,
624 536 680 618 qui
708 534 804 614 leges
833 536 907 599 eius
929 531 1114 599 evertitist'
1147 531 1216 597 Nisi
1235 529 1335 607 sorte,
1353 529 1378 594 si

214 636 296 722 quid
322 639 509 706 memoriae
537 657 642 706 causa
667 636 801 704 rettulit
827 636 860 701 in
891 634 1063 710 libellum,
1100 632 1135 699 id
1166 632 1376 698 numerabitur

213 743 248 809 iu
276 741 361 809 actis
389 752 424 806 et
441 741 609 824 ¹quamvis
632 740 784 822 iniquum
806 749 840 804 et
861 736 980 803 inutile
1001 737 1046 803 sit
1067 734 1273 801 detondetur:
1296 731 1375 815 quod

213 841 257 911 ad
284 840 451 925 populum
479 843 681 910 centuriatis
709 839 857 907 comitiis
880 837 975 914 tulit,
1008 835 1043 904 id
1072 838 1105 903 in
1127 839 1215 904 saeris
1239 836 1375 902 Caesaris

150 954 193 1023 uu
215 967 284 1016 non
310 943 502 1015 habebitur.
542 947 588 1011 At
615 953 783 1027 quaeest
807 941 872 1007 ista
900 939 999 1006 tertia
1028 937 1196 1005 decurrat
1215 974 1248 989 -
1266 940 1376 1004 cerm

214 1046 372 1123 tionum,
408 1047 525 1129 inquit.
549 1081 590 1093 —
617 1044 738 1136 Quid?
775 1043 831 1111 isti
858 1040 968 1110 ordini
995 1042 1166 1109 iudicatus
1198 1041 1267 1122 lege
1292 1039 1377 1115 lulis,

214 1149 317 1214 etiam
338 1160 416 1216 ante
438 1149 616 1230 l’ornpeia,
641 1146 782 1214 Aurelia
803 1168 871 1212 non
893 1144 1058 1227 pareunt>
1078 1158 1132 1190 -·
1152 1146 1273 1212 Census
1293 1165 1376 1226 prae·

214 1251 419 1329 liniebatur,
451 1251 570 1334 inq-uit.
609 1283 649 1296 -
684 1250 763 1316 Non
790 1248 980 1331 centurioni
1010 1247 1146 1330 quirlern
1173 1246 1294 1325 solnm,
1327 1245 1377 1312 sed

215 1354 318 1436 eqrriti
341 1359 443 1420 etiam
465 1354 634 1420 Romano.
681 1352 800 1433 ltaque
822 1351 884 1416 viri
906 1351 1088 1417 fortissimi
1109 1362 1210 1432 atque
1227 1350 1374 1417 honestis

216 1457 312 1533 simi,
335 1456 392 1539 qui
406 1453 543 1522 ordines
559 1453 750 1538 duruerunt,
773 1474 828 1520 res
844 1465 879 1519 et
892 1453 1043 1518 iudicant
1059 1464 1093 1518 et
1108 1453 1376 1519 iudicaverunt.-

214 1559 292 1624 Non
315 1577 462 1641 quaero,
484 1558 611 1639 inquit,
634 1557 732 1623 istos.
777 1555 982 1645 Quicunque
1003 1556 1161 1622 ordinem
1176 1554 1285 1630 duxit,
1306 1551 1375 1618 iudi·

215 1670 343 1725 ceb-
369 1659 642 1734 austrenum,
674 1661 868 1740 quticunque
890 1677 978 1739 rqno
1001 1657 1200 1733 nrernisset,
1234 1656 1318 1738 quod
1338 1665 1377 1718 est

215 1761 360 1836 lautius,
394 1761 519 1826 nemini
547 1761 758 1842 probaretis3
792 1759 826 1825 in
855 1757 966 1824 iudice
993 1759 1083 1824 enim
1105 1760 1251 1840 spectari
1271 1770 1303 1823 et
1320 1756 1374 1822 lor·

216 1875 299 1955 tuna
320 1861 420 1929 debet
441 1874 476 1928 et
497 1863 655 1942 dignitas.
686 1899 725 1914 ·-
751 1861 831 1927 Non
859 1881 1006 1942 quaero,
1039 1862 1164 1943 inquit,
1201 1862 1276 1926 ista:
1306 1857 1373 1925 addo

216 1965 318 2031 otiam
349 1963 480 2031 iudices
509 1961 739 2046 manipulares
770 1985 814 2029 ex
844 1960 978 2042 legione
1002 1961 1234 2029 Alaudarum.
1288 1961 1373 2027 Aliter

216 2066 306 2133 onim
333 2067 442 2134 nostri
468 2076 594 2145 negant
620 2087 724 2146 posse
749 2086 786 2132 se
811 2064 926 2134 salvos
952 2086 1040 2132 esse.
1062 2103 1101 2117 -
1123 2065 1151 2132 0
1174 2061 1375 2132 contumelio

215 2188 292 2234 sum
305 2167 473 2235 honorem
494 2169 553 2252 iis,
575 2187 659 2249 quos
677 2167 717 2234 ad
737 2167 953 2236 indicandum
973 2188 1039 2233 nee
1055 2159 1236 2249 opinantes
1252 2162 1372 2232 noeais!

206 2270 280 2361 llio
296 2272 385 2337 enim
405 2282 460 2336 est
481 2268 565 2349 legis
584 2269 705 2346 index,
728 2282 768 2335 ut
789 2272 809 2336 ii
830 2272 936 2336 resin
959 2271 1058 2339 tertia
1080 2269 1220 2335 decuria
1242 2268 1375 2340 iudicent,
1396 2294 1399 2349 Α

216 2373 273 2453 qui
300 2371 403 2439 libere
424 2370 575 2439 iudicare
600 2394 668 2438 non
693 2372 853 2438 audeant.
902 2372 940 2438 ln
963 2397 1030 2455 qno
1051 2385 1199 2455 quantus
1224 2380 1374 2439 errorrst·

156 2522 159 2525 -
216 2475 262 2540 dii
291 2473 525 2540 immortales!
565 2495 709 2549 eorum,
746 2476 801 2557 qni
830 2475 929 2540 istam
962 2474 1073 2553 legem
1100 2468 1375 2554 excogitaverunt!
1396 2510 1398 2565 ,

216 2576 263 2642 Ut
289 2576 376 2640 enim
405 2575 547 2656 quisque
579 2574 837 2643 sordidissimus
868 2576 1063 2660 ridebitur,
1102 2576 1147 2642 ita
1181 2575 1375 2643 libentissime

215 2675 399 2742 severitate
414 2676 585 2742 iutlioandi
604 2678 725 2745 sordes
744 2700 823 2745 suas
847 2678 939 2744 eluet
960 2678 1215 2760 laborabitque,
1247 2691 1282 2745 nt
1297 2677 1374 2744 bone·
1395 2726 1397 2781 ι

217 2779 279 2845 stis
308 2776 455 2845 decuriis
482 2781 596 2861 potius
622 2779 745 2860 dignus
775 2780 950 2859 videatur,
982 2803 1083 2862 qrram
1111 2781 1144 2846 in
1171 2794 1304 2864 turpem
1324 2779 1373 2845 iure

217 2879 405 2946 coniectus.
557 2882 562 2885 “
755 2914 756 2917 ¹
1394 2908 1395 2997 p

285 3060 297 3124 l
315 3063 357 3109 20.
375 3065 426 3120 tege
444 3060 519 3123 Iutta]
537 3062 609 3115 Haec
625 3061 660 3109 ita
671 3075 735 3131 ¹curu
753 3062 865 3110 Suetonii
884 3063 900 3109 t.
918 3065 934 3110 t.
953 3063 1098 3114 narratione
1117 3068 1303 3131 componenda:
1325 3067 1373 3124 patt-
1393 3120 1394 3127 ἵ

215 3145 258 3192 bat
270 3146 344 3193 etiem
356 3146 492 3193 centurioni
505 3146 641 3203 iudicatus,
665 3147 685 3193 si
699 3149 765 3193 torte
778 3147 877 3194 fortuna
889 3154 1029 3194 censuerat
1042 3148 1148 3209 equestri
1161 3155 1205 3194 aut
1224 3148 1344 3197 senatorio.
1352 3167 1372 3180 -·
1393 3132 1394 3213 l

215 3231 289 3287 equiti
299 3228 380 3290 etiam]
399 3229 499 3291 Equites
512 3229 585 3275 etism
597 3230 621 3275 in
633 3230 705 3277 donis
718 3230 862 3276 militaribus
875 3231 1029 3278 centuriones
1041 3231 1177 3277 anteibant.
1190 3232 1246 3281 bic.
1258 3234 1286 3279 tt
1297 3269 1303 3293 ‚
1316 3230 1348 3285 13,
1357 3227 1371 3270 i·

214 3312 328 3357 militibus
352 3315 377 3356 in
400 3315 507 3369 singulos
529 3315 595 3371 quini
611 3315 665 3358 deni
681 3316 774 3360 denarii
791 3315 856 3368 dati,
883 3316 971 3371 duptes·
988 3317 1137 3376 ceritaniensi,
1166 3319 1258 3373 triptes·
1274 3316 1370 3376 sqsiti·
1392 3348 1393 3377 ,

216 3396 343 3454 quicunque
371 3408 429 3452 equo
457 3393 593 3453 meruisset]
623 3396 726 3457 Equites
753 3398 859 3443 Romani
883 3404 987 3457 propter
1011 3412 1107 3445 reorum
1132 3399 1238 3446 400000
1260 3400 1309 3446 HS,
1327 3398 1371 3442 dtu·
1392 3380 1393 3429 l

214 3482 290 3522 taxet
316 3483 360 3523 aut
386 3479 472 3536 paullo
498 3479 642 3538 ampliorem
667 3481 884 3539 splendidioribus,
923 3460 1011 3543 ouibus
1042 3481 1102 3527 solis
1136 3496 1171 3527 ex
1197 3483 1253 3542 lege
1282 3476 1368 3538 Pauper

215 3558 336 3611 iudicatus
354 3558 470 3618 patebat,
497 3574 544 3607 non
563 3563 793 3611 adnumerabantur.
805 3589 839 3601 -
857 3564 953 3626 lautius]
973 3564 1097 3612 honestius
1114 3571 1166 3620 est,
1193 3567 1309 3614 maiorem
1323 3562 1369 3610 iulet

215 3641 359 3701 dignitmem
385 3656 458 3703 qusrrr
485 3645 650 3691 centurionem
677 3661 737 3692 esse.
762 3674 793 3686 ·-
823 3645 974 3707 standarum]
1011 3649 1079 3696 Suet.
1113 3650 1186 3696 Caes.
1218 3652 1261 3697 24.
1302 3645 1370 3696 Adiit!

216 3726 331 3781 legionem
362 3739 432 3771 unam
461 3731 531 3772 etiarn
562 3742 592 3772 er
626 3729 790 3788 Transalpinis
827 3734 982 3789 conscriptam
1017 3734 1129 3779 uocabulo
1164 3748 1254 3793 quoquc
1295 3732 1368 3780 catat:

215 3808 388 3854 Ataudu'sninr
405 3812 582 3867 appellabatur5
610 3826 680 3870 quum
701 3816 827 3871 disciplina
850 3817 956 3873 cultuque
978 3818 1087 3862 Romano
1111 3820 1241 3863 institutam
1257 3823 1282 3863 st
1298 3818 1368 3863 arulfi
1390 3804 1391 3837 t

215 3893 297 3945 porea
319 3892 448 3936 uniuersam
471 3895 563 3940 ciuitate
585 3897 688 3941 detinuit.
706 3921 741 3934 -
764 3899 951 3942 Aliter·-iurr
978 3897 1108 3962 eorrr’ectus]
1134 3900 1183 3946 Per
1205 3906 1287 3947 toturn
1302 3898 1367 3960 letti

217 3978 365 4030 orator,'ne
383 3982 563 4034 exasperentur
579 3979 734 4026 centuriones
751 3980 791 4026 isti
809 3981 833 4026 in
851 3981 951 4027 decuria
970 3984 1043 4028 tertia
1059 3983 1150 4029 iudices
1161 3984 1246 4029 futuri.
1282 3976 1367 4030 nnat

216 4053 288 4101 dicit:
317 4056 407 4116 „turpi
431 4058 528 4117 quidem
546 4060 649 4105 consilio
672 4060 809 4117 Antonius,
836 4070 862 4110 ut
880 4065 925 4110 sibi
942 4065 1041 4126 suisque
1058 4067 1132 4119 etiam
1149 4065 1175 4111 in
1192 4067 1319 4114 manifestis
1330 4059 1365 4108 llll
1389 4036 1390 4075 l

185 4144 187 4148 ’
217 4137 263 4184 etis
279 4139 394 4194 lateam,
413 4140 475 4186 hanc
493 4141 572 4200 legem
591 4143 659 4195 tulit3
685 4144 705 4188 is
724 4145 787 4190 enirn
805 4154 841 4199 est
858 4150 943 4206 indes,
960 4164 1054 4196 summa
1072 4149 1134 4210 legis
1151 4157 1175 4196 et
1193 4151 1323 4202 consiliunt
1342 4142 1365 4189 “l
1388 4198 1389 4207 ,

217 4220 373 4269 vehementer
390 4222 537 4281 decipietur:
561 4238 618 4270 nam
635 4230 740 4284 propter
757 4227 782 4273 id
800 4229 892 4288 ipsum,
914 4238 942 4279 ut
959 4233 1068 4280 iudicatu
1086 4235 1153 4296 digni
1172 4235 1309 4294 rideantur,
1324 4240 1365 4277 stt*
1388 4210 1390 4291 l

218 4301 308 4361 riores,
331 4319 404 4367 quam
422 4305 475 4364 ipse
493 4313 611 4365 expectat
629 4315 654 4355 et
670 4317 769 4368 sperat,
792 4327 845 4359 sese
863 4316 1045 4374 praebebunt.“
