2850 4759
234 292 414 364 ORATlO
440 292 693 397 PHlLlPPle
718 300 764 384 1,
794 320 824 366 r.
846 299 885 363 ll
906 308 940 365 ct
957 300 1005 367 15.
1163 300 1222 364 863

100 454 188 517 XV.
233 451 364 536 Populi
381 454 518 537 quidem
537 457 680 524 Rourarri
696 455 820 523 iudicia
839 456 944 525 murita
960 458 1061 526 ambo
1078 457 1221 545 habetis,
1243 458 1283 521 36

30 554 145 638 qrribus
176 576 244 622 vos
270 578 344 623 uon
373 560 456 625 satis
483 559 613 625 rrroveri
644 557 853 641 permoleste
878 561 967 628 fero.
1012 559 1103 651 Quid
1131 563 1221 627 enim

30 654 279 736 gladiatoribus
307 658 476 729 clamores
501 660 800 729 innumerabilium
825 662 978 729 rivium?
999 661 1079 746 quid
1105 661 1221 745 populi

30 760 177 828 versus?
208 761 296 844 quid
321 763 474 845 Pompeii
494 777 627 832 statuae
647 763 787 848 plausus
809 764 960 831 intutu?
989 765 1067 848 quid
1089 765 1223 832 drrobus

33 861 171 928 tribunis
194 861 315 943 plebi,
337 864 394 946 qui
416 866 513 932 vobis
541 864 788 933 adversantur?
823 868 993 933 l‘arumue
1015 865 1099 932 haee
1120 868 1224 948 sigui·

32 963 129 1031 beant
164 964 420 1032 incredibiliter
447 969 718 1035 consentientem
747 967 865 1052 populi
897 970 1042 1036 Romani
1073 970 1224 1036 universi

34 1063 279 1134 votumatems
303 1069 426 1160 Quid?
446 1069 697 1152 Apollinarium
716 1069 876 1137 ludorsuu
899 1070 1040 1154 plausus
1059 1070 1112 1137 vel
1132 1073 1225 1138 testi-

36 1168 141 1234 monia
165 1171 291 1251 potius
316 1184 352 1238 et
376 1171 500 1238 iudicia
523 1169 640 1255 populi
659 1173 805 1240 Romani
830 1194 952 1257 parum
978 1195 1102 1254 magua
1127 1175 1224 1241 vobis

35 1268 266 1338 videbantur?
301 1273 331 1341 0
356 1273 474 1343 beatos
496 1273 595 1351 ilios,
624 1275 699 1357 qui,
735 1296 813 1343 curn
835 1273 957 1344 adesse
977 1277 1059 1359 ipsis
1082 1288 1226 1359 propter

37 1371 100 1438 uim
127 1393 315 1443 armorum
347 1398 415 1443 non
449 1375 590 1456 licebat,
626 1377 768 1444 aderant
799 1390 911 1446 tamen
944 1391 978 1445 et
1004 1380 1037 1445 in
1068 1376 1226 1447 medullis

39 1474 146 1556 populi
175 1477 330 1546 Romani
360 1498 402 1545 ao
427 1479 614 1547 visceribus
643 1478 844 1546 haerebant!
890 1480 962 1547 Nisi
993 1480 1084 1548 forte
1118 1483 1225 1548 broie

42 1586 107 1644 tum
138 1578 258 1661 plaudi
291 1592 328 1647 et
360 1583 578 1660 sexagesimo
609 1593 690 1666 post
723 1602 812 1649 arrrro
848 1581 998 1665 palmam
1033 1582 1125 1660 dari,
1157 1605 1226 1651 riou

42 1677 158 1760 burto,
189 1684 385 1766 putabatis,
414 1687 472 1769 qui
498 1682 587 1752 ludis
611 1684 682 1752 suis
703 1685 749 1751 ita
776 1687 901 1769 raserit,
932 1687 1024 1751 utin
1045 1685 1103 1755 illo
1125 1708 1228 1769 appa-

44 1783 208 1853 ratissimo
245 1776 447 1869 spectaculo
481 1785 634 1854 studium
665 1786 814 1870 populus
847 1788 1024 1856 Romanus
1063 1790 1228 1857 tribueret

45 1882 182 1967 absenti,
219 1886 431 1957 desiderium
460 1888 654 1959 liberatoris
684 1890 738 1958 su'i
763 1903 929 1973 perpetuo
954 1891 1075 1974 plausu
1100 1904 1134 1959 et
1162 1890 1228 1959 cla·

46 2004 131 2054 more
153 1988 293 2059 leniret.

116 2091 286 2177 Equidem
315 2097 344 2164 is
378 2119 475 2177 sirrn,
509 2099 565 2181 qui
595 2098 679 2165 istos
708 2096 866 2181 plausus,
899 2119 977 2165 cum
1005 2097 1227 2182 popularibus
1250 2101 1289 2163 37
1370 2168 1374 2175 ,

49 2191 167 2263 civibus
198 2200 452 2278 tribuerentur,
482 2222 619 2282 semper
650 2202 934 2283 contempserim:
965 2201 1123 2285 idemque
1148 2224 1226 2269 eum

51 2302 247 2389 asumrnis,
283 2301 423 2382 mediis,
455 2304 597 2381 infimis,
632 2324 711 2370 eum
739 2303 883 2386 denique
906 2305 947 2369 ab
974 2304 1142 2370 universis
1163 2302 1229 2371 hoe

51 2395 130 2465 idern
148 2403 185 2469 iit
202 2396 352 2490 cumque
369 2405 402 2491 ii,
421 2407 477 2489 qui
495 2419 573 2473 astte
589 2408 684 2490 sequi
701 2403 817 2490 populi
836 2427 1043 2475 consensum
1061 2402 1228 2492 solebant,

52 2497 194 2586 lugiunt,
230 2531 301 2576 non
323 2505 481 2592 plausum
508 2508 623 2586 illum,
658 2509 720 2578 sed
741 2509 904 2576 iudicium
926 2521 1021 2591 puto.
1062 2510 1120 2576 Sin
1145 2508 1229 2575 baee

53 2598 169 2675 leuiora
193 2613 294 2678 vobis
326 2611 503 2691 ridentur,
539 2633 625 2697 quae
653 2626 736 2680 sunt
761 2614 983 2694 gravissima,
1014 2635 1097 2679 uum
1126 2613 1227 2679 etiarn

54 2701 111 2772 boe
129 2714 369 2795 contemnitis,
392 2716 481 2798 quod
503 2717 675 2795 sensistis,
700 2728 767 2782 taur
789 2737 903 2783 earam
925 2715 1054 2799 populo
1072 2716 1228 2782 Romano

54 2825 236 2850 *Q-

114 2890 182 2953 ibd.
199 2894 310 2959 Populi]
330 2897 388 2944 Vnt.
407 2896 480 2944 Bern.
498 2895 580 2943 Guell.
601 2896 631 2942 El
643 2897 730 2953 populi
747 2896 778 2942 Ο.
796 2918 830 2930 -
852 2891 1037 2955 gladiatoribus]
1056 2893 1118 2940 ludis
1135 2892 1230 2953 gladia·
1326 2946 1330 2955 1

57 2973 129 3030 ‘milti
154 2986 179 3026 ut
202 2996 289 3042 saepe.
307 3007 339 3020 -
357 2979 447 3043 emaus]
474 2980 585 3027 Firmani
602 2981 665 3026 banc
683 2979 740 3025 leet.
760 2977 817 3025 Vnt.
836 2976 922 3025 Bamb.
958 2978 1131 3038 Significantur
1148 2981 1230 3021 autern

58 3060 178 3117 usuum
195 3066 335 3112 cantilenae
353 3066 392 3113 rel
410 3063 434 3111 iu
452 3065 550 3110 laudens
566 3059 617 3113 ruis
631 3055 839 3130 τυραννοκτόνων
856 3063 896 3109 vel
912 3063 936 3108 in
949 3060 1051 3108 Antonii
1068 3059 1231 3119 vituperatio·

59 3150 104 3186 nens
120 3158 152 3192 ex
168 3153 282 3210 tempore
300 3149 391 3196 iselae.
426 3147 494 3194 Male
512 3160 592 3192 rursus
609 3145 684 3194 Bern.
704 3159 829 3191 concursus
846 3146 905 3195 Ern.
925 3170 958 3182 -
979 3143 1139 3204 quid'rluodus
1157 3142 1231 3187 tribu·

59 3223 89 3266 '⁸5⁸
101 3224 145 3291 Pb]
164 3233 263 3290 plausus
281 3234 333 3280 dati
349 3233 380 3280 Τ.
398 3232 519 3288 canutio,
537 3230 601 3293 „qui
618 3230 708 3277 canius
725 3229 794 3276 rabie
811 3229 939 3276 lacerabat
951 3226 1108 3275 Antonium‘⁴
1125 3224 1230 3287 (Vellei.

61 3303 87 3360 ἲ,
101 3309 150 3370 ⁶⁴.)
168 3321 192 3361 et
210 3318 237 3363 1..
256 3317 359 3374 Cassio,
387 3316 416 3363 C.
434 3314 513 3363 Cassii
530 3314 654 3375 praetoris
672 3328 702 3360 ae
720 3305 923 3380 superruentium
940 3311 1024 3368 fratri,
1050 3313 1081 3356 de
1098 3306 1166 3357 euius
1182 3311 1231 3356 boc

61 3385 108 3446 llll>
125 3398 206 3454 plausu
225 3401 345 3448 arafam.
367 3402 411 3460 12,
429 3402 454 3446 2.
473 3424 504 3435 -
524 3395 713 3458 Apollinarium]
739 3398 812 3443 Teste
830 3397 902 3445 bivio
920 3398 965 3450 27,
984 3393 1027 3445 23.
1045 3394 1232 3441 celebrabantur

62 3483 82 3515 ⁸·
97 3475 118 3521 d.
133 3478 180 3526 tlt.
204 3483 271 3532 Non.
289 3484 371 3539 Quint.
397 3484 439 3544 (⁵.
457 3486 481 3530 d.
500 3482 589 3543 tutti),
612 3497 646 3529 ex
663 3482 740 3529 tribus
758 3489 840 3529 autem
863 3481 922 3527 meis
946 3479 1103 3526 Kalendariis
1127 3478 1233 3541 antiquis

63 3553 144 3612 (luce
160 3566 215 3615 nar.
232 3570 258 3615 ε,
276 3584 303 3629 p.
320 3566 399 3629 ssa.)
417 3568 498 3628 priate
515 3567 580 3614 uon.
599 3566 700 3620 ouans.
721 3565 766 3627 (s.
784 3567 808 3611 a.
826 3565 900 3623 rurs)
917 3565 952 3611 su
971 3564 1022 3610 ruas
1039 3579 1054 3609 ι
1073 3550 1110 3609 ος
1121 3562 1232 3612 antonio

65 3650 166 3694 luetone
178 3653 229 3699 dati
244 3659 299 3699 sunt
309 3652 408 3700 nomine
420 3651 526 3698 absentis
536 3651 571 3696 M.
581 3649 665 3699 Bruti.
684 3649 808 3711 praetoris
820 3650 918 3705 urbani,
936 3651 968 3695 ad
980 3663 1052 3710 quem
1064 3648 1150 3695 borum
1161 3650 1233 3695 ludo·

65 3734 108 3771 ltu
124 3744 179 3780 cura
197 3737 343 3795 pertinebat.
362 3736 468 3782 blastus.
485 3759 521 3772 -
538 3735 565 3780 b.
584 3732 673 3780 Accius
690 3733 811 3792 tragicus,
838 3733 905 3780 cuius
927 3732 1019 3781 Tereus
1043 3739 1107 3803 tuuc·
1122 3733 1147 3780 iu
1164 3749 1233 3781 seae-

66 3816 112 3854 lffl
133 3818 240 3867 reduetus
263 3827 312 3878 est,
338 3818 421 3867 floruit
444 3818 510 3864 eirca
533 3833 557 3864 a.
575 3832 601 3864 u,
616 3830 638 3862 e.
657 3816 716 3863 650.
734 3840 769 3853 -
786 3817 943 3862 tribueram
956 3814 1055 3881 leniret]
1085 3818 1125 3867 Sic
1146 3816 1233 3876 scripsi

67 3901 112 3937 ΜΝ
132 3896 186 3949 vat
209 3919 224 3950 a
248 3918 299 3954 sec.
324 3918 356 3949 ns.
380 3909 405 3949 et
423 3902 552 3962 Madvigio
575 3902 681 3962 Opusce.
699 3902 772 3947 acad.
795 3914 821 3960 p.
839 3900 899 3946 498.
921 3914 968 3960 pro
986 3902 1235 3948 tribuerit-denisce

68 3970 116 4022 Vel.
131 3995 146 4027 a
162 3999 199 4043 pr.
216 4002 246 4034 sn.
264 3988 296 4034 0.
315 3991 339 4033 et
357 3986 466 4031 tribuerit
476 4009 488 4021 ·
500 4010 511 4021 -
523 3987 617 4030 lenierit
633 3985 743 4046 Madvig.
762 3984 786 4030 in
803 3984 850 4030 Ed.
868 3985 950 4031 Orati.
967 3986 1011 4032 sel.

124 4084 135 4147 i
151 4089 192 4145 tt.
207 4090 374 4158 popularibus]
394 4094 451 4140 Vat.
466 4092 548 4139 Gueli.
562 4091 648 4138 bamb.
667 4106 714 4152 pro
731 4108 747 4138 a
762 4093 915 4150 popularibus
927 4090 999 4137 Rern.
1011 4093 1043 4139 0.
1060 4123 1076 4148 „
1082 4091 1233 4150 Contempsi,
1297 4090 1310 4109 ‘

69 4159 148 4228 inillis
163 4190 257 4239 temper
272 4181 373 4239 plausus
389 4178 481 4225 Clodio
499 4175 664 4236 similibusque
682 4175 819 4223 bominibus
836 4176 860 4222 in
879 4173 996 4235 populari
1007 4174 1089 4234 gretia
1101 4189 1127 4221 se
1139 4174 1233 4221 iactan-

72 4244 124 4296 ’Μ
138 4268 153 4301 t
168 4262 266 4311 sordidis
283 4261 459 4323 conductisque
476 4267 502 4307 et
520 4259 613 4307 levibus
632 4258 768 4305 bominibus
787 4261 873 4313 datura
894 4258 958 4305 idern
976 4258 1088 4316 plausum
1105 4256 1138 4302 ab
1155 4257 1234 4303 omui·

72 4326 107 4378 bus
122 4336 236 4394 ordinibus
253 4349 289 4395 ita
306 4349 406 4404 datum,
435 4352 461 4392 ut
484 4344 521 4393 illi
544 4343 679 4405 populares
703 4342 778 4388 etiarn
801 4341 911 4401 fugiant,
941 4340 1056 4387 iudicium
1076 4340 1127 4388 vasi
1145 4341 1233 4401 populi
