2850 4759
241 280 304 345 sbti
367 340 378 359 ,
704 274 936 346 CICERONIS

242 440 330 509 enim
351 450 424 511 erat
443 437 540 525 mali,
561 437 650 523 quod
672 436 751 505 huic
771 437 915 520 spoliato
936 434 1217 517 iame,.honore,
1245 434 1380 508 fortunis

241 543 359 615 deesse
386 543 584 611 videretur?
617 554 675 611 aut
695 543 750 609 eui
770 563 878 611 novae
894 539 1082 625 ,calamitati
1101 540 1195 608 locos
1215 536 1307 607 ullus
1323 538 1382 605 reli-

240 660 316 715 ctos
338 647 453 716 esset?
475 646 581 727 Urget
601 644 718 713 eadem
739 645 897 725 fortuna,
916 664 1002 728 quac
1022 646 1152 727 coepit3
1171 644 1321 727 repperit
1335 665 1380 707 no·

238 772 319 818 num
349 770 558 828 trnacroremg
591 772 658 817 aron
686 751 829 831 patitur,
862 748 1032 817 bominem
1064 748 1304 817 calamitosum
1331 768 1380 812 uno

239 853 343 923 modo
365 855 522 920 afflictum
543 874 610 923 uno
632 854 663 919 in
685 850 779 918 luctu
799 853 922 935 perire.
1081 936 1084 945 ι

180 968 220 1032 92
316 955 487 1026 xxxltt.
528 954 593 1024 Sed
622 957 690 1022 iam
724 954 890 1039 impedior
918 967 1069 1037 egomet,
1100 954 1251 1033 iudices,
1286 951 1382 1021 dolore

239 1062 359 1142 animi,
390 1082 433 1128 ne
455 1060 495 1127 dc
516 1057 615 1128 buius
636 1058 771 1127 miseria
791 1056 888 1142 plura
909 1057 1030 1126 dicam.
1073 1058 1215 1127 Vestrae
1236 1070 1317 1127 sunt
1333 1059 1382 1122 ianr

237 1176 368 1252 partes,
402 1161 549 1244 iudices3
578 1161 611 1230 in
639 1176 752 1229 vestra
780 1161 1034 1231 rraursuetudine
1061 1176 1161 1247 atque
1195 1162 1383 1230 humanitate

238 1291 375 1337 causam
411 1280 518 1337 totam
551 1288 699 1349 repono;
739 1287 819 1344 vos,
855 1268 1035 1335 reiectione
1070 1269 1290 1351 interposita,
1320 1260 1382 1330 nihil

238 1374 485 1458 suspicantibus
506 1372 621 1450 nobis,
643 1370 807 1453 repentini
828 1369 862 1437 in
882 1392 944 1437 nos
965 1369 1091 1438 iudices
1113 1371 1331 1448 consedistis,
1352 1367 1381 1431 ab

238 1477 492 1547 accusatoribus
522 1473 641 1542 delecti
668 1473 708 1541 ad
738 1495 832 1556 spem
862 1475 1069 1554 acerbitatis,
1107 1475 1287 1542 asortuna
1307 1472 1382 1539 anobis

237 1580 281 1649 ad
308 1579 511 1664 praesidium
539 1578 751 1647 innocentiae
777 1578 961 1645 constituti.
1002 1577 1049 1647 Ut
1076 1600 1140 1660 ego
1168 1578 1251 1662 quid
1279 1576 1319 1644 de
1342 1594 1382 1642 ne

236 1682 381 1769 populus
412 1683 585 1751 Romanus
623 1682 851 1759 existimaret,
885 1682 962 1765 quia
995 1702 1134 1750 severus
1167 1684 1201 1749 in
1227 1678 1381 1765 improbos

236 1789 385 1866 fueram,
422 1785 572 1873 laboravi
600 1798 633 1853 et
659 1806 743 1870 qnae
768 1785 877 1868 prima
908 1786 1097 1856 innocentis
1130 1783 1210 1853 mihi
1247 1782 1379 1853 defensio

237 1904 290 1959 est
318 1890 446 1968 oblata,
476 1891 627 1974 suscepi,
659 1889 708 1957 sic
737 1911 798 1956 vos
819 1889 1039 1956 ‘severitatem
1065 1888 1285 1973 indiciorum,
1315 1904 1380 1970 quae

194 2018 198 2025 ’
236 2018 297 2080 per
318 1995 378 2065 bos
399 2015 531 2063 menses
551 1994 583 2059 in
606 1991 758 2059 homines
779 1992 1021 2060 audacissimos
1041 1993 1244 2069 factasunt,
1266 1991 1379 2058 lenitate

175 2111 215 2175 93
237 2122 277 2170 ae
291 2099 522 2169 misericordia
543 2099 703 2178 mitigate.
746 2095 819 2163 Hoc
841 2116 917 2163 cttrn
939 2118 959 2163 a
979 2096 1075 2165 vobis
1095 2097 1278 2179 impetrare
1299 2112 1380 2162 cause

236 2205 308 2288 ipsa
336 2198 453 2279 debet,
489 2214 560 2271 tum
589 2215 641 2270 est
666 2202 768 2268 vestri
798 2200 899 2267 animi
927 2211 1026 2284 atque
1051 2201 1185 2269 virtutis
1215 2197 1379 2269 declarare,

234 2331 303 2377 non
324 2330 398 2376 esse
419 2329 477 2376 eos
498 2329 577 2386 vos,
600 2303 642 2375 ad
663 2328 748 2390 quos
769 2306 981 2388 potissimum
997 2305 1193 2386 interposita
1209 2304 1379 2380 reiectione,

129 2502 132 2507 4
236 2412 393 2482 devenire
420 2411 627 2479 convenerit.
668 2408 708 2478 ln
734 2432 799 2492 quo
826 2430 907 2490 ego,
937 2429 1018 2489 vos,
1053 2407 1200 2501 iudices,
1237 2418 1378 2490 quantun

235 2555 459 2571 m

302 2641 315 2704 ᾖ
333 2644 375 2689 92.
392 2638 496 2703 anunm]
513 2642 613 2688 misertis
629 2640 659 2688 P.
670 2664 704 2681 ·-
713 2644 771 2686 sest
782 2638 841 2700 iam]
857 2637 909 2686 Eri.
926 2638 956 2687 P.
973 2640 1020 2684 tam
1036 2642 1088 2701 mat
1102 2637 1161 2684 Ern.
1172 2663 1209 2676 -
1220 2642 1292 2683 totam
1302 2629 1379 2696 mv]

236 2731 308 2774 meam
324 2741 411 2784 repono
426 2727 500 2774 Parc.
517 2742 555 2787 pr.
572 2731 644 2773 totam
660 2739 757 2783 reposco
773 2723 850 2771 Pare.⁴
862 2737 909 2771 sec.
922 2747 957 2760 -
971 2737 1011 2769 uos
1026 2720 1156 2783 reiecuone]
1174 2720 1289 2769 Ambros.
1299 2722 1324 2767 Ρ.
1334 2719 1377 2765 en·

235 2824 277 2856 oos
293 2824 323 2855 ee·
339 2812 459 2856 reiectione
475 2811 527 2858 Eri.
545 2825 585 2856 uos
603 2816 625 2857 et
640 2813 762 2856 reiectione
779 2808 850 2854 Bern.
869 2809 962 2855 Manat.
978 2832 1013 2845 -
1039 2807 1069 2853 Ut
1085 2822 1143 2865 ego,
1165 2803 1239 2871 qaid]
1257 2807 1308 2853 Eri.
1322 2804 1376 2849 Bere

236 2896 293 2943 Ern,
311 2897 363 2955 Ego
380 2901 405 2941 at
420 2899 475 2955 qaid
485 2897 617 2945 Parcenaes
634 2896 716 2942 ambo.
732 2919 765 2934 -
776 2892 845 2953 sacta
861 2891 929 2955 rant]
948 2892 1013 2951 Eri,
1029 2900 1054 2940 nt
1071 2893 1172 2941 volebat
1188 2892 1275 2940 Lamb.
1285 2888 1377 2951 faena!

235 2980 299 3044 (Ρ.)
318 2981 389 3029 Bern.
406 2982 463 3028 Ern.

300 3091 312 3155 ᾗ
330 3093 370 3140 98.
387 3108 402 3138 a
419 3093 483 3138 vobis
499 3089 633 3154 impetrare]
650 3090 703 3137 Eri.
722 3093 845 3148 impetrare
861 3104 875 3134 a
892 3089 956 3134 nobis
974 3086 1038 3149 (P.)
1056 3086 1128 3135 Barn.
1138 3087 1198 3134 Ern.
1211 3113 1243 3126 -
1257 3101 1321 3134 casse
1329 3077 1376 3144 ipa]

235 3172 286 3220 nrt.
303 3180 354 3232 tpsn
371 3189 438 3220 cansa
455 3173 507 3234 (P.)
526 3173 596 3222 Beru.
614 3174 779 3224 um-vos.
798 3171 892 3235 iudices]
908 3172 960 3220 Ere
978 3175 1078 3226 indices,
1095 3187 1135 3218 nos
1146 3172 1199 3234 (1².)
1211 3172 1284 3219 Bern.
1296 3173 1375 3217 ein·-

234 3261 260 3307 e'u
276 3273 317 3305 nos
334 3260 411 3319 amor]
435 3259 487 3306 ert.
509 3273 577 3306 amor
599 3261 623 3305 in
645 3274 686 3307 ons
709 3257 774 3319 (Ρ.)
791 3258 864 3305 Bern.
880 3258 938 3307 Ero.
955 3285 990 3297 -
1008 3259 1032 3303 in
1048 3273 1074 3304 re
1087 3254 1126 3320 pn]
1143 3257 1196 3304 Erf.
1214 3258 1245 3304 P.
1263 3253 1374 3304 Mousti·

138 3363 141 3367 ·
235 3343 300 3390 rebus
310 3344 368 3391 Ern.
381 3341 514 3408 -nostrnl
534 3343 605 3392 Beru.
619 3345 701 3391 Lamb.
719 3349 794 3395 outre
806 3343 857 3395 Erf.
874 3344 932 3390 Era.
949 3347 973 3388 et
987 3358 1037 3388 meo
1055 3347 1077 3388 et
1092 3347 1166 3389 uestra
1178 3342 1208 3389 P.
1242 3335 1373 3402 „optut

171 3493 174 3498 ἱ
235 3424 312 3486 inquit
328 3425 477 3474 Torrentius.
511 3427 566 3489 Ego
584 3435 663 3474 nmen
682 3430 712 3475 de
729 3428 919 3488 interpolatione
936 3428 1018 3475 umec-

232 3535 454 3550 m

301 3623 312 3685 b
331 3625 371 3671 92.
389 3625 510 3671 reiectione
535 3625 683 3686 interposita]
707 3626 909 3688 Interrogationis
931 3626 956 3673 in
979 3626 1102 3673 Vatinium
1125 3625 1186 3686 Cap.
1207 3624 1247 3670 ll.
1265 3619 1372 3685 praecipue

235 3720 288 3754 usus
312 3707 429 3754 difficilem
454 3709 534 3756 locoru
557 3710 591 3756 sic
616 3711 752 3771 explicavit
776 3711 937 3759 Garatouiuse
971 3713 1058 3771 „Lege
1081 3710 1177 3757 Lutetia
1199 3711 1231 3755 de
1247 3709 1272 3756 vi
1288 3705 1372 3768 publicu

233 3807 282 3854 qua
299 3792 323 3839 in
340 3793 370 3839 Ρ.
388 3793 476 3839 Sullam
501 3795 675 3855 quaerebatur,
703 3798 782 3843 nullus
804 3804 858 3843 erat
880 3796 1001 3845 sortitioni
1019 3796 1122 3843 iudicum
1138 3778 1208 3841 locus
1225 3799 1250 3839 et
1267 3794 1371 3838 scrantur

233 3885 310 3925 totum
332 3877 457 3925 consilium
482 3885 555 3941 atque
578 3880 656 3940 ipsum
677 3881 839 3943 quaesitorem
863 3882 993 3941 deligebat.
1028 3880 1139 3928 Ileiectio
1156 3884 1239 3924 sutem
1256 3877 1311 3924 certi
1324 3871 1370 3919 inei

233 3978 286 4010 curn
304 3963 395 4010 numeri
413 3963 448 4010 rei
465 3963 524 4017 fuit,
553 3978 601 4011 non
618 3966 776 4013 accusatoris.
811 3965 897 4027 Itaque
915 3980 968 4011 curn
985 3966 1013 4011 L.
1030 3966 1166 4026 Torquatus
1184 3962 1334 4025 quaesitorem
1347 3967 1367 3998 't

233 4048 322 4095 iudices
345 4048 483 4108 delegisset,
512 4048 615 4096 iudicum
638 4052 732 4096 reiectio
755 4064 771 4096 a
793 4049 822 4095 P.
845 4050 915 4096 Sulla
943 4056 978 4096 est
1006 4051 1149 4107 interposita.
1194 4049 1222 4093 ln
1250 4047 1366 4094 smenon!

233 4135 312 4182 locum
330 4134 393 4181 alios
410 4134 536 4197 quaesitor
552 4135 656 4181 fortasse
673 4141 850 4195 proposuerat,
868 4135 952 4195 quibus
963 4134 1100 4196 Torquatus
1120 4141 1144 4180 et
1160 4134 1323 4192 subscriptores
1335 4125 1365 4168 tl·

232 4219 335 4281 quieturi
353 4219 522 4267 videreturne
558 4218 631 4278 (Iloc
653 4225 734 4264 tamen
757 4221 832 4266 minus
855 4219 965 4280 certrrm.)
999 4220 1067 4277 „Sed
1083 4226 1147 4267 certe
1165 4225 1242 4265 totum
1259 4213 1362 4263 eonsilltss'

212 4317 305 4364 ,quam
329 4301 464 4349 tardissime
492 4307 607 4361 potuere,
622 4301 718 4368 siterurn
741 4303 766 4355 bi
790 4305 950 4361 delegerurrt.“
973 4330 1006 4342 -
1032 4305 1100 4359 Quae
1123 4303 1259 4351 Scholiasta
1279 4293 1361 4354 adiel

233 4388 316 4445 affert,
339 4388 443 4447 abipso
461 4391 514 4434 eunt
532 4388 656 4447 conficte,
