2850 4759
154 176 158 181 ⁸
203 231 265 297 nr
478 222 483 233 ’
673 229 909 299 cressonis

198 400 237 455 ¹et
257 388 392 457 eventui
414 388 598 464 reservari,
621 406 663 453 ue
682 399 743 453 ant
764 388 905 454 deorum
920 387 1169 455 immortalium
1183 388 1391 459 moenum

201 491 419 558 festinatione
446 488 673 570 praeripuisse
703 499 762 554 aut
790 490 858 555 vim
886 488 1046 557 fortunae
1066 488 1215 557 stultitia
1238 504 1387 558 contem

201 596 312 674 puisse
333 589 519 656 videamur.
776 646 779 651 4

160 707 182 769 6
281 690 347 759 Sed
368 691 527 772 quoniam
549 691 752 770 significatio
774 702 888 758 vestra
910 691 994 758 satis
1015 644 1191 769 declarat,
1227 692 1312 773 qnid
1331 691 1387 760 hac

201 793 244 861 de
265 812 302 859 re
323 794 495 871 sentiatis,
528 791 569 858 ad
591 791 722 859 litteras
744 793 897 868 veniam,
929 812 1015 874 quae
1041 803 1121 861 snut
1149 812 1172 858 a
1193 792 1384 860 consulibus
1415 802 1416 825 *

149 902 153 909 '
202 906 237 961 et
258 915 278 960 a
298 905 522 975 propraetore
543 894 684 978 missae,
711 892 741 958 si
761 912 870 972 panea
891 903 986 970 ante,
1014 911 1101 973 quae
1119 891 1166 965 ad
1181 893 1288 973 ipsas
1307 893 1386 961 litte·

201 1014 258 1061 raa
279 994 488 1075 pertineant,
516 991 650 1058 dixero.
788 1052 789 1057 ,
1084 1080 1088 1081 ⁷
1340 1024 1344 1029 ·

275 1096 341 1159 111.
384 1093 510 1159 lmbuti
531 1091 653 1172 gladii,
681 1093 801 1159 Patres
822 1093 1028 1173 conscripti,
1057 1091 1239 1181 legionum
1264 1093 1386 1158 exerei-

203 1206 368 1274 tuumque
402 1204 599 1260 nostrorum
633 1191 687 1259 vel
719 1191 902 1259 madefacti
933 1194 1046 1274 potins
1075 1192 1214 1260 duobus
1234 1194 1385 1260 duorum
1415 1204 1416 1207 ’

202 1293 401 1371 consulum,
424 1286 524 1360 tertio
545 1294 702 1360 Caesaris
725 1292 871 1374 proelio.
913 1293 948 1359 Si
970 1292 1120 1360 hostium
1143 1294 1215 1359 luit
1238 1293 1297 1362 ille
1315 1316 1386 1362 sau-

201 1396 296 1480 guis‚
327 1414 463 1462 suruma
491 1393 637 1461 militum
663 1394 789 1475 pictas:
825 1391 994 1460 nefarium
1022 1391 1155 1470 scelus,
1190 1395 1220 1460 si
1254 1396 1383 1460 civium.

137 1534 148 1547 =
203 1494 394 1582 Quousque
421 1494 526 1573 igitur
560 1495 608 1566 is.
646 1494 702 1574 qni
738 1513 857 1561 omnes
885 1491 1003 1569 hostes
1039 1492 1172 1560 scelere
1202 1497 1385 1576 superarit,

201 1595 338 1662 uomina
359 1593 468 1660 hostis
491 1593 646 1659 carebit?
674 1594 748 1661 Nisi
770 1613 951 1659 mucrones
967 1594 1068 1659 etiam
1083 1605 1296 1661 nostrorum
1309 1593 1385 1660 mili·

204 1705 276 1761 turn
298 1705 446 1758 tremere
467 1691 568 1758 voltis
591 1691 803 1771 dubitantes,
836 1695 1007 1760 utrum-iu
1029 1696 1121 1781 eive,
1154 1715 1202 1760 an
1232 1698 1271 1762 in
1297 1695 1384 1762 hoste

162 1790 360 1870 tfigautnr.
415 1791 716 1873 supplicationem·
735 1792 909 1860 deon-nis:
948 1794 1082 1862 hostem
1120 1817 1193 1861 uon
1229 1795 1382 1878 appellas.

203 1893 330 1959 Gnatae
355 1911 437 1958 vero
464 1903 604 1960 nostrae
631 1892 695 1960 diis
724 1892 974 1961 immortalibus
1001 1893 1260 1973 gratulationes
1284 1907 1382 1969 erunt,

202 2004 320 2072 gratae
348 1994 524 2071 victimae,
560 2014 638 2059 eum
667 1995 849 2060 interiecta
876 1994 922 2059 sit
949 1996 1072 2059 civium
1095 1993 1308 2063 multitudo!
1338 1995 1382 2061 lle

202 2094 443 2178 tuaprobtsar
474 2093 693 2161 audacibus:
717 2114 809 2163 nam
845 2093 895 2159 sic
922 2114 982 2159 eos
1004 2091 1152 2174 appellat
1174 2094 1382 2163 clarissimus

202 2196 272 2272 virg
294 2215 379 2277 quae
400 2206 480 2263 sunt
502 2196 710 2267 tubanarum
730 2191 910 2259 maledicta
925 2191 1051 2278 litium,
1074 2218 1142 2261 non
1157 2196 1301 2264 inustae
1317 2194 1381 2264 belli

202 2295 402 2362 internecini
435 2306 550 2362 notae.
599 2294 840 2369 Testamenta,
872 2293 994 2375 eredo,
1034 2296 1224 2364 subiiciunt
1255 2310 1315 2364 aut
1334 2298 1382 2362 cii·

203 2396 297 2461 ciunt
323 2396 451 2460 vicinos
479 2405 538 2463 aut
565 2392 840 2461 adolescentulos
871 2394 1178 2474 circumscribunt·
1215 2396 1272 2464 iris
1303 2399 1384 2463 enirn

203 2497 291 2561 vitiis
319 2496 460 2561 affectos
487 2505 521 2559 et
546 2493 667 2563 talibus
703 2492 812 2560 malos
843 2504 877 2559 et
909 2493 1054 2562 audaces
1088 2494 1270 2576 appellare
1304 2495 1385 2564 solet

161 2600 183 2660 8
205 2590 445 2665 consuetudo
472 2592 605 2659 Bellum
634 2583 838 2681 inexpiabile
864 2581 970 2659 infert
996 2606 1156 2674 quattuor
1189 2596 1384 2665 consulibus

204 2692 303 2774 nnius
325 2691 478 2759 omnium
500 2689 673 2761 latronum
697 2694 908 2787 teterrimus:
930 2694 1021 2772 gerit
1040 2693 1131 2761 idem
1154 2694 1291 2777 bellum
1311 2718 1384 2765 enm

203 2816 399 2832 ..Ἤ

202 2902 302 2952 prorsus
320 2898 346 2937 ut
370 2891 410 2937 hie
427 2891 607 2938 consurrectum
628 2882 702 2937 'allert
729 2906 763 2938 ex
781 2892 884 2939 Pacuvii
901 2887 998 2938 Ilionae
1030 2892 1141 2950 Profecto
1158 2900 1214 2939 aret
1230 2898 1318 2942 inibi
1334 2900 1383 2948 eat,

123 3030 129 3039 .
202 2979 255 3021 aut
271 2977 328 3019 iem
348 2974 472 3032 potiuntur
488 2976 592 3032 Frngnm
610 2973 767 3034 (Phrygum.)
786 2974 837 3020 cfr.
856 2974 1003 3020 Ferrarium.

270 3056 282 3117 l
300 3059 325 3103 6.
342 3056 440 3117 imbuti]
458 3058 535 3102 Recte
547 3056 573 3101 in
585 3056 609 3100 h.
622 3070 646 3103 v.
658 3054 824 3102 Foreellinua:
842 3056 936 3111 „minus
948 3062 985 3102 est
996 3069 1070 3116 qnam
1082 3055 1229 3114 modeim&
1241 3059 1345 3116 (meaa
1353 3080 1382 3093 ··

203 3138 338 3197 iriesead)a
354 3139 400 3185 etsi
411 3152 467 3184 cunr
479 3137 593 3183 Munatio*
604 3139 755 3183 contrarium
766 3137 841 3185 tradit
853 3137 878 3182 in
890 3151 914 3185 v.
926 3137 1077 3194 madefactas.
1098 3137 1145 3183 Setl
1157 3139 1257 3203 κλῖμαξ
1267 3153 1285 3184 ι
1296 3140 1382 3185 fluore
1414 3176 1417 3187 .

202 3221 235 3264 ad
257 3220 334 3266 maius
356 3220 456 3267 omnino
480 3219 618 3279 requiritur.
651 3218 724 3271 Quod
749 3220 826 3278 volgo
851 3224 908 3277 port
926 3233 950 3265 v.
968 3214 1049 3264 minet
1066 3220 1156 3278 legitur
1173 3222 1294 3277 raugam
1310 3219 1380 3268 doleri

202 3301 351 3348 anctoritate
367 3300 435 3353 AB..
461 3302 528 3360 quod
552 3312 576 3347 r.
601 3300 755 3358 cogitatione
778 3300 921 3346 eliciendum
938 3306 975 3346 eat
992 3315 1007 3346 e
1025 3315 1049 3347 r.
1064 3303 1168 3356 proelio.
1206 3302 1253 3348 Sic
1271 3304 1380 3349 naiore-

202 3383 276 3428 etiam
299 3381 348 3429 rim
371 3382 516 3428 nanciscitur
538 3395 639 3442 anquene
661 3372 691 3429 vi
709 3383 813 3439 anagnis.
832 3406 863 3417 -
881 3381 969 3425 duobm
990 3383 1088 3427 duorum
1111 3381 1254 3446 aemulum}
1268 3384 1324 3431 ΔΒ.
1339 3397 1379 3444 pra

202 3462 288 3508 danim
305 3465 431 3512 romulum
474 3462 514 3507 Ad
532 3474 582 3509 rem
600 3463 645 3508 eir.
662 3461 674 3522 i
691 3463 726 3508 26
743 3474 811 3523 seqq.

248 3561 252 3567 ·
269 3543 281 3602 §
299 3545 323 3588 7.
341 3544 443 3588 nomn
454 3567 466 3579 ·
476 3567 488 3579 ·
498 3542 615 3603 appellas]
636 3543 678 3590 Sic
690 3543 722 3590 A.
740 3558 755 3589 a
767 3559 805 3602 pr.
818 3558 849 3590 m.
862 3557 908 3602 pro
925 3545 1048 3588 decerrritia
1058 3566 1070 3578 ·
1082 3546 1235 3600 -uppettartr
1261 3549 1295 3594 A.
1313 3565 1329 3594 a
1339 3562 1379 3595 aar.

201 3637 233 3668 ιιι.
256 3622 331 3667 Bor.
364 3623 497 3683 Eleganter
524 3626 557 3670 ad
580 3637 652 3670 unum
675 3624 704 3669 P.
729 3624 860 3671 Servilium
892 3624 1004 3678 Variam,
1033 3624 1136 3670 isarniri
1163 3627 1259 3683 tilium,
1293 3631 1336 3690 qui
1359 3630 1379 3675 id
1415 3646 1416 3657 ¹

201 3708 357 3759 decreverat,
382 3720 434 3752 sere
456 3706 591 3763 convertit,
619 3706 656 3751 ita
676 3712 757 3751 tarum
781 3712 808 3751 ut
830 3719 885 3751 euru
908 3719 958 3751 non
981 3707 1099 3764 appellet.
1117 3730 1153 3742 -
1168 3709 1272 3754 metuar
1289 3709 1380 3770 aidau]

200 3788 234 3833 Ut
251 3786 360 3833 homines
375 3787 524 3846 impotenter
539 3794 590 3833 tum
607 3788 690 3833 iacere
706 3787 820 3833 solebant
838 3787 954 3833 adversus
976 3787 1064 3844 inopes
1082 3787 1184 3833 vicinos.
1203 3789 1262 3836 cn.
1288 3792 1380 3840 Horatii

199 3870 247 3915 Od.
265 3870 295 3924 2,
316 3869 362 3922 18,
380 3870 421 3914 23.
460 3871 534 3923 Quid,
558 3871 705 3933 quotiesque
720 3870 847 3923 proxima
864 3868 966 3911 Rauellrs
983 3869 1038 3924 agri
1055 3870 1167 3912 terminon
1185 3874 1210 3913 et
1227 3873 1296 3917 ultra
1313 3876 1379 3929 Liarif

199 3956 232 3995 ter
249 3951 364 3995 clierrtr'nm
382 3951 443 3994 Sulis
459 3952 564 3994 auarus?
582 3953 628 3993 cet.
647 3971 683 3984 ·-
707 3939 915 4011 circumscribunt]
946 3945 1068 3992 Iuvenalis
1086 3947 1142 3993 Sat.
1161 3949 1207 4010 15,
1230 3951 1292 4000 135.
1307 3956 1378 4012 papil-

199 4033 246 4076 lam
262 4032 320 4076 nd
311 4044 362 4075 rura
380 4032 498 4073 vocantem
519 4029 841 4086 circumscriptorem.
853 4052 888 4066 -
904 4028 989 4087 malus]
1007 4028 1059 4074 cfr.
1076 4028 1178 4076 Horatii
1197 4030 1252 4079 sar.
1269 4036 1344 4092 1,4,
1359 4036 1377 4081 5.
1415 4036 1416 4077 ζ

198 4112 260 4169 qaod
277 4112 374 4155 malua
390 4113 431 4153 aut
449 4107 493 4166 (al.
449 4105 548 4177 (ac)
561 4106 614 4165 fur.
1415 4086 1416 4105 ¹

268 4189 321 4247 58.
340 4191 447 4245 quattuor
458 4188 528 4245 coss]
546 4186 637 4243 Hirtio,
655 4187 765 4246 Pansae,
782 4190 813 4240 D.
832 4190 924 4249 Bruto,
940 4192 1050 4254 Planco,
1068 4194 1105 4243 iria
1122 4197 1236 4258 quidem
1242 4202 1376 4263 designati-
1415 4160 1416 4167 ἵ
