2850 4759
217 217 277 281 sto
684 203 919 284 creaturus

217 375 314 454 litas,
348 373 526 459 splendor,
560 375 750 458 ingenium,
785 397 869 460 quae
895 376 1355 461 nequaquamfuerun13hoc

218 493 311 547 certe
337 480 553 564 praecipuum
582 481 788 558 Tuberonis,
823 468 913 565 quod
940 483 1029 550 iusto
1057 476 1288 561 cnm'imperio
1317 501 1355 544 ex

218 596 355 653 senatus
384 583 538 652 consulto
566 586 598 649 in
627 585 831 667 provinciam
853 606 949 651 suam
971 597 1119 651 venerat.
1162 585 1241 649 Hinc
1258 582 1354 666 probi-

216 689 306 756 bitus
327 712 396 756 non
417 688 458 753 ad
481 689 680 766 Caesarem,
710 709 752 756 ne
773 689 897 766 ira-tus,
928 711 997 754 non
1024 686 1182 765 domum,
1211 708 1249 753 ne
1267 678 1353 761 iners,

216 813 286 858 sion
312 792 345 857 in
371 789 515 874 aliquam
542 792 733 877 regionem,
753 781 755 783 ¹
774 815 816 859 ne
848 793 1070 859 condemnaro
1104 812 1235 858 eausam
1266 789 1353 867 illam,

217 915 318 977 quam
339 907 475 963 secutus
497 908 604 969 esset,
625 895 810 962 videretur
831 895 863 961 in
885 895 1120 965 Macedoniam
1142 895 1183 963 ad
1205 896 1260 960 Cn.
1272 895 1355 959 Pom·

216 998 282 1081 peii
303 1010 413 1067 castra
434 1001 543 1074 venit,
563 1000 597 1065 in
618 1020 690 1072 eam
712 1001 817 1082 ipsam
839 1021 993 1074 causam,
1014 1019 1033 1064 a
1054 1020 1118 1081 qna
1140 1011 1211 1064 erat
1230 999 1354 1065 reiectus

158 1107 197 1169 28
218 1124 296 1175 cum
322 1105 454 1170 iniuria.
498 1103 614 1196 Quid?
649 1127 726 1173 cnm
754 1106 819 1171 ista
846 1123 899 1170 res
927 1101 1009 1168 nihil
1035 1103 1273 1168 commovisset
1295 1101 1354 1163 eius

217 1207 384 1286 animum,
407 1206 453 1277 ad
476 1230 573 1291 quem
596 1209 780 1283 veneratis,
807 1192 1031 1287 languidiore,
1060 1205 1182 1291 credo,
1210 1203 1334 1271 studio
1328 1225 1355 1266 ιιι

217 1331 318 1378 causa
346 1311 473 1382 fulstis:
511 1311 780 1379 tantummodo
772 1335 803 1376 m
826 1310 998 1393 praesidiis
1021 1312 1140 1388 etatis,
1171 1309 1268 1374 animi
1287 1328 1353 1371 vero

217 1436 236 1480 a
258 1434 359 1480 causa
380 1413 618 1481 ablrorzrebant
652 1436 730 1492 an,
743 1427 781 1481 ut
801 1415 866 1480 fit'
859 1439 891 1480 ιιι
913 1413 1062 1481 civilibus
1085 1412 1178 1480 bellis
1200 1413 1216 1447 ⁴⁵
1239 1412 1323 1477 ”n

215 1519 250 1583 iu
271 1517 366 1584 vobis
388 1517 494 1598 magis
522 1540 620 1600 quarn
643 1519 675 1585 in
697 1517 852 1601 reliquis,
886 1539 1002 1586 omnes
1024 1519 1109 1593 enim
1133 1516 1282 1582 vincendi
1300 1526 1355 1581 stu·

217 1618 273 1686 dio
297 1620 503 1687 tenebamur.
545 1622 641 1688 Pacis
662 1621 815 1703 equidem
836 1643 970 1705 semper
991 1635 1110 1687 auctor
1130 1622 1199 1686 fui:
1222 1620 1277 1687 sed
1299 1633 1356 1684 turn

217 1745 314 1803 seros
344 1725 524 1792 eratenim
546 1727 705 1814 amentis,
738 1748 815 1792 cum
837 1726 942 1792 aciem
964 1724 1114 1803 videres,
1148 1745 1263 1806 panem
1284 1721 1356 1800 cogi·

216 1830 301 1894 tire.
343 1828 483 1906 Omnes,
515 1829 669 1912 inquam,
703 1830 838 1895 vincere
856 1824 1071 1895 volebamus:
1108 1840 1144 1892 tu
1165 1839 1257 1892 certe
1282 1845 1357 1908 prae

217 1931 331 2013 cipue,
355 1934 409 2015 qni
430 1934 462 1999 in
486 1953 561 2000 eum
583 1931 696 1999 locum
719 1935 888 2010 venisses,
909 1933 964 1998 ubi
982 1932 1037 1997 tibi
1054 1943 1143 1997 essct
1157 1929 1357 2013 pereundum,

214 2034 278 2100 nisi
299 2035 455 2107 vicisses:
477 2057 697 2118 quamquam,
720 2047 758 2102 ut
777 2056 866 2102 nunc
888 2055 924 2101 se
945 2056 998 2102 res
1019 2035 1138 2113 babet,
1159 2056 1227 2100 non
1249 2033 1356 2106 dubito,

217 2139 295 2220 quin
326 2136 412 2205 hanc
439 2137 581 2205 salutem
610 2151 794 2221 anteponas
821 2137 868 2203 illi
896 2126 1069 2205 victoriae.

116 2250 118 2255 '
157 2248 196 2311 29
293 2242 338 2310 X.
377 2242 468 2308 Haec
497 2264 559 2324 ego
588 2265 656 2308 non
684 2241 848 2316 dicerem,
884 2242 1038 2318 Tubero,
1073 2242 1100 2308 si
1128 2253 1187 2307 aut
1214 2263 1274 2308 vos
1293 2262 1358 2306 con-

216 2345 358 2411 stantiae
373 2358 523 2432 vestrae,
545 2357 603 2411 aut
619 2348 797 2412 Caesarem
813 2346 963 2411 beneficii
977 2346 1027 2411 sui
1044 2344 1245 2425 poeniteret.
1278 2345 1358 2410 Nunc

213 2441 361 2533 quaero,
392 2461 507 2515 utrum
536 2461 666 2515 vestras
687 2448 850 2522 iniurias,
883 2471 924 2513 an
952 2449 998 2513 rei
1027 2446 1178 2529 publicae
1200 2446 1384 2530 persequi?

215 2552 333 2627 minii
368 2552 401 2618 Si
428 2553 476 2618 rei
502 2550 671 2635 publicae:
704 2551 851 2634 quidde
883 2562 993 2618 vestra
1013 2551 1046 2617 in
1068 2548 1124 2616 illa
1144 2572 1247 2619 causa
1266 2569 1359 2632 perse·

217 2693 442 2706 *n—

215 2778 276 2839 (non
294 2777 330 2839 b.)
348 2782 427 2825 —od
443 2782 504 2827 Mac.
519 2795 639 2841 superscr.
658 2781 681 2824 in
700 2780 717 2826 l.
729 2781 796 2823 -ia
817 2780 857 2826 Cn.
875 2782 899 2827 b.
910 2808 944 2820 -
956 2787 979 2827 et
995 2797 1043 2828 som
1060 2782 1084 2828 b.
1096 2807 1127 2818 —
1140 2785 1240 2830 reiectus
1255 2785 1330 2829 iniuria
1342 2794 1357 2824 e·

214 2878 333 2924 superscr.
353 2878 410 2910 cum.
427 2868 522 2910 reiectus
539 2868 564 2910 in
581 2868 666 2911 iniuria
683 2852 820 2925 gfreieotus
837 2866 922 2921 iniuria
939 2864 956 2909 l.

282 2971 294 3034 b
310 2974 352 3021 28.
363 2972 436 3032 suisti
452 2975 468 3020 l.
485 2999 519 3012 -
535 2976 579 3020 otii
595 2989 650 3019 osro
667 2975 684 3019 l.
696 2998 731 3010 -
742 2986 772 3017 on
790 2986 816 3016 ns
833 2987 950 3032 superscr.
968 2976 993 3016 st
1009 2972 1033 3017 b.
1045 2998 1076 3010 -
1086 2973 1150 3017 bellis
1162 2973 1176 3000 ⁴
1187 2973 1202 3001 θ
1213 2972 1264 3034 asc]
1282 2969 1357 3028 „Exci

214 3058 313 3115 derunt,
341 3073 405 3120 quae
426 3059 528 3120 proprie
546 3061 576 3105 ds
593 3059 747 3106 Tuberonum
764 3057 843 3105 studio
862 3054 927 3103 dieta
943 3059 1044 3105 erant.“
1061 3058 1176 3104 Μιιιιιιιιι.
1212 3058 1294 3119 Volgo
1309 3056 1356 3102 dele·

214 3149 265 3189 ctus
277 3157 324 3190 oon
338 3149 443 3189 notatur.
452 3158 568 3189 -omnes
578 3142 647 3204 enim]
661 3144 723 3205 eglb.
736 3156 784 3188 om.
797 3142 856 3186 enim
868 3157 891 3188 v.
899 3143 1067 3187 -tenstamur
1078 3157 1216 3201 supersim,
1217 3146 1264 3200 ,vel
1275 3143 1356 3188 tendas·

214 3231 282 3274 tur.“
300 3244 374 3276 e.-
339 3230 578 3275 -oidcremla-
604 3243 694 3279 omsrcs,
717 3241 807 3280 omnes,
831 3229 924 3285 inquam
941 3226 1071 3273 Goerenzii
1088 3227 1202 3273 coni.-
1171 3243 1310 3273 -saoeros
1323 3224 1384 3285 egl

212 3313 274 3372 (nou
292 3287 377 3373 b.)
400 3315 446 3358 nisi
463 3316 563 3358 vinceres
581 3315 618 3360 vel
636 3315 834 3372 nincissesg-
852 3320 987 3370 quamquam
1010 3312 1069 3354 enim
1092 3315 1160 3356 nte.
1187 3313 1249 3371 (non
1266 3311 1355 3372 giba)
1383 3338 1384 3371 ι

212 3397 295 3441 habeut
310 3412 333 3456 g.
351 3410 438 3442 -res
455 3397 521 3442 babet
536 3411 560 3442 se
582 3397 605 3442 b.
623 3422 655 3435 -
673 3399 728 3457 quia
745 3399 812 3441 stium
829 3398 887 3441 hanc
905 3396 928 3441 b.
946 3420 977 3430 -
1001 3399 1126 3453 anteponas
1146 3397 1185 3440 itti
1205 3412 1276 3456 quam
1295 3388 1384 3440 tatas
1383 3416 1384 3419 ¹

209 3483 325 3539 potuisses
341 3483 361 3526 si
377 3483 477 3526 vinceres
493 3483 611 3527 uictoriae.
628 3484 671 3526 troc
688 3480 746 3542 (sic)
759 3495 802 3540 ego
819 3482 836 3526 l.
882 3546 886 3549 ι
1192 3477 1196 3483 ’
1383 3464 1384 3481 ³

211 3650 215 3657 ι
280 3587 291 3650 b
308 3589 349 3635 29.
366 3591 387 3634 si
403 3594 443 3635 aot
461 3588 527 3649 (voc.
546 3587 627 3649 eroso)
646 3592 800 3644 constantine,
817 3589 842 3635 in
859 3603 935 3650 marg.
953 3603 995 3635 aos
1012 3588 1068 3650 (sic)
1085 3590 1220 3649 suppletur.
1238 3591 1256 3637 l.
1273 3613 1301 3627 -
1316 3599 1353 3632 cor

210 3674 307 3717 stantiae
330 3676 416 3717 vestrae
439 3680 482 3719 aut
503 3678 594 3718 nostrae
618 3674 634 3718 l.
657 3666 697 3712 -’
714 3664 789 3719 uestra
812 3676 836 3719 ia
857 3670 911 3737 illa]
935 3689 973 3735 eg.
998 3679 1074 3720 vestra
1095 3676 1159 3718 anila
1177 3675 1194 3719 l.
1213 3680 1291 3720 vestm
1305 3676 1353 3718 ists
1383 3698 1384 3751 ι

212 3750 302 3804 bv.-
318 3758 340 3801 si
356 3761 443 3802 vestras
460 3758 557 3803 iniurias
574 3758 731 3802 viserat-
755 3757 844 3817 uideor]
862 3758 893 3803 el.
910 3759 1003 3812 videor,
1023 3757 1106 3803 Caesar
1122 3758 1179 3818 gbv.
1197 3783 1232 3796 -
1248 3770 1291 3805 asse
1305 3762 1384 3803 ocrr

209 3836 289 3901 patus]
310 3842 371 3902 eglb.
390 3856 469 3901 occup.
487 3856 565 3889 ssssv
566 3866 618 3888 .-
632 3842 813 3903 misericordiae]
830 3844 863 3902 gl.
880 3843 1052 3931 misericordias
1068 3856 1187 3902 superscr.
1204 3847 1291 3890 tuaac.
1304 3843 1353 3887 misc

212 3927 328 3972 ricorda'oe
345 3931 396 3972 tuos
412 3926 451 3974 bv.

212 4056 434 4070 -—··-—-s-—

278 4140 348 4203 tas.
372 4145 437 4202 pass
459 4123 571 4208 spissam]
596 4143 634 4192 sa
657 4143 744 4192 samir.
758 4147 788 4205 o,
806 4144 830 4192 s.
874 4144 934 4201 orta
955 4160 998 4206 ego
1019 4146 1165 4207 praetermis
1181 4150 1222 4193 aaa
1237 4146 1350 4192 aonam
1383 4160 1384 4165 ι

210 4227 250 4268 ast
265 4229 419 4283 querelarum,
447 4242 496 4273 cum
516 4231 551 4291 sel
565 4230 731 4288 iniquissimam
746 4245 828 4287 pacem
848 4233 973 4277 tristissimo
988 4233 1047 4278 lello
1065 4230 1224 4290 anteferrem?
1254 4229 1303 4283 ,Pbil
1320 4224 1351 4277 ¹⁰9
1383 4228 1384 4285 i

211 4306 253 4352 at.
267 4311 347 4364 pacis,
371 4312 520 4365 concordiae,
542 4314 716 4371 compositionis
733 4318 814 4359 auctor
831 4328 878 4359 esse
895 4326 940 4358 aon
957 4315 1041 4360 destiti.
