2850 4759
201 264 260 335 tu
667 262 904 359 ercsuoms

141 439 181 502 43
280 418 359 489 XV.
401 420 466 499 Et.
496 422 654 505 quostiam
684 425 871 491 auctoritas
898 443 1033 505 quoque
1058 424 1094 490 iu
1118 422 1212 493 bellis
1236 424 1375 493 admini-
1417 434 1418 445 ¹

200 522 348 591 serandis
374 522 520 589 multum
547 534 649 606 atque
677 524 711 589 iu
737 526 881 605 imperio
903 524 1040 591 militari
1061 524 1170 604 valet,
1205 540 1298 592 certe
1317 549 1375 593 ne·

200 624 284 691 mirri
308 623 447 691 dubium
473 636 540 701 est,
569 626 651 706 quin
672 644 711 690 ea
734 645 771 690 re
792 625 886 693 ,idern
907 624 963 691 itte
984 626 1170 707 imperator
1191 625 1373 707 plurimum

200 725 321 808 possit.
365 724 590 819 Vehementer
607 738 721 791 autem
743 728 914 807 pertinere
936 726 977 793 ad
998 725 1085 792 bella
1098 724 1374 804 administranda,

200 826 280 909 quid
303 826 438 899 hostes,
461 827 539 908 quid
562 827 646 895 soeii
669 826 710 892 de
735 827 998 908 imperatoribus
1021 830 1147 895 nostris
1168 827 1374 904 existiment,

200 926 274 1006 quis
302 925 453 1004 ignorat,
485 947 563 995 eum
583 929 731 994 sciamus
757 927 911 994 homines
933 930 967 994 in
990 929 1094 995 tantis
1108 931 1225 1006 rebus,
1262 940 1301 994 ut
1323 940 1377 994 aut

200 1037 420 1111 contemnant
449 1040 509 1094 aut
536 1040 691 1095 metuant
720 1041 780 1094 aut
806 1028 940 1095 oderint
965 1039 1025 1094 aut
1051 1041 1186 1107 ament,
1207 1030 1376 1110 ,opinione

147 1154 151 1167 ·
198 1151 268 1196 narr
296 1128 408 1197 rariaus
437 1140 472 1195 et
495 1129 708 1210 famaquam
731 1128 842 1211 aliqua
864 1132 993 1197 ratione
1017 1140 1111 1195 certa
1136 1131 1375 1198 commoveri?

200 1228 302 1318 Quod
324 1230 428 1309 igitur
448 1251 575 1296 nomeu
602 1251 752 1312 uuquam
777 1231 811 1295 in
833 1231 915 1297 orbe
941 1242 1110 1297 terrarum
1139 1230 1265 1299 elarius
1287 1232 1373 1297 suit?

199 1333 295 1398 errius
316 1352 371 1398 res
390 1343 508 1411 gestae
526 1331 656 1413 pares?
678 1331 720 1397 de
734 1353 800 1413 quo
819 1329 957 1398 homine
976 1352 1055 1411 vos,
1070 1331 1103 1396 iri
1124 1331 1215 1412 quod
1231 1333 1378 1397 maxime
1417 1404 1418 1409 .

199 1430 282 1501 feeit
307 1433 565 1507 auctoritatem,
592 1443 684 1498 tauta
709 1443 835 1499 ettam
862 1428 1187 1511 praeclara-iudicia
1218 1431 1376 1499 fecistis?
1417 1442 1418 1459 ³

138 1541 178 1602 tt
199 1532 253 1599 An
281 1551 366 1599 ‚uera
391 1531 495 1598 ullam
519 1554 663 1615 usquam
697 1553 774 1600 esse
806 1553 903 1599 arum
937 1543 1007 1596 tam
1031 1528 1201 1597 desertam
1231 1534 1376 1613 putatis,

105 1670 110 1677 ·
198 1654 266 1714 quo
291 1655 361 1699 noa
381 1630 473 1698 illius
498 1632 563 1699 diei
582 1635 673 1701 serua
695 1634 904 1715 pervaserit.
927 1653 1006 1700 eum
1031 1633 1212 1701 universus
1233 1634 1377 1716 populus

197 1735 373 1805 Romanus
404 1732 534 1801 referto
565 1733 644 1802 soro
680 1733 927 1815 completisque
955 1735 1114 1800 omnibus
1150 1733 1307 1818 templis„
1340 1755 1377 1799 ex

199 1834 320 1915 quibus
343 1833 399 1899 hie
426 1833 524 1901 loeus
553 1835 703 1915 conspici
731 1846 862 1916 potest,
892 1855 997 1899 unum
1026 1834 1089 1900 sibi
1124 1833 1165 1899 ad
1195 1854 1376 1903 commune

199 1935 352 2001 omnium
374 1934 526 2012 gentium
549 1934 675 2002 beilum
700 1936 761 2003 Cn.
782 1935 984 2015 Pompeium
1003 1934 1249 2014 imperatorem
1276 1935 1376 2014 depo·

197 2033 336 2115 possiti
370 2033 509 2115 ltaque,
531 2048 569 2101 ut
595 2034 694 2116 plura
718 2059 787 2102 nou
812 2035 922 2103 dieam
949 2056 1060 2115 neque
1089 2033 1238 2101 aliorum
1264 2026 1376 2102 exem-

197 2131 262 2214 plis
300 2133 521 2214 confirmem,
560 2148 726 2217 quantum
769 2137 954 2202 auctoritas
987 2133 1098 2203 valeat
1130 2136 1164 2200 in
1198 2134 1308 2216 betto,
1337 2137 1374 2200 ab

199 2233 319 2302 eodem
356 2237 419 2302 Cn.
450 2237 613 2318 Pompeio
645 2236 797 2303 omnium
825 2257 940 2303 rerum
973 2236 1189 2316 egregiarum
1221 2233 1376 2317 exempla

198 2347 397 2416 surnauturt
431 2338 487 2420 qui
512 2360 579 2419 quo
606 2338 659 2405 die
688 2360 706 2404 a
730 2338 824 2405 vobis
847 2338 1018 2429 mauritium
1048 2335 1135 2403 bello
1159 2340 1375 2421 praepositus
1416 2364 1417 2437 p

199 2449 253 2505 est
270 2440 478 2519 imperator,
501 2450 593 2503 tanta
615 2449 759 2518 repente
775 2437 885 2504 vilitas
909 2458 1063 2514 annonae
1084 2458 1128 2503 ex
1148 2459 1292 2510 summa
1309 2443 1376 2505 ino·
1416 2468 1417 2497 t

198 2540 254 2619 pia
277 2549 312 2602 et
336 2539 477 2603 caritate
501 2540 549 2602 rei
574 2538 818 2605 frumentariae
842 2550 1027 2607 consecuta
1046 2551 1100 2606 est
1116 2540 1216 2606 uuius
1232 2540 1374 2607 hominis
1415 2546 1417 2659 p

198 2657 260 2718 ape
282 2637 499 2713 sensistine,
536 2649 698 2718 quautam
723 2640 783 2705 vix
811 2661 854 2705 ex
876 2661 1010 2706 summa
1035 2641 1191 2708 ubertate
1216 2663 1375 2721 agrorum
1415 2706 1416 2715 ,

138 2742 178 2804 45
199 2737 356 2802 diuturna
375 2759 443 2819 pax
464 2739 593 2804 efficere
614 2741 795 2819 potuisset.
835 2741 926 2822 iarn,
948 2751 1087 2820 accepta
1108 2740 1143 2805 ia
1160 2742 1276 2808 Ponto
1296 2740 1376 2807 caia·

150 2884 154 2889 -
200 2839 318 2907 mitate
346 2859 390 2905 ex
417 2860 457 2905 eo
484 2839 635 2920 proelio,
673 2838 714 2904 de
740 2860 807 2920 quo
834 2860 895 2906 vos
924 2839 1038 2920 paullo
1066 2851 1146 2907 aute
1167 2840 1299 2909 invitus
1325 2841 1377 2908 ad·
1415 2832 1416 2885 ἶ

199 2941 334 3026 monui,
366 2960 445 3007 cum
481 2941 582 3007 socii.
603 2941 876 3021 pertimuissent,
910 2939 1059 3009 hostium
1094 2962 1177 3022 opes
1211 2945 1376 3024 animique
1414 2968 1415 3021 3

199 3044 406 3117 creuissent,
438 3044 520 3111 satis
543 3043 680 3109 firmum
701 3040 908 3125 praesidium
933 3044 1108 3124 provincia
1131 3065 1201 3108 nou
1226 3043 1375 3125 haberet,

199 3145 399 3213 amisissetis
418 3146 549 3223 Asiam,
593 3144 759 3231 Quirites,
797 3143 862 3208 uisi
880 3142 913 3207 id
936 3144 1047 3224 ipsum
1071 3142 1237 3227 temporis
1264 3143 1375 3208 diuini·

119 3293 123 3302 .
201 3256 254 3310 tus
284 3247 346 3311 Cu.
379 3245 580 3325 Pompeium
604 3243 730 3313 adeas
754 3244 910 3323 regiones
933 3243 1074 3310 fortuna
1087 3242 1213 3325 ‘popuii
1235 3242 1374 3312 Romani

267 3427 279 3489 i
302 3429 344 3474 ts.
362 3430 491 3473 auctoritas
515 3442 604 3489 quoque
625 3429 683 3491 cet]
701 3430 821 3490 Palimps.
836 3430 867 3476 Ε.
884 3431 1011 3475 auctoritas
1030 3432 1127 3475 multum
1147 3432 1173 3473 in
1195 3430 1267 3474 bellis
1283 3431 1374 3475 aeaut·

198 3512 301 3556 emundis
324 3515 391 3568 atque
410 3513 508 3567 imperio
532 3511 592 3558 Era.
616 3512 725 3572 (muttum
749 3527 838 3571 quoque
857 3515 882 3557 s'a
901 3513 967 3558 bellis
988 3510 1030 3567 P.)
1048 3537 1081 3550 -
1097 3513 1227 3568 plurimum
1253 3515 1314 3556 ideas
1339 3509 1374 3553 itte

199 3594 328 3648 imperator
342 3595 420 3649 possit
437 3592 468 3638 P.
487 3618 522 3630 -
543 3592 642 3653 naemu]
663 3593 783 3652 Palimps.
800 3593 832 3639 E.
849 3597 933 3639 uestris
950 3594 1008 3641 Bru.
1028 3616 1056 3630 -
1075 3598 1098 3639 et
1112 3593 1195 3652 famu]
1212 3593 1331 3653 Palimpe
1350 3604 1374 3634 ⁶⁶

188 3674 264 3735 jussa
287 3675 375 3721 Celsa.
387 3675 470 3733 sursus
490 3676 521 3722 Ε.
542 3675 602 3724 Eru.
622 3698 658 3712 -
676 3679 722 3720 rat.
744 3674 817 3733 certa]
834 3676 952 3736 Palimps.
968 3677 999 3722 Ε.
1018 3680 1081 3720 certa
1094 3680 1141 3720 rut.
1161 3675 1221 3723 Εηι.
1235 3700 1270 3713 -
1275 3673 1374 3735 secuturi

198 3762 259 3804 auct.
294 3757 401 3804 Weiske.
628 3761 631 3771 '
1216 3770 1222 3779 ι

267 3839 338 3902 544.
356 3853 423 3884 orum
442 3845 489 3885 tam
510 3841 625 3884 diuersum
644 3838 674 3884 P.
693 3862 723 3877 ι-
740 3838 913 3899 completisque]
937 3838 967 3885 P.
984 3840 1015 3884 E.
1036 3840 1173 3897 repletusque
1192 3839 1254 3885 Em.
1272 3865 1306 3878 -
1325 3841 1373 3885 Ore.

198 3938 229 3968 es
244 3923 275 3969 P.
286 3948 321 3961 -
331 3922 450 3983 quantum]
469 3923 550 3982 Naug.
567 3921 626 3967 Eru.
641 3926 750 3981 quartum
762 3923 829 3966 liuius
843 3922 874 3967 E.
886 3935 940 3967 cum
960 3922 1038 3968 Codd.
1052 3922 1255 3971 notis-eodem
1267 3922 1372 3978 Pompeia

197 4004 344 4051 P.-uuu'us
363 4002 475 4066 hominis]
493 4004 524 4049 P.
538 4003 569 4049 E.
587 4006 654 4049 uut'us
669 4003 730 4049 Era.
745 4029 778 4041 ·-
795 4002 834 4063 uc]
856 4004 886 4048 E.
903 4009 925 4046 et
938 4004 998 4049 Eru.

266 4086 278 4147 5
298 4087 340 4133 45.
358 4101 413 4144 opes
436 4089 536 4132 hostium
554 4086 630 4132 1³.-
642 4089 667 4132 ici
683 4089 759 4144 ursum
777 4084 900 4145 temporis]
919 4085 1024 4130 Weiske.
1047 4084 1162 4145 Beueeke
1182 4101 1209 4144 p.
1223 4087 1282 4131 252.
1304 4086 1333 4129 ud
1352 4082 1373 4126 r'ti

198 4172 273 4228 issum
294 4172 341 4214 eius
358 4170 469 4226 temporis
484 4169 545 4215 Era.
562 4171 682 4226 adipsum
700 4171 824 4214 discrimen
843 4170 892 4211 eius
912 4170 1024 4224 temporis
1036 4167 1066 4212 P.
1080 4167 1111 4212 E.
1131 4191 1161 4202 -
1181 4168 1287 4224 isyiutum
1304 4167 1332 4210 P.
1344 4184 1373 4200 -

194 4249 353 4310 perfecturus]
373 4251 403 4296 E.
412 4251 481 4309 prof.
498 4248 749 4312 Erm-persecerit]
767 4250 798 4295 E.
814 4249 905 4307 profes.
921 4249 979 4294 Em.
993 4271 1028 4284 -
1041 4250 1140 4306 imperio
1157 4262 1200 4293 suo
1218 4250 1339 4306 vectigalia
1347 4245 1371 4289 P.
