2850 4759
167 264 175 271 ·
211 270 260 365 as
688 266 925 337 croauonns

213 425 447 504 mendaticias,
471 431 531 493 sed
553 426 746 499 tributarias
769 424 936 512 valuisse,
961 426 1137 494 admonitu
1162 428 1383 511 Syracusano

212 552 291 597 rum
307 531 458 612 ipsorum
480 530 645 610 impetum
666 530 699 597 in
725 547 782 594 cas
809 528 940 595 tabulas
963 529 1071 604 facio,
1100 531 1133 597 in
1153 533 1278 612 qrribus
1302 533 1337 599 S.
1355 535 1381 599 C.

212 633 494 715 perscripserunt.
554 631 645 697 Ecce
675 643 790 697 autem
826 652 915 697 nova
950 632 1182 712 turba,atque
1218 635 1317 709 rixa,
1354 655 1383 699 nc

213 747 326 801 tamen
348 734 452 799 istum
476 733 614 799 omuino
641 733 820 813 Syracusis
842 734 914 799 sine
936 733 1073 811 amicis,
1096 734 1169 799 sine
1192 732 1382 815 hospitibus,

171 870 178 877 ·
214 833 313 917 plane
342 834 472 901 nudum
510 855 585 900 esse
622 855 662 900 ac
691 832 865 900 desertum
886 836 1040 914 putetis.
1089 835 1252 901 Retinere
1288 838 1383 918 incipit

214 934 344 1004 tabulas
367 936 620 1003 Theomnastus
644 935 799 1017 quidam,
820 934 924 1001 horno
947 934 1089 1001 ridicule
1109 937 1270 1021 insanus,
1300 959 1382 1019 quern

212 1038 416 1118 Syracusani
435 1024 668 1106 Theoractum
698 1049 842 1115 vocanta
873 1038 929 1119 qui
954 1036 1025 1102 illic
1056 1038 1225 1103 eiusmodi
1258 1051 1329 1114 est,
1359 1050 1384 1102 ut

214 1159 291 1204 eum
306 1140 402 1219 pueri
419 1151 617 1219 sectentur,
638 1151 676 1206 ut
693 1160 833 1213 nutries,
854 1160 933 1207 curn
953 1140 1044 1220 loqui
1066 1140 1198 1219 coepit,
1221 1140 1382 1206 irrideant.

213 1240 322 1307 Huius
349 1251 462 1307 tamen
486 1241 632 1319 insania,
656 1261 742 1322 quae
763 1237 906 1305 ridicula
932 1251 984 1305 cst
1005 1238 1097 1314 aliis,
1120 1239 1202 1306 mihi
1230 1253 1304 1308 tum
1328 1265 1384 1306 nro

212 1341 298 1411 lesta
325 1363 405 1409 saue
437 1343 521 1409 fuit:
555 1364 634 1409 narn
670 1364 749 1409 cum
783 1362 921 1424 spumas
961 1353 1080 1421 ageret
1109 1347 1141 1407 iu
1175 1363 1256 1419 ore,
1292 1343 1382 1411 oculis

214 1443 367 1521 arderet,
389 1464 475 1511 voce
505 1445 656 1511 maxima
681 1445 751 1513 vim
772 1463 826 1510 mc
851 1443 915 1509 sibi
938 1442 1061 1508 afferre
1087 1441 1271 1522 clamaret,
1294 1467 1382 1527 copu-

153 1544 273 1621 ltttlati
302 1547 334 1613 in
360 1546 413 1612 ius
439 1548 670 1626 pervenimus.
713 1546 778 1611 Hic
808 1565 872 1624 ego
902 1542 1075 1624 postulare
1108 1546 1222 1625 cocpi,
1256 1559 1296 1612 ut
1323 1545 1383 1611 mibi

214 1645 345 1714 tabulas
370 1648 553 1727 obsignare
582 1669 621 1713 ac
647 1647 830 1728 deportare
859 1644 986 1711 liccrct.
1030 1644 1089 1719 lllc
1118 1658 1240 1717 contra
1270 1649 1382 1718 dicere

212 1769 357 1833 negare,
381 1768 456 1816 csse
481 1745 564 1815 illud
589 1749 622 1817 S.
649 1748 706 1826 0.,
744 1749 776 1814 ἰιι
806 1769 873 1829 qno
900 1757 1039 1826 praetor
1067 1745 1258 1827 appellatus
1292 1762 1383 1823 esset,

213 1870 356 1928 negare,
378 1848 412 1917 id
427 1848 508 1915 milri
524 1849 609 1915 tradi
626 1860 800 1931 oportere.
842 1852 919 1927 Ego
936 1846 1045 1926 legem
1062 1850 1225 1927 recitare,
1246 1854 1383 1917 omniun

214 1947 297 2016 mibi
320 1948 508 2031 tabularum
531 1961 565 2015 et
586 1948 777 2017 litterarum
805 1950 877 2016 fieri
904 1960 1123 2030 potestatem.
1165 1949 1226 2016 llle
1248 1953 1384 2018 fruiosus

214 2070 359 2131 urgere,
380 2050 464 2117 nibil
489 2050 531 2117 ad
556 2072 593 2119 se
623 2064 758 2119 nostras
784 2050 876 2131 leges
901 2052 1084 2130 pertinere.
1126 2052 1271 2119 Praetor
1298 2053 1384 2127 intel·

214 2151 323 2232 linens
352 2173 477 2232 ncgarc
501 2152 566 2218 sibi
589 2151 744 2234 placere,
778 2152 870 2234 quod
895 2164 1036 2219 senatus
1061 2151 1257 2223 consultum
1282 2167 1385 2220 ratum

215 2273 292 2321 csso
315 2274 384 2337 nou
410 2253 565 2329 deberet,
593 2254 626 2320 id
654 2276 709 2321 me
730 2255 876 2320 Romam
905 2252 1096 2335 deportare.
1136 2255 1229 2344 Quid
1261 2256 1384 2322 mutiat

213 2355 278 2425 nisi
295 2355 529 2424 vehementius
547 2355 671 2423 homini
688 2357 836 2422 rninatus
852 2375 980 2429 esseut,
1006 2356 1070 2425 nisi
1083 2354 1168 2435 legis
1185 2362 1383 2429 sarrctiouem

214 2479 429 2541 poenamque
454 2460 669 2532 recitassem,
701 2453 891 2523 tabularum
919 2455 1003 2522 mibi
1027 2469 1181 2537 potestas
1210 2460 1303 2529 facta
1327 2482 1383 2527 non

215 2569 316 2625 esset·
355 2558 417 2624 llle
438 2571 551 2625 autem
575 2559 733 2635 insanus,
756 2558 811 2639 qui
829 2577 890 2638 pro
903 2555 977 2629 ,isto
999 2557 1298 2629 vehementissime
1316 2583 1384 2628 con·

217 2669 344 2724 trama
367 2657 609 2732 declamasset,
630 2670 813 2741 postquam
835 2680 904 2724 non
924 2658 1136 2740 impetravit,
1160 2662 1283 2740 credo,
1305 2664 1383 2729 utin

156 2764 161 2767 ’
216 2759 362 2842 gratiam
387 2779 523 2825 mecum
551 2758 695 2837 rediret,
729 2758 880 2827 libellum
914 2757 996 2827 mihi
1028 2758 1104 2836 dat,
1135 2761 1168 2824 in
1202 2786 1269 2844 quo
1300 2765 1383 2833 istius

215 2860 309 2928 iusta
336 2861 549 2941 Syracusana
576 2862 767 2943 perscripta
797 2871 911 2927 erants
944 2880 1029 2940 quae
1051 2881 1115 2940 ego
1142 2875 1244 2937 antea
1265 2865 1329 2932 iam
1349 2863 1382 2931 ab

175 2982 180 2985 ·
215 2959 281 3029 illis
304 2982 490 3042 cognoram
512 2973 545 3028 et
566 2983 779 3044 acceperam.

157 3065 216 3129 lob
297 3064 438 3130 LXVII.
478 3062 633 3130 Laudent
664 3075 695 3129 te
720 3065 787 3130 iam
810 3064 1134 3141 saueMamertini,
1170 3069 1327 3147 quoniam
1349 3085 1384 3132 ex

217 3161 424 3174 κυισ-

283 3208 296 3270 b
321 3210 377 3255 tte.
396 3214 477 3256 contra
495 3207 582 3274 dicere]
600 3211 676 3270 Apud
694 3211 746 3258 cte.
770 3211 851 3258 divise
865 3211 1023 3257 scribendum.
1039 3206 1199 3257 contradicere
1216 3215 1244 3259 Z.
1262 3240 1298 3253 -
1313 3226 1384 3271 mgrm

217 3289 276 3355 cet]
295 3307 385 3352 negare
402 3294 462 3339 illud
480 3308 528 3352 pru
545 3307 605 3341 vero
624 3299 728 3359 aerato
747 3294 770 3338 S.
788 3294 817 3338 C.
835 3293 972 3338 habendum
990 3308 1054 3349 esse,
1073 3293 1097 3338 in
1115 3309 1179 3354 quo,
1199 3295 1384 3356 (propterquod

217 3375 321 3437 facturn)
339 3383 442 3436 praetor
459 3378 600 3436 appellatus
618 3382 688 3421 esset.
699 3400 731 3411 -
743 3371 817 3435 legia]
836 3375 897 3434 Reg.
916 3375 983 3420 Leia.
1002 3375 1029 3420 Z.
1046 3376 1135 3431 „illius
1152 3377 1243 3436 ipsius,
1261 3390 1385 3440 quamaess

217 3464 292 3506 antea
309 3459 416 3506 eiusdem
440 3458 476 3506 rei
499 3472 573 3506 causa
591 3457 706 3505 recitasse
724 3458 832 3504 dixerat.
840 3460 856 3482 ‘⁶
885 3458 911 3502 Z.
939 3459 1015 3516 legum
1037 3459 1095 3503 Em.
1130 3460 1219 3516 Legum
1243 3477 1282 3508 eas
1302 3463 1383 3518 partes,

216 3544 297 3602 quibua
311 3557 400 3600 poetica
417 3544 575 3589 constituemus
592 3542 702 3605 aduersus
719 3553 773 3592 eos,
790 3542 830 3597 qai
841 3544 921 3584 contra
933 3542 995 3597 leges
1006 3539 1122 3597 secernat,
1140 3548 1270 3590 assertiones
1283 3554 1383 3612 uocarunt-

217 3626 344 3672 Iustinian.
370 3627 411 3672 lib.
436 3625 594 3675 Instituttll,
611 3627 629 3667 t.
645 3623 666 3666 l.
685 3619 730 3680 58.
748 3621 819 3670 Hou-
859 3622 938 3667 Iluius
962 3623 1057 3682 generis
1081 3626 1219 3671 sanctiones
1244 3627 1384 3674 inveniuntur

217 3709 290 3755 etiarn
308 3711 332 3756 iu
350 3708 534 3769 sepulchrorum
550 3702 759 3762 inscriptionibus:
786 3703 861 3749 Inscr.
879 3718 956 3750 mear.
975 3707 1030 3751 Lat.
1047 3706 1078 3750 N.
1097 3706 1173 3752 4425.
1211 3709 1280 3761 'Quod
1302 3710 1322 3753 si
1339 3706 1384 3761 qais

216 3791 241 3835 id
264 3794 427 3836 monimentum
449 3793 569 3847 partemue
593 3787 641 3831 cius
657 3787 752 3830 vendere
774 3787 825 3843 qun
842 3789 905 3831 votat
921 3790 957 3831 uel
974 3790 1106 3832 donmiom'a
1124 3803 1192 3833 causa
1210 3794 1248 3834 cat
1264 3791 1384 3844 mancipare

215 3876 318 3918 coluerit
333 3876 409 3919 alioue
425 3886 471 3931 quo
488 3873 580 3915 nomine
597 3871 645 3913 eiua
661 3870 796 3913 monimenti
809 3874 904 3924 partem
919 3870 1022 3915 alienare
1039 3875 1196 3927 temptauerit,
1227 3876 1284 3918 dara
1300 3875 1384 3917 dmm

188 3980 192 3985 ·
216 3960 264 4000 esto
281 3958 376 4000 aerario
389 3955 476 4012 populi
492 3954 594 3998 Romani
611 3952 673 3999 S·H.
691 3951 745 3996 XV.
764 3951 798 3996 M.
816 3952 849 3995 N.
867 3955 890 3994 et
906 3954 1008 4010 collegio
1020 3954 1161 4010 Pontificum
1174 3956 1236 4000 S·H.
1249 3958 1276 3999 Χ
1278 3957 1302 3999 V.
1314 3954 1342 3996 ll.
1355 3949 1384 3994 N.

216 4041 239 4080 et
255 4040 345 4092 emptor
362 4042 385 4081 et
400 4034 523 4081 venditor(
554 4033 651 4080 Direrai
675 4032 770 4094 generis
793 4034 932 4080 sanctiones
955 4040 1012 4080 sunt
1034 4049 1094 4091 eae,
1121 4037 1152 4082 de
1175 4038 1263 4097 quibus
1285 4031 1385 4080 disseruit

213 4118 312 4164 Kleuzo
330 4118 353 4164 in
372 4119 471 4178 Fragm.
489 4117 549 4177 legis
567 4117 685 4164 Serviliae
703 4131 728 4174 p.
736 4112 798 4172 ’94.,
815 4117 852 4162 bia
869 4117 921 4162 sere
938 4117 1019 4164 verbis
1029 4112 1188 4176 ¹conceptaes
1224 4120 1250 4163 Si
1267 4118 1319 4177 qnid
1327 4113 1385 4159 κατ’
1412 4152 1413 4159 ,

216 4203 334 4259 sanctique
351 4206 396 4255 eat,
419 4202 481 4259 quod
499 4203 534 4246 ins
551 4216 598 4246 nors
614 4203 646 4246 sit
662 4201 787 4257 rogarter,
805 4200 853 4243 eius
870 4200 914 4244 bac
931 4200 982 4257 lege
998 4202 1095 4245 nihilum
1113 4206 1213 4258 rogatur
1230 4196 1285 4247 cet(
1376 4212 1378 4219 ’

284 4279 296 4341 5
316 4279 372 4326 150.
390 4281 419 4326 ab
440 4278 480 4345 ita]
500 4280 539 4327 stc
556 4281 617 4339 Reg.
636 4279 704 4326 Leia.
722 4280 751 4324 ab
769 4280 806 4325 bia
823 4278 849 4323 Z.
