2850 4759
276 310 444 382 erano
466 282 552 382 ciro
576 312 614 382 c.
632 310 836 404 narrum,
865 335 896 384 ι.
914 317 946 388 a.
1133 314 1192 380 mr
1287 334 1300 347 ,

44 498 93 559 gas
119 475 158 545 ab
190 476 338 545 omnium
370 476 493 544 sirium
523 473 754 545 Romanorum
786 498 931 561 corpore
962 476 1105 545 amovit:
1137 476 1193 545 hic
1290 550 1295 557 .
1392 460 1393 467 ἵ

43 581 222 651 misericors
255 577 386 662 flagella
413 578 556 650 rettulit.
607 582 727 649 Porcia
760 579 818 648 lex
845 580 1033 649 libertatem
1067 581 1193 651 civium
1296 614 1300 621 ·

42 684 139 754 lictori
153 686 300 770 eripuit:
320 684 505 760 Labienus.
527 683 628 753 homo
643 682 1014 772 .popularis‚·carrsiliei
1041 682 1192 753 iradidit.
1295 746 1298 755 .

45 791 76 861 0.
96 788 403 872 Gracchns'legem
430 766 525 868 tulit,
552 810 595 860 ne
616 787 788 871 decapite
810 787 934 856 civium
960 789 1198 857 Romanorum

44 890 157 963 iniussu
184 906 302 963 restro
328 894 551 961 iudicaretur:
584 891 639 960 hic
666 891 840 988 popularis
867 913 888 959 a
911 890 1115 981 duumviris,
1146 893 1196 959 in·

45 998 125 1066 iussu
153 1009 288 1086 restro,
320 1020 391 1066 non
423 997 565 1066 iudicari
597 997 640 1065 de
673 1000 747 1066 cive
776 997 949 1076 Romano,
980 997 1040 1065 sed
1071 995 1197 1065 indicta

46 1122 133 1179 causa
152 1103 260 1170 civem
280 1103 472 1170 Romanurn
491 1101 610 1185 capitis
630 1099 848 1169 condemnari
870 1101 995 1183 coegit.
1043 1100 1097 1168 Tu
1115 1100 1197 1169 milri

47 1206 132 1273 etiam
150 1204 233 1287 legis
252 1206 413 1285 Porciae,
442 1217 478 1272 tu
502 1205 538 1273 C.
560 1203 720 1284 Gracchi,
748 1216 785 1271 tn
806 1205 931 1274 horum
950 1204 1132 1285 libertatis,
1160 1217 1196 1272 tu
1218 1208 1276 1279 13,

46 1309 227 1393 cuiusquam
254 1310 396 1393 denique
419 1308 568 1379 hominis
589 1308 760 1393 popularis
786 1308 990 1376 mentionem
1011 1309 1113 1395 facis,
1141 1308 1198 1392 qui

48 1434 103 1479 non
118 1413 217 1482 modo
239 1414 412 1498 suppliciis
435 1413 620 1487 inusitatis,
642 1411 701 1480 sed
723 1412 825 1480 etiam
843 1412 1027 1481 verborum
1049 1412 1200 1483 inaudita

50 1514 230 1584 cmdelitate
254 1516 384 1586 violare
404 1516 591 1585 libertatem
613 1515 712 1584 huius
734 1514 868 1600 populi,
891 1529 1021 1584 tentare
1042 1538 1199 1585 mansue·

50 1620 190 1698 tudinem,
209 1634 423 1691 commutare
437 1619 646 1704 disciplinam
663 1633 808 1690 conatus
828 1621 891 1689 ιε’.)
910 1620 998 1688 Nam
1016 1643 1100 1704 quae
1115 1620 1200 1689 hacc

51 1734 112 1805 tua,
139 1748 222 1810 quac
247 1738 281 1793 te
309 1725 480 1797 hominem
507 1724 708 1793 clementem
733 1724 997 1810 popularemque
1017 1723 1199 1805 delectant,

51 1826 207 1899 lucrose:
231 1851 384 1901 comos
403 1830 572 1898 Murrus?-
600 1851 685 1914 quae
706 1852 773 1897 rron
798 1827 900 1897 modo
919 1829 1018 1897 huius
1036 1827 1200 1899 libertatis

51 1934 361 2018 mansuetudinisque
372 1957 439 2002 non
452 1946 542 2016 sunt,
564 1934 622 2002 sed
638 1956 678 2002 ne
692 1932 827 2001 Romuli
843 1932 977 2017 quidem
995 1945 1054 2000 aut
1069 1933 1200 2000 Numae
1285 1980 1286 1985 ι

52 2033 202 2120 Pompilii:
239 2037 430 2120 Tarquinii,
458 2039 690 2131 superbissimi
721 2050 820 2122 atque
847 2036 1070 2105 crudelissimi
1096 2043 1201 2118 regis,

52 2136 196 2209 istasunt
216 2142 389 2210 cruciatus
410 2144 571 2209 carmina.
617 2143 714 2233 Quae
737 2153 788 2217 tu,
813 2141 916 2208 homo
932 2139 1018 2208 lenis
1033 2162 1073 2206 ac
1091 2163 1201 2225 popu·

53 2237 131 2330 laris,
151 2244 371 2313 libentissime
389 2245 666 2313 commemoras?
708 2246 825 2313 Carnu
852 2262 1040 2323 osuuarro,
1066 2263 1202 2312 saaoar

54 2364 186 2417 iuramus
205 2368 501 2423 susraunrro....:
525 2369 609 2432 quac
623 2350 735 2426 verba,
764 2349 928 2440 Quirites,
951 2347 1149 2431 iampridem
1168 2348 1201 2414 in

54 2444 105 2516 luc
122 2474 155 2519 re
177 2453 313 2536 publica
333 2477 404 2521 non
424 2451 536 2520 solum
563 2453 708 2521 tenebris
730 2455 925 2531 vetustatis,
960 2454 1200 2522 verumetiam

54 2547 116 2621 luce
134 2554 294 2626 libertatis
323 2578 486 2641 oppressa
513 2570 602 2628 sunt.

59 2696 253 2721 ...Ἢ

108 2808 166 2872 ill.
179 2816 203 2860 tu
218 2817 303 2862 luorum
319 2813 420 2879 (civium
436 2812 497 2873 llo.)
516 2802 641 2877 libertatis]
658 2829 731 2877 quam
748 2817 855 2864 maxime
872 2816 1012 2864 tutabantur
1028 2816 1094 2881 leges
1110 2813 1202 2866 Porcia

57 2891 225 2956 struponis.
261 2901 312 2949 Suo
338 2900 411 2961 igitur
434 2901 493 2948 loco
510 2899 592 2961 posita
609 2908 664 2947 suut
681 2902 742 2950 baec
759 2917 826 2973 vv...
843 2916 907 2964 quae
924 2904 1019 2964 excipit
1035 2905 1140 2951 aliorum
1157 2903 1202 2950 lso·

57 2974 129 3026 minum
143 2985 315 3044 popularium.
340 2986 407 3033 retur
430 2984 464 3030 M.
483 2984 546 3032 Liuii
562 2984 650 3044 Drusi,
674 2987 774 3034 mentio.
809 2988 865 3034 Seii.
890 2987 994 3035 Beclriua
1017 2995 1042 3036 et
1064 2988 1202 3035 schaenis·
1248 3010 1251 3017 ⁴

57 3061 216 3121 transponenda
234 3074 377 3114 censuerunt
394 3072 451 3128 post
468 3082 491 3113 v.
503 3067 576 3127 faria.
599 3095 628 3106 -
649 3070 689 3117 Ad
708 3077 786 3118 totum
804 3074 884 3118 locum
901 3073 945 3119 cfr.
964 3072 1026 3120 Livii
1043 3072 1095 3118 bib.
1116 3071 1143 3125 l,
1160 3072 1201 3119 sb.

58 3140 81 3186 le
96 3150 254 3204 perduellibuis
280 3151 371 3198 iudicio
394 3151 507 3199 Horatii:
538 3152 618 3199 Tullus
632 3152 772 3211 ,Hostilium
798 3171 825 3201 aa
848 3159 897 3215 ipse
914 3161 960 3202 tana
983 3159 1056 3202 tristis
1073 3159 1203 3217 ingratique

58 3227 81 3269 ld
94 3232 164 3290 uolgus
180 3237 259 3283 iudicii
275 3238 451 3282 reiterandum
469 3237 578 3283 iudicium
594 3238 705 3296 supplicii
722 3245 804 3286 auctor
821 3248 892 3296 esset,
918 3241 1017 3287 conscilio
1030 3243 1116 3301 populi
1131 3244 1203 3287 adno-

60 3316 112 3368 ΜΟ,
134 3317 281 3378 duumviros,
308 3325 394 3389 inquit,
419 3322 459 3384 qui
477 3322 585 3371 Horatio
603 3323 793 3384 perduellionem
811 3325 1141 3395 (perduellionis)iudicent,
1166 3342 1203 3375 se·

60 3399 142 3447 emtum
157 3405 233 3466 legem
249 3406 324 3454 facio.
359 3408 411 3454 Lea
427 3411 539 3455 lrorrerrrlr'
557 3412 667 3456 carminis
684 3415 749 3457 erat:
777 3408 904 3460 Duumriri
921 3408 1111 3473 perduellionem
1128 3413 1204 3476 (per-

60 3476 168 3534 duellionis
187 3490 302 3549 Gronou.)
325 3492 438 3540 iudicent.
474 3494 498 3540 Si
521 3510 536 3541 a
558 3496 686 3544 duumviris
710 3497 867 3557 provocarit,
896 3498 1076 3558 prouocatione
1098 3486 1204 3546 certato.

61 3561 80 3608 Sl
92 3567 189 3632 riurein,
206 3582 280 3635 caput
297 3572 429 3634 obnubito;
451 3578 542 3626 infelici
552 3581 648 3636 arbore
666 3589 728 3628 reste
745 3583 893 3643 suspendite.
929 3584 1065 3630 verberato
1084 3584 1122 3630 rel
1139 3582 1204 3630 intra

62 3657 189 3705 muranum
204 3661 244 3708 vel
260 3668 331 3709 extra
344 3663 504 3723 pomoerium.
540 3666 595 3711 Hoc
605 3668 654 3724 lege
665 3667 781 3712 duumuiri
792 3671 879 3722 creati,
896 3658 972 3728 quise
982 3670 1099 3715 absalme
1110 3683 1156 3715 nors
1166 3684 1205 3715 re·

62 3730 127 3783 luntas
136 3757 159 3786 eu
170 3745 217 3804 lege
226 3761 254 3792 ree
266 3748 385 3794 innoxium
398 3750 488 3807 quidem
499 3765 582 3809 posse,
600 3766 649 3795 cum
659 3753 855 3807 condemnassent,
873 3759 921 3799 tum
932 3756 991 3800 alter
1003 3769 1032 3799 ea
1044 3756 1093 3808 dis,
1110 3754 1141 3801 P.
1150 3750 1205 3801 Ho-

63 3819 109 3878 llllr
120 3824 158 3872 llll
169 3828 356 3888 perduellionem
368 3834 457 3891 iudico,
470 3837 558 3895 inquit.-
574 3835 597 3888 i,
609 3836 696 3894 lictor,
709 3838 800 3898 colliga
812 3853 903 3887 manus.
921 3842 1055 3886 Accesserat
1066 3842 1136 3885 lictor
1149 3841 1205 3885 inii-

64 3903 157 3967 t‘'tlrlque
168 3916 277 3974 laqueum.
287 3954 291 3957 ψ
302 3917 359 3964 lum
369 3919 483 3965 Horatius
493 3925 586 3967 auctora
599 3922 681 3976 tutto,
693 3923 799 3968 clemente
812 3925 871 3982 legis
882 3901 1155 3985 interpretesprovoco,
1169 3926 1205 3969 itt·
1254 3938 1256 3945 ’

63 3989 108 4041 llll·
136 3994 538 4060 1ta[rle]p'ronoeationecertatum
552 4007 703 4069 adpopalum
716 4012 761 4061 est,
778 4008 1021 4070 reusqueubsolutus.
1056 3991 1204 4061 Ceternmiu
1242 4040 1245 4043 ·

64 4073 107 4117 loto
115 4074 165 4125 loeo
176 4084 341 4134 constituendo
351 4094 444 4135 secutus
455 4103 506 4135 sum
516 4090 611 4137 Raurrm
623 4090 683 4137 Var.
694 4092 770 4138 Leett.
782 4093 832 4140 Cle.
843 4108 868 4154 p.
880 4084 933 4141 41.
956 4095 1019 4142 Nam
1032 4111 1088 4156 quae
1100 4098 1205 4145 scribens
1299 4108 1312 4125 ⁸

66 4165 102 4208 prb
115 4159 209 4225 quue
225 4168 275 4217 sins
290 4171 422 4234 interrog„
439 4173 478 4220 cui
496 4174 591 4236 quidem
609 4177 745 4236 particulae
762 4177 802 4222 laic
819 4179 887 4227 locus
904 4192 953 4228 nou
968 4196 1019 4228 esse
1031 4181 1137 4238 videtum
1153 4189 1215 4228 sum·

66 4248 146 4292 teneto
160 4248 234 4300 coam
252 4255 337 4317 (etiem
353 4258 479 4319 Amissus.)
497 4273 553 4319 qnae
570 4266 627 4307 anta
643 4277 667 4310 r.
685 4276 732 4307 non
748 4263 832 4319 motio,
856 4267 921 4327 quod
939 4279 1072 4326 pronomen
1089 4266 1162 4313 lanta
1179 4273 1205 4313 et

35 4384 36 4391 ἵ
66 4317 112 4371 Em·
130 4331 267 4415 deleverant.
307 4342 378 4404 Seqq.
405 4344 470 4398 Quae
491 4349 735 4393 m--commemorar
758 4361 837 4395 rursus
858 4364 903 4410 per
923 4348 1152 4409 interrogationem,
1178 4357 1205 4396 ut

36 4410 38 4469 ζ
68 4406 179 4464 ‘timentur
195 4424 225 4468 ad
241 4439 264 4471 v.
284 4425 357 4484 (irpst
373 4433 420 4475 cet.
453 4429 515 4477 Post
531 4431 663 4488 suspendite
680 4431 704 4478 in
723 4431 805 4478 Ambe.
823 4435 928 4494 spallam
944 4440 980 4480 est
997 4444 1099 4480 vacuum
1116 4445 1204 4481 uorem

853 4539 890 4598 11
