2850 4759
232 302 292 367 m
699 297 937 369 CICERONIS

233 473 324 531 esset
342 460 393 531 'ita
415 481 638 547 responsum,
667 460 806 541 caedes,
836 457 990 529 incendia
1010 460 1251 545 interitumque
1268 462 1311 529 rei
1324 484 1370 545 pu·

231 568 339 634 blicae
356 566 564 650 comparari,
589 578 623 633 et
640 584 679 631 ea
694 586 756 648 per
773 565 883 642 cives,
921 583 1007 647 quae
1025 575 1097 631 turn
1114 579 1256 648 propter
1268 567 1371 647 magni·

232 668 383 737 tudinem
408 668 574 738 scelerum
599 667 769 738 nonnullis
793 666 1000 736 incredibilia
1024 669 1242 750 videbantur,
1267 690 1302 736 ea
1320 692 1370 736 nou

231 772 335 841 modo
367 774 516 854 cogitata
545 796 565 842 a
596 774 732 841 nefariis
764 772 912 846 civibus,
950 793 1071 841 verum
1107 773 1215 858 etiam
1241 785 1371 856 suscepta

230 897 306 945 esse
326 878 489 950 sensistis.
538 875 626 945 illud
654 898 736 945 vero
759 896 872 945 corrue
886 877 943 946 ¹itu
966 897 1125 959 praesens
1149 889 1221 960 est,
1256 887 1293 942 ut
1308 888 1371 942 notu

229 979 320 1048 loris
349 980 475 1063 Optimi
503 981 648 1047 Maximi
672 978 801 1047 facturn
831 999 905 1047 esse
933 980 1106 1060 rideatur,
1143 993 1206 1059 ut,
1234 1000 1307 1046 cunr
1327 977 1371 1044 ho·

230 1082 348 1151 dierno
365 1082 419 1151 die
435 1105 534 1153 ruane
550 1104 611 1168 per
631 1084 745 1152 sorum
769 1104 846 1151 meo
863 1083 957 1152 iussu
973 1094 1017 1151 et
1036 1085 1206 1152 coniurati
1226 1095 1261 1152 et
1278 1104 1371 1150 eorum

229 1187 357 1256 indices
385 1187 418 1254 in
444 1187 561 1255 aedem
587 1186 797 1256 Concordiae
821 1184 1041 1264 ducerentur,
1075 1209 1116 1255 eo
1140 1190 1219 1272 ipso
1248 1200 1372 1270 tempore

228 1292 362 1371 signum
383 1290 617 1359 statueretur?
646 1313 713 1375 quo
734 1288 900 1359 collocato
917 1290 1078 1375 atquead
1096 1303 1372 1380 vos-senatumque

229 1415 397 1462 converso
419 1396 532 1462 omnia
556 1405 591 1461 et
612 1407 750 1463 senatus
775 1406 809 1462 et
826 1416 907 1475 vos,
942 1415 1026 1479 quae
1047 1407 1144 1464 eraut
1167 1383 1288 1463 eontra
1306 1392 1371 1461 salu·

167 1499 209 1564 22
229 1508 297 1564 tem
327 1498 479 1566 omnium
507 1497 672 1584 cogitata,
703 1495 870 1566 illustrata
891 1510 924 1565 et
943 1498 1111 1582 patefacta
1130 1497 1274 1566 vidistis,
1313 1496 1371 1587 Quo

228 1604 329 1670 etiarn
359 1602 484 1669 maiore
518 1612 598 1671 suut
624 1602 680 1670 isti
712 1602 792 1670 odic
822 1601 1056 1686 supplicioque
1089 1603 1203 1683 digni,
1242 1602 1295 1685 qui
1321 1621 1371 1666 nou

228 1705 341 1775 solum
375 1707 497 1774 vestris
533 1704 711 1775 domiciliis
745 1718 844 1790 atque
876 1706 993 1783 teotis',
1032 1703 1092 1775 sed
1119 1706 1223 1771 etiam
1255 1701 1370 1769 deorum

203 1889 208 1896 ,
229 1806 365 1891 templis
389 1822 489 1892 atque
520 1807 665 1877 delubris
693 1820 774 1878 ¹suut
803 1808 958 1877 funestos
983 1828 1024 1876 ac
1047 1807 1199 1876 nefarios
1224 1808 1312 1887 ignes
1334 1805 1370 1869 io·

229 1912 322 1980 terre
345 1913 469 1983 conati.
521 1912 653 2002 Quibus
675 1934 737 1994 ego
761 1914 789 1981 si
819 1934 874 1979 me
897 1914 1060 1980 restitisse
1089 1910 1221 1992 dicam,
1256 1909 1369 1977 nimium

229 2014 311 2084 milri
331 2037 464 2085 sumam
485 2028 519 2084 et
536 2039 602 2083 uon
620 2017 684 2084 sim
704 2015 880 2084 ferendus:
910 2013 985 2095 ille,
1014 2014 1070 2083 ille
1085 2016 1240 2099 luppiter
1260 2013 1369 2082 restitit:

212 2117 286 2196 ,ille
306 2118 526 2208 Capitolium,
558 2118 613 2188 ille
633 2118 717 2188 haec
739 2118 880 2202 templa,
910 2118 967 2187 ille
985 2117 1072 2186 hanc
1090 2121 1234 2199 urbem,
1261 2117 1311 2198 ille
1324 2136 1368 2182 ros

229 2244 348 2293 omnes
372 2223 486 2295 salvos
520 2245 595 2295 esse
628 2224 746 2292 voluit
796 2225 868 2291 Diis
895 2243 958 2305 ego
981 2221 1234 2291 immortalibus
1257 2221 1369 2289 ducibus

228 2326 316 2396 hauc
346 2340 514 2409 mentem,
550 2328 720 2421 Quirites,
750 2315 1027 2411 voluntatemque
1055 2330 1190 2410 suscepi
1224 2339 1317 2410 atque
1339 2318 1369 2388 ad

228 2430 314 2500 haee
337 2444 429 2500 tanta
451 2431 573 2499 indicia
598 2433 751 2515 perreni-
792 2431 864 2499 Iam
893 2451 974 2500 vero
999 2429 1054 2498 illa
1078 2429 1301 2511 Allobrogum
1321 2421 1370 2493 sol·

227 2533 367 2604 licitatio
392 2542 417 2614 †
438 2537 490 2602 sic
519 2557 538 2602 a
562 2535 602 2601 P.
631 2532 775 2603 Lentulo
803 2536 991 2619 ceterisque
1016 2533 1215 2608 domesticis
1243 2529 1369 2599 hostibus

229 2652 298 2706 tarn
323 2638 500 2708 dementer
519 2649 611 2707 tanta
630 2658 687 2706 res
714 2638 842 2706 credita
865 2649 898 2706 et
921 2637 1044 2718 ignotis
1068 2648 1102 2705 et
1127 2637 1279 2704 barbaris
1299 2652 1370 2702 cotu-

227 2745 419 2827 missaeque
451 2741 582 2810 litterae
609 2763 781 2825 nunquam
816 2754 930 2810 essent
958 2741 1133 2824 profecto,
1171 2741 1238 2810 nisi
1264 2739 1301 2806 ab
1324 2731 1368 2800 diis

227 2847 476 2917 immortalibus
498 2846 575 2913 huie
600 2857 710 2913 tantae
731 2844 888 2915 audaciae
912 2843 1089 2912 consilium
1111 2855 1202 2912 esset
1231 2851 1368 2923 ereptum.

229 2952 322 3045 Quid
342 2952 451 3021 veroa
489 2966 525 3018 ut
540 2949 693 3019 homines
712 2947 798 3015 Galli
819 2971 864 3015 ex
881 2949 1016 3017 civitate
1036 2945 1122 3015 male
1132 2959 1278 3036 pacata,
1306 2957 1368 3025 quit

144 3135 151 3151 ,
227 3078 312 3138 gens
343 3078 411 3125 una
443 3067 563 3134 restat,
600 3073 685 3139 quae
717 3051 841 3119 bellum
871 3050 997 3137 populo
1032 3053 1186 3120 Romano
1220 3052 1368 3118 faceres

227 3182 330 3243 posse
357 3174 391 3229 et
418 3157 487 3229 uon
513 3157 605 3229 nolle
632 3158 805 3244 videatur,
839 3178 935 3244 spem
962 3156 1095 3240 imperii
1119 3176 1159 3222 ac
1182 3176 1294 3222 rerum
1317 3169 1368 3215 an·

295 3366 365 3429 522.
388 3369 428 3413 isti
449 3371 502 3414 runt
522 3365 552 3414 Τ.
577 3365 641 3428 (uon
665 3361 733 3425 ΒΡ.)
753 3388 783 3404 -
809 3364 848 3410 ille
870 3367 979 3408 cerrima·
995 3363 1073 3408 urbem
1096 3361 1127 3407 R.
1143 3360 1203 3421 (non
1221 3356 1282 3417 ΤΡ.)
1299 3362 1367 3396 -ttt

227 3464 304 3496 omnes
321 3451 351 3497 P.
367 3477 401 3489 -
419 3466 467 3498 orn.
493 3452 593 3506 Quirites
616 3451 667 3498 ΒΡ.
684 3474 719 3488 -
735 3454 782 3494 tam
799 3449 841 3493 illa
860 3447 889 3493 R.
908 3447 968 3509 (non
980 3444 1021 3506 Τ.)
1039 3472 1075 3483 -
1097 3447 1147 3503 „lu
1166 3462 1189 3495 r.
1206 3451 1241 3493 sie
1257 3448 1311 3492 latet
1325 3450 1366 3500 ptr·

164 3577 170 3590 ,
226 3534 361 3594 ίὶοίρὶιιω.“
384 3535 498 3582 Mnorro.
516 3560 550 3573 -
570 3550 585 3580 a
606 3531 764 3594 Rbeatam]
787 3532 818 3578 P.
839 3532 868 3577 ab
886 3532 983 3577 errtuto
1000 3531 1053 3579 Tu.
1071 3546 1086 3577 a
1103 3532 1200 3580 botulo
1217 3531 1274 3578 Ern.
1289 3550 1319 3565 -
1333 3528 1366 3568 Μ

226 3619 340 3665 dementer
356 3624 420 3666 tauta
438 3618 485 3681 rer]
503 3618 578 3666 Tur.
596 3623 659 3664 tauto
676 3634 712 3665 res
730 3623 777 3663 tum
793 3619 906 3663 desuetum
921 3617 979 3666 Em.
988 3642 1020 3655 -
1032 3614 1071 3679 ab]
1084 3617 1114 3663 Τ.
1131 3617 1188 3664 au.
1199 3616 1256 3663 Era.
1266 3639 1295 3653 -
1305 3610 1366 3656 llll*

224 3701 362 3766 p.1e]Tu.
369 3707 432 3763 p.1t.
443 3707 524 3752 bellum
531 3703 627 3749 Enu-
635 3719 663 3749 oc
673 3701 706 3770 r.]
717 3702 771 3748 ΤΒ.
780 3707 802 3747 er
809 3718 830 3749 r.
840 3702 897 3749 Ero.
905 3730 935 3742 -
942 3704 967 3748 id
976 3699 1032 3763 uon]
1041 3702 1080 3749 Sic
1085 3702 1138 3748 Tit
1148 3702 1205 3749 Em.
1215 3715 1261 3748 noo
1270 3709 1365 3743 mm-

225 3801 334 3845 superaro
348 3785 486 3850 potuerunt]
504 3786 557 3834 Tit.
578 3800 686 3846 superare
701 3788 820 3845 potuerint
841 3787 949 3849 Madvig.
967 3786 1031 3835 coui.
1047 3791 1182 3845 superarent
1199 3781 1309 3832 Waldurl'.
1322 3776 1364 3823 ssfb

293 3980 305 4043 t
322 3982 364 4028 22.
384 3982 476 4027 ciuitate
492 3983 552 4027 mate
564 3979 661 4040 pacato]
678 3979 731 4026 cfr.
747 3978 817 4024 Oret.
835 3979 867 4024 do
888 3992 959 4037 prov.
979 3992 1046 4026 eous.
1065 3977 1105 4024 ts.
1140 3978 1211 4024 Modo
1229 3978 1269 4021 ille
1284 3975 1364 4018 m

226 4063 346 4118 laborum,
371 4066 541 4121 periculorum,
569 4065 720 4109 corintiorum
740 4065 830 4118 socier,
857 4063 883 4109 G.
899 4064 1053 4120 Pomptinus,
1070 4061 1220 4122 fortissimus
1238 4061 1285 4112 or'r,
1305 4056 1362 4099 vri*

226 4154 316 4209 repente
333 4151 415 4196 bellum
434 4151 588 4208 Allobrogum
605 4155 671 4208 utque
687 4151 731 4194 ttae
746 4150 856 4194 redacta
873 4149 1031 4214 coniuratione
1049 4133 1363 4203 accommodarunt

225 4248 308 4294 eosque
326 4236 428 4286 domuit,
446 4237 485 4293 qui
508 4236 670 4288 laceratorum
686 4237 709 4277 et
724 4247 751 4278 eo
770 4233 869 4278 victorio
888 4236 1017 4286 commus,
1035 4246 1060 4277 re
1075 4232 1169 4290 publico
1184 4219 1277 4276 meruti
1291 4218 1360 4284 Μ

227 4318 279 4365 biv.
296 4317 363 4378 Epit.
386 4318 443 4363 108.
471 4318 496 4363 G.
516 4319 656 4374 Pomptinus
674 4320 771 4372 praem
789 4317 944 4377 Allobroges,
968 4299 1207 4378 putretudinem,
1232 4314 1263 4360 ad
1281 4309 1361 4357 W

228 4397 323 4458 (Turre
345 4397 369 4444 dl
390 4396 464 4459 Sole)
482 4399 570 4444 domuit
589 4412 613 4443 a.
634 4410 659 4447 u.
678 4410 701 4447 e.
723 4399 783 4454 693.
