2850 4759
369 264 456 335 ruo
486 265 541 334 as-
557 262 829 347 casuum.
851 267 900 335 ιι.
1192 274 1232 373 ιι

45 424 188 506 fugisse
208 422 409 507 perterritos
430 422 655 509 confitemini:
677 443 818 491 causam
833 423 937 505 fugae
951 423 1062 495 dicitis
1078 426 1233 507 eandem,

45 549 147 609 quarn
178 545 298 595 ornnes
332 522 568 620 intelligimus,
603 545 718 604 arma,
755 524 1011 596 multitudinem
1037 526 1233 609 hominurn,
1260 516 1262 519 ⁵

44 626 280 695 incursionem
313 636 416 708 atque
443 626 609 707 impeturn
642 638 872 694 armatorums
904 626 990 697 hacc
1020 628 1079 699 ubi
1104 616 1234 703 couce-

46 728 176 797 duntur
205 747 281 797 esse
313 726 422 801 fucta„
456 727 501 793 ibi
533 729 584 795 vis
612 727 940 809 facta-negabitur?
1029 794 1031 801 ,
1062 798 1065 803 ⁴

56 877 62 886 .
128 827 222 895 xvi.
265 831 313 895 At
328 848 412 896 vero
428 828 647 910 hooq'uidenr
666 828 734 896 iarn
752 840 852 899 vetus
872 841 925 897 est
939 840 973 897 et
988 831 1160 900 maiorum
1173 854 1234 902 ex·
1253 830 1296 893 45

50 927 164 1010 ernplo
178 927 295 996 multis
310 928 344 994 in
359 928 462 995 rebus
481 930 663 996 usitatum:
685 949 765 997 curn
782 928 826 997 ad
844 932 913 1001 virn
928 930 1124 1000 faciundam
1140 935 1235 1000 reni-

45 1042 163 1107 retur,
184 1029 212 1096 si
228 1049 313 1110 quos
329 1039 480 1101 armatos
496 1028 652 1112 quamvis
667 1029 791 1112 procul
808 1032 1089 1113 conspexissent,
1111 1045 1150 1100 ut
1163 1045 1234 1102 sta·

48 1132 110 1200 tim
127 1130 297 1199 testificati
315 1128 546 1216 discederent,
563 1131 691 1212 optime
705 1134 928 1212 sponsionem
942 1134 1057 1200 facere
1072 1148 1234 1216 possent,

47 1232 97 1298 Νι
124 1251 495 1301 aurursus-smerdes
527 1252 729 1300 raarronss
755 1253 811 1300 vis
839 1254 952 1301 sacra
977 1256 1096 1303 assur.
1136 1236 1234 1315 itane

46 1333 160 1403 vero?
192 1333 282 1404 scire
305 1352 382 1400 esso
405 1342 558 1400 armatos
579 1332 663 1401 satis
687 1343 758 1411 est,
780 1343 820 1401 ut
844 1333 912 1400 vini
937 1336 1065 1403 iactam
1089 1340 1233 1419 probes:

45 1435 82 1501 in
102 1454 234 1503 *manus
259 1454 379 1503 eorurn
407 1432 559 1500 incidere
585 1455 655 1500 non
688 1444 742 1500 est
767 1433 880 1501 satis?
911 1434 1095 1517 adspectus
1121 1459 1235 1506 arma·

47 1533 228 1609 torumnd
243 1535 316 1601 rim
338 1533 549 1617 probandam
572 1531 713 1605 valebit:
746 1534 904 1603 incursus
930 1547 964 1602 et
991 1537 1149 1620 impetus
1165 1561 1236 1607 non

45 1635 204 1702 valebit?
225 1638 282 1718 qui
303 1637 440 1715 abierit,
462 1633 596 1703 facilius
614 1634 677 1703 sibi
696 1634 768 1702 vim
788 1634 916 1703 factam
937 1638 1110 1724 probabit,
1132 1658 1235 1721 quatu

46 1739 105 1819 qui
137 1736 326 1816 effugerit?
358 1740 406 1802 At
433 1757 498 1817 ego
527 1735 711 1804 hocdicor
747 1737 794 1815 si,
829 1747 869 1804 ιιι
899 1739 1011 1818 prirno
1034 1741 1067 1805 in
1093 1740 1296 1817 castellcdd

48 1839 218 1905 Caecinae
246 1837 333 1907 dixit
359 1838 531 1918 Aebutius
552 1858 590 1904 se
624 1836 783 1904 homines
813 1838 968 1918 coegisse
1000 1849 1035 1905 et
1065 1846 1235 1921 armasse,
1271 1856 1276 1863 ’

47 1959 161 2020 neque
187 1959 287 2015 eurn,
320 1942 348 2006 si
377 1937 436 2005 illo
467 1943 687 2017 accessisset,
722 1938 913 2017 abiturum,
948 1940 1063 2012 statim
1091 1936 1242 2009 Caecina
1272 1960 1283 2031 j

50 2041 288 2123 discessisset,
310 2039 463 2107 dubitare
485 2062 548 2108 ros
568 2063 639 2107 non
657 2038 833 2117 debuisse,
855 2040 935 2120 quin
958 2040 1124 2106 Caecinae
1143 2041 1238 2111 facta

49 2142 101 2207 ris
120 2152 228 2208 essct:
251 2142 280 2208 si
301 2162 419 2218 vero,
425 2138 569 2207 simulac
585 2138 707 2220 procul
729 2141 911 2219 conspexit
926 2153 1099 2217 armatos,
1121 2162 1236 2215 reces-

50 2243 172 2319 sisset,
194 2262 234 2308 eo
254 2243 365 2309 minus
376 2240 609 2319 dubitaretis3
630 2243 740 2307 omnis
765 2240 855 2309 enirn
878 2241 931 2307 vis
953 2252 1022 2317 est,
1042 2259 1129 2322 quaa
1147 2244 1236 2334 pcri
1284 2234 1286 2238 ’

50 2341 138 2409 culo
158 2355 217 2409 aut
238 2341 410 2409 decedere
424 2363 488 2409 nos
509 2338 666 2412 alicunde
691 2342 786 2422 cogit
802 2352 862 2411 aut
880 2326 1045 2429 prohibet
1058 2329 1235 2410 accedere

51 2443 156 2535 Quod
186 2445 216 2511 si
240 2442 341 2509 aliter
364 2443 550 2519 statuetis,
574 2442 703 2535 videte,
734 2462 777 2507 ne
803 2441 909 2508 hoc
889 2462 951 2508 ros
973 2442 1151 2525 statuatis,
1180 2430 1238 2525 dul

49 2548 152 2611 virus
174 2544 385 2620 discesserit,
418 2545 447 2609 ei
467 2543 535 2608 vim
560 2565 629 2609 non
648 2563 725 2611 esse
746 2543 890 2629 facturn:
924 2564 967 2609 ne
990 2542 1057 2609 hoc
1068 2534 1237 2631 omnibus

48 2649 84 2717 in
102 2646 361 2728 possessionum
382 2645 628 2723 controversiis
644 2645 905 2725 praescribatis,
929 2656 967 2710 ut
981 2626 1239 2741 confligendum
1323 2680 1326 2681 ⁷

49 2749 115 2814 sibi
141 2758 177 2813 et
203 2747 321 2812 annis·
331 2743 602 2811 decertandum
617 2757 761 2826 putent,
788 2764 853 2822 ne,
881 2729 1213 2861 qtrcmadnrodurn
1204 2768 1240 2833 ιιι

49 2847 157 2925 bello
172 2867 284 2929 poena
314 2847 445 2926 ignavis
477 2846 534 2927 ab
550 2847 814 2926 imperatoribus
850 2846 1086 2925 constituitur,
1122 2846 1174 2912 sic
1204 2846 1240 2914 iu

49 2948 187 3022 iudiciis
216 2948 366 3015 deterior
395 2966 500 3021 causa
524 2948 583 3016 ιιι
600 2967 743 3031 eorum,
771 2946 827 3026 qui
852 2946 1017 3029 fugerint,
1052 2966 1152 3035 quarn
1183 2918 1245 3035 qui
1335 3026 1339 3031 q

50 3049 100 3132 ad
117 3061 313 3117 extremum
324 3067 441 3129 usque
463 3045 713 3113 contenderint.
758 3046 843 3112 Cum
863 3043 938 3110 de'
928 3064 1003 3110 rure
1024 3055 1060 3111 ct
1080 3032 1241 3138 legitimis
1261 3044 1302 3108 47

49 3151 233 3217 hominurn
265 3145 708 3229 controversiis,loquimur
730 3145 818 3225 etin
843 3142 896 3211 his
920 3144 1022 3211 rebus
1043 3134 1243 3239 riwin-'nomi-

52 3272 193 3336 narnus‚
221 3249 404 3332 pertenuis
415 3249 466 3315 vis
483 3245 632 3326 intelligi,
648 3244 759 3320 debet.
801 3244 881 3317 Vidi.
896 3251 1066 3322 armatos,
1082 3249 1241 3335 quamvis

51 3371 200 3432 paucos:
228 3371 355 3430 magna
378 3350 431 3416 ris
459 3360 530 3427 est3
560 3346 692 3417 decessi
708 3346 818 3414 nnius
847 3344 995 3414 hominis
1022 3345 1089 3412 telo
1110 3336 1243 3439 perter-

51 3452 158 3521 ritus:
174 3451 340 3518 -deiectus
366 3449 594 3530 detrususque
618 3469 707 3516 suan.
751 3446 829 3514 Hoc
852 3449 881 3514 si
903 3448 949 3513 ita
974 3449 1150 3526 statuetis,
1172 3435 1243 3527 non

52 3551 160 3619 modo
181 3575 252 3619 non
271 3552 352 3627 erit,
374 3570 437 3616 cur
458 3549 655 3630 depugnare
680 3549 859 3632 quisquam
883 3547 1029 3630 posthac
1050 3539 1244 3643 possessio-

52 3653 111 3721 nis
143 3675 247 3719 causa
271 3650 371 3727 velit,
401 3649 462 3726 sed
489 3671 533 3716 ne
561 3648 645 3717 illud
673 3648 826 3735 quidem,
861 3669 924 3714 cur
948 3669 1171 3730 repugnares
1190 3652 1243 3731 sin

54 3765 169 3820 autern
191 3755 261 3820 virn
284 3754 357 3818 sinc
376 3749 498 3835 caede,
519 3750 592 3817 sine
613 3747 868 3829 volneraticne,
889 3745 963 3816 sine
981 3746 1148 3830 sanguine
1167 3750 1244 3843 ιιιιι-

51 3850 128 3919 lam
159 3852 367 3932 intelligitis,
402 3851 551 3917 statuitis
587 3849 744 3917 homines
782 3851 1011 3931 possessionis
1048 3849 1242 3935 cupidiores

53 3971 158 4030 quam
189 3955 280 4018 vitae
306 3971 381 4019 esse
414 3962 585 4032 oportere.
1038 3980 1041 3984 ’
1121 3981 1126 3991 1

54 4048 329 4070 *nanu-n..-

128 4099 197 4159 §45.
215 4103 313 4164 optimc]
333 4106 373 4151 Sic
390 4099 465 4151 etiam
483 4098 535 4152 brt
555 4110 578 4152 ct
593 4107 680 4162 optimc
698 4104 772 4151 Beier
791 4106 850 4151 Μιι.

129 4180 199 4241 ιιι.
220 4200 283 4244 cum,
301 4190 323 4231 ιι
339 4186 393 4247 idid]
415 4186 467 4233 Ειι
491 4191 574 4240 illum,
600 4190 621 4232 ιι
639 4202 666 4231 cc
684 4187 731 4232 0.
834 4226 838 4233 .
1020 4213 1024 4221 -

130 4262 200 4323 ιιι.
222 4265 407 4328 intelligitisu
395 4269 530 4369 dictatus]
550 4266 668 4328 Palimps.
687 4218 865 4327 trrrctttgnun
854 4267 982 4320 ·ιιιιιιιοιι”ι
998 4265 1104 4315 0.,
1145 4307 1147 4309 ,

905 4367 925 4426 7
