2850 4759
236 296 295 362 312
700 283 951 354 CICERONIS
966 303 970 307 ’

235 471 270 526 et
286 453 463 539 prudentia
484 470 584 535 quam
607 448 672 516 lide
693 460 727 515 et
747 446 906 529 religione
926 449 1015 516 vitae
1035 446 1284 516 defendendum
1304 462 1384 533 puto.

233 563 324 630 Nota
342 559 399 628 tibi
417 570 469 626 est
489 550 635 623 homidis
657 552 825 639 probitas,
847 552 885 619 0.
903 551 1046 623 Caesar,
1067 553 1139 618 noti
1163 574 1295 630 mores,
1315 567 1385 620 nota
1405 610 1406 627 ,

233 664 436 734 constantia.
479 662 541 729 Cui
567 682 689 744 porro,
730 658 786 741 qui
822 655 924 724 modo
954 656 1070 739 populi
1099 656 1242 726 Romani
1274 682 1385 726 nomen

233 767 376 854 audivit,
406 766 556 834 Deiotari
577 763 770 845 integritas,
799 764 967 843 gravitas,
994 763 1120 840 virtus,
1141 763 1315 830 hdes‘non
1336 786 1384 829 au·

232 873 302 940 dita
324 871 403 941 est?
435 869 538 963 Quod
557 871 658 950 igitur
675 866 806 935 facinus
822 889 885 937 nec
905 867 1129 935 inhominem
1147 870 1382 952 imprudentem

232 981 354 1050 eadere
375 987 492 1062 posset
514 986 655 1058 propter
678 985 808 1040 metum
833 973 1019 1055 praesentis
1041 973 1153 1057 exitii,
1174 994 1238 1040 nec
1259 975 1293 1042 in
1314 974 1384 1040 faei-

168 1070 174 1087 ’
231 1106 415 1162 norosum,
448 1081 513 1150 nisi
539 1089 630 1149 esset
652 1075 742 1144 idem
766 1077 1035 1155 amentissimus,
1069 1075 1103 1143 id
1130 1094 1192 1146 vos
1216 1090 1252 1144 et
1274 1100 1295 1146 a
1320 1085 1383 1145 viro

232 1191 362 1272 optimo
386 1198 421 1254 et
444 1186 485 1254 ab
508 1184 643 1251 homine
668 1182 806 1250 minime
828 1177 932 1249 stulto
958 1180 1144 1261 cogitatum
1173 1202 1249 1249 esse
1272 1183 1384 1249 confin-

172 1292 211 1358 17
229 1293 323 1374 gitis.
364 1293 411 1358 At
437 1311 536 1373 quam
566 1309 634 1354 non
658 1284 761 1354 modo
792 1308 860 1352 non
884 1282 1103 1363 credibiliter,
1135 1285 1196 1353 sed
1217 1307 1260 1353 ne
1287 1288 1383 1369 suspi-

231 1396 324 1463 ciose
345 1391 495 1478 quidem!
530 1393 633 1470 Cum,
661 1391 786 1474 inquit,
808 1391 839 1457 in
862 1386 1038 1457 castellnm
1063 1390 1224 1458 Luceium
1247 1390 1382 1457 venisses

231 1511 266 1566 et
288 1497 428 1566 domurn
454 1497 563 1577 regis,
589 1493 732 1577 hospitis
758 1495 826 1574 tui,
853 1493 1073 1571 devertisses,
1101 1495 1198 1563 loeus
1223 1507 1298 1562 erat
1322 1495 1381 1578 qui.

230 1601 330 1679 darn,
358 1602 392 1668 in
417 1622 482 1684 quo
507 1610 603 1666 erant
627 1619 666 1666 ea
694 1598 901 1694 composita,
932 1597 1052 1681 quibus
1074 1610 1106 1665 te
1130 1620 1191 1665 rcx
1218 1619 1381 1666 munerare

230 1705 466 1772 constituerat.
507 1703 583 1770 Huc
607 1714 640 1770 te
660 1723 678 1769 e
700 1700 837 1788 balneo,
858 1702 1052 1785 priusquam
1076 1706 1316 1782 accumbercs,
1335 1703 1381 1770 du·

230 1828 308 1877 cere
328 1803 479 1873 volebat:
501 1807 545 1873 ibi
570 1806 657 1873 enim
680 1818 777 1874 erant
800 1807 938 1892 arietati,
961 1808 1015 1889 qui
1039 1817 1071 1872 te
1095 1807 1337 1884 interficerent,
1355 1809 1378 1873 in

230 1933 271 1978 eo
300 1911 373 1994 ipso
397 1908 475 1978 loco
499 1906 669 1977 collocati.
710 1908 762 1975 En
787 1910 932 1995 crimen,
967 1923 1007 1976 en
1036 1932 1157 1990 eausa,
1195 1935 1260 1978 cur
1283 1935 1378 1993 regen

229 2010 409 2097 fugitivus,
430 2013 603 2082 dominum
628 2033 749 2082 servus
773 2027 921 2086 accuset.
961 2014 1034 2096 Ego
1059 2014 1290 2094 mehercules,
1312 2020 1379 2084 Cae·

229 2140 304 2196 sar,
337 2118 450 2199 initio,
479 2125 560 2184 'cum
591 2129 643 2185 est
670 2116 711 2183 ad
737 2137 791 2184 me
817 2117 881 2185 ista
906 2139 1007 2186 eausa
1031 2117 1158 2197 delata,
1193 2119 1377 2204 Phidippum
1405 2188 1406 2211 1

228 2221 417 2302 medicum,
451 2242 588 2289 servum
615 2221 768 2301 regium,
795 2218 854 2303 'qui
883 2243 960 2289 cum
988 2218 1107 2301 legatis
1138 2223 1264 2292 missus
1294 2237 1377 2299 esset,
1405 2260 1407 2343 J

229 2327 271 2395 ab
299 2328 364 2396 isto
394 2322 611 2395 adolescente
638 2345 714 2391 csse
748 2333 966 2406 corruptum,
999 2324 1062 2395 hac
1092 2349 1168 2395 sum
1199 2331 1378 2412 suspicione

228 2451 432 2515 percussust
468 2428 636 2497 medicum
671 2426 815 2495 indicem
853 2430 1069 2508 subornavit3
1099 2432 1206 2513 finget
1239 2433 1379 2500 videlicet

228 2532 366 2618 aliquod
387 2533 514 2599 crimen
535 2532 665 2598 veneni.
709 2531 782 2598 Etsi
801 2554 819 2597 a
840 2533 979 2598 veritate
998 2533 1116 2615 longe,
1141 2548 1254 2604 tamen
1274 2560 1293 2603 a
1313 2561 1378 2604 ron·

168 2635 406 2706 assuetudine
426 2634 623 2703 criminandi
644 2659 710 2703 non
737 2634 879 2704 multum
904 2659 956 2705 res
979 2637 1191 2711 abhorrebat.
1236 2640 1323 2732 Quid
1344 2642 1378 2706 ait
1404 2680 1405 2725 4

227 2737 408 2807 medicus?
432 2738 523 2807 Nihil
550 2738 590 2807 de
612 2761 754 2809 veneno.
794 2743 841 2808 At
865 2740 896 2807 id
917 2742 988 2808 heri
1010 2744 1119 2824 potuit
1143 2745 1254 2827 primo
1279 2743 1377 2813 oseul·

228 2843 293 2910 tius
315 2842 349 2910 in
375 2843 529 2926 potione,
561 2847 596 2919 in
626 2844 720 2921 cib03
742 2842 860 2910 deinde
889 2846 989 2912 etiam
1017 2847 1185 2930 impunius
1211 2850 1268 2929 fis,
1301 2844 1377 2932 quod

227 3045 254 3093 C.
275 3042 370 3108 Caesar]
394 3044 442 3094 elb.
467 3043 494 3090 (5.
522 3043 618 3097 Caesar,
648 3044 711 3090 hom.
727 3043 795 3102 prob.
812 3043 842 3090 Ε.
858 3068 893 3083 -
906 3012 955 3090 uon
972 3047 1005 3090 eil
1019 3045 1099 3091 oedila
1115 3046 1147 3093 ol.
1163 3045 1302 3096 Steinmetz.
1316 3046 1375 3094 erot-

224 3131 301 3178 acher.
319 3154 353 3170 -
369 3131 461 3177 eederet
477 3127 627 3190 b.·Madrig.

291 3236 363 3300 bil.
380 3238 508 3285 Fortasse:
536 3238 643 3285 Blucium
659 3239 698 3286 rei
716 3237 833 3286 Blaesum.
849 3237 977 3301 (Lucetium
993 3252 1112 3299 superscr.
1129 3237 1280 3300 amant.)
1293 3266 1325 3279 -
1338 3253 1374 3284 soe
1403 3270 1404 3321 p

223 3322 295 3368 modo
312 3321 454 3368 credibiliter
471 3323 488 3367 Ι.
505 3322 578 3370 solus.
596 3346 628 3362 ·-
646 3327 667 3368 le
684 3320 738 3383 rea]
756 3322 803 3370 elb.
821 3338 865 3369 reo
881 3327 903 3368 le
921 3323 949 3369 E.
966 3349 1000 3362 -
1016 3327 1132 3370 munerari
1149 3327 1219 3375 01x.
1230 3350 1266 3364 ·-
1281 3328 1312 3372 ibi
1326 3327 1372 3370 eain

222 3404 406 3467 anatemati]
425 3405 456 3452 el.
479 3407 554 3453 Erard
576 3409 636 3453 enim
656 3410 743 3455 emuli
765 3407 788 3454 b.
810 3407 840 3455 Ε.
859 3432 890 3448 -
913 3410 1063 3463 mehercules,
1091 3408 1185 3471 Caeam]
1210 3412 1241 3457 el.
1263 3410 1371 3471 matrab

225 3491 251 3538 C.
272 3489 357 3537 &aar
373 3490 403 3537 Ε.
420 3515 451 3531 -
469 3505 519 3538 sum
535 3491 607 3555 erup]
626 3493 673 3540 elb.
690 3508 754 3552 susp.
770 3507 821 3539 eron
837 3493 868 3540 Ε.
884 3518 916 3532 -
934 3493 1082 3554 subornauit]
1099 3493 1123 3541 b.
1138 3495 1275 3542 adornabit
1292 3495 1319 3541 Ε.

289 3596 302 3660 b
322 3598 360 3645 ts.
378 3613 470 3646 ameno.
493 3600 557 3647 Fieri
578 3603 610 3649 el.
626 3616 660 3641 .-
677 3604 702 3647 ἰη
724 3599 786 3664 dio]
806 3603 836 3649 el.
861 3603 898 3648 vel
919 3604 944 3647 irs
961 3617 982 3649 e.
1005 3602 1034 3649 Ε.
1050 3626 1085 3641 -
1106 3604 1172 3651 Iovia
1189 3604 1242 3664 ille]
1258 3600 1369 3651 Enete

222 3681 333 3744 Madvig.
350 3685 416 3730 Iouis
432 3687 496 3732 illius
511 3686 585 3734 Libri.
597 3713 628 3726 -
647 3681 756 3750 celasset]
774 3701 797 3734 e.
814 3688 932 3734 celavisset
947 3687 977 3735 Ε.
990 3712 1021 3725 -
1039 3690 1120 3734 conari
1135 3687 1257 3751 occlusae]
1274 3689 1318 3737 elb.
1331 3699 1368 3732 ote
1402 3726 1403 3769 ἶ

222 3781 274 3814 core.
291 3767 321 3815 Ε.
540 3800 543 3805 -
870 3768 875 3773 ’
1072 3770 1077 3781 “
1111 3802 1112 3815 2
1402 3784 1403 3811 t

222 3945 261 3985 trs
282 3938 343 3986 ictus
366 3938 559 3989 adversariorum
580 3953 633 3988 sese
655 3944 747 4000 tegunt.
781 3938 838 3987 Non
861 3938 934 4001 igitur
950 3937 1011 3986 inest
1027 3938 1052 3986 in
1071 3938 1107 3988 hia
1124 3953 1164 3988 rr.
1181 3939 1299 4002 magnes
1313 3934 1365 3985 ulli·

221 4023 304 4070 ditatis
321 4024 490 4084 reprehensio.'
1192 4016 1194 4019 ⁵

288 4121 300 4194 b
320 4134 359 4180 17.
376 4131 495 4195 Luceium]
514 4133 601 4180 Strabo
623 4135 666 4189 12,
684 4149 709 4194 p.
728 4133 785 4182 567.
825 4126 1017 4199 Τολιστοβὸγιοι
1037 4130 1063 4183 di
1082 4126 1176 4200 ὅμοροι
1192 4136 1311 4189 Βιθυνοῖς
1327 4130 1362 4179 alet

220 4216 264 4265 καὶ
283 4212 314 4284 τῇ
337 4209 457 4281 1πικτὴτῳ
474 4210 613 4285 καλούμένῃ
635 4216 764 4286 cipum·
790 4209 904 4286 φρούρια
931 4217 955 4267 d'
979 4211 1061 4267 αὗτῶν
1086 4220 1140 4267 ἔστι
1159 4212 1190 4268 τὸ
1213 4237 1241 4268 τε
1258 4207 1360 4267 Brileto
1401 4214 1402 4299 i

220 4300 360 4359 (Groskur'd
380 4299 522 4349 Strabonem
546 4316 579 4348 ax
599 4303 720 4350 Cicerone
745 4303 916 4348 emendandum
941 4305 1040 4350 suadete
1067 4303 1125 4349 mihi
1151 4310 1237 4350 eontra
1259 4293 1359 4352 viderur)

222 4383 265 4433 eal
283 4376 313 4434 τὸ
327 4375 426 4446 Halios·
453 4378 487 4434 ὧν
505 4377 535 4434 τὸ
550 4387 596 4452 μὲν
609 4380 641 4453 ἦν
659 4385 789 4455 βασίλειον
805 4378 967 4452 Δηϊοτάρου,
989 4382 1020 4438 τὸ
1040 4385 1067 4438 δὲ
1087 4380 1279 4455 γαζοφυλάκιον.
