2850 4759
260 295 428 366 cuano
448 298 512 363 ιν.
536 275 583 366 rh
603 291 875 379 commotu,
896 317 928 365 ο.
946 298 977 365 o.
1116 367 1119 372 ,
1145 299 1204 365 m

26 479 106 527 omn
122 458 283 525 exercitu
297 457 430 525 venisse
445 456 641 535 Catilinam,
664 471 736 526 tum
751 456 1022 526 lamentationem
1039 469 1204 528 matrum·

27 561 201 640 familias,
231 572 303 628 tum
329 561 447 641 fugam
476 562 644 643 virginum
666 574 766 645 atque
785 584 969 645 puerorum
991 585 1031 631 ac
1050 566 1204 633 vexatio-

26 688 107 733 nem
138 666 312 747 virginum
334 662 521 733 Vestalium
548 662 790 748 perhorresco:
824 679 875 742 et,
905 669 983 749 quia
1003 664 1083 733 mihi
1103 665 1204 734 vehe-

27 780 170 836 menter
201 766 283 854 haec
309 766 466 834 videntur
491 768 613 836 misera
642 779 742 851 atque
770 769 979 848 miseranda,
1016 769 1142 837 idcirco
1169 771 1204 838 in
1265 835 1269 850 ,

29 894 105 944 eos,
125 871 194 955 -qui
209 892 249 938 ea
262 871 425 954 perlicere
438 869 636 948 voluerunt,
665 892 720 938 me
733 893 889 940 severum
905 870 1205 957 vehementemque

29 976 222 1061 praebebo.
262 972 396 1042 Etenim
418 995 563 1058 quaero,
595 974 624 1043 si
645 995 719 1058 quis
739 975 979 1056 paterfamilias
1001 977 1113 1049 uberis
1133 978 1204 1045 suis

31 1101 178 1148 aservo
202 1078 409 1154 interfectis,
430 1097 539 1145 uxore
561 1079 691 1149 occisa,
720 1079 856 1147 incensa
877 1079 979 1150 domo
1001 1080 1204 1165 supplicium

33 1182 71 1250 de
92 1183 208 1251 servis
230 1203 329 1265 quam
352 1181 605 1250 acerbissimum
627 1183 827 1269 sumpserit,
857 1195 973 1251 utrum
1000 1183 1029 1252 is
1055 1183 1203 1252 clemens

32 1310 70 1355 ac
87 1288 315 1364 misericors,
350 1307 393 1354 au
412 1283 709 1354 inhumanissimus
731 1299 766 1353 et
786 1285 1038 1356 crudelissimus
1059 1308 1134 1356 esse
1154 1288 1205 1354 vi·

35 1390 187 1458 deaturi)
222 1388 309 1457 Mihi
337 1409 418 1457 vero
440 1388 656 1471 importunus
676 1410 716 1456 ac
736 1391 887 1468 l'erreus,
922 1393 1066 1476 quinon
1087 1390 1204 1459 dolore

36 1516 73 1561 ne
98 1495 258 1562 cruciatu
284 1492 438 1563 nocentis
465 1512 566 1561 suum
595 1490 747 1560 dolorem
778 1495 1032 1579 cruciatumque
1059 1493 1203 1561 lenierit.

38 1600 88 1665 Sic
108 1621 174 1667 nos
196 1598 231 1664 in
253 1596 304 1664 his
325 1595 536 1682 hominihus,
557 1597 716 1680 quinos,
738 1597 792 1681 qui
813 1599 989 1680 coniuges,
1010 1599 1065 1683 qui
1080 1596 1204 1667 liberos

38 1716 172 1770 nostros
202 1699 372 1768 trucidare
399 1698 599 1777 voluerunt,
635 1701 691 1784 qui
726 1698 874 1781 singulas
907 1702 1006 1770 unius
1041 1703 1205 1786 cuiusque

40 1806 193 1874 nostrfim
220 1805 343 1892 domos
372 1814 406 1870 et
433 1802 500 1873 hoo
527 1804 722 1872 universum
749 1805 798 1872 rei
824 1803 977 1888 publicae
998 1806 1204 1876 domicilium

40 1907 146 1976 delere
168 1908 285 1976 conati
305 1919 399 1987 sunt,
429 1909 487 1991 qui
513 1908 547 1975 id
576 1920 735 1989 egerunt,
768 1919 812 1982 ut¹
826 1920 959 1989 gentem
981 1908 1205 1991 Allobrogum

41 2013 71 2079 in
89 2013 244 2094 vestigiis
264 2010 363 2078 huius
382 2011 476 2080 urbis
495 2024 596 2096 utque
615 2014 649 2079 in
670 2014 783 2080 cinere
803 2012 1122 2097 deflagratiimperii
1136 2012 1207 2083 col·
1291 2071 1298 2083 ,

42 2113 208 2197 locarent,
244 2115 273 2184 si
293 2113 579 2183 vehementissimi
599 2114 784 2201 fuerimus,
816 2116 1052 2185 misericordes
1072 2117 1206 2185 habebi·

44 2240 130 2300 mur,
149 2222 205 2288 sin
226 2219 440 2288 remissiores
462 2238 536 2286 esse
557 2217 784 2295 voluerimus,
804 2240 957 2286 summae
971 2221 1067 2289 nobis
1083 2221 1205 2290 erude-

44 2318 138 2391 litatis
159 2323 195 2391 in
217 2324 347 2408 patriae
368 2322 557 2404 civiumque
573 2323 720 2404 pernicie
734 2322 825 2388 fama
840 2322 1012 2390 subeunda
1027 2336 1089 2392 est.
1131 2324 1204 2394 Nisi
1226 2325 1264 2388 13

46 2444 117 2493 vero
138 2429 288 2511 cuipiam
308 2427 347 2494 L.
370 2427 513 2507 Caesar,
535 2427 587 2492 vir
607 2426 815 2494 fortissimus
833 2438 866 2493 et
885 2428 1137 2499 amantissimus
1158 2430 1206 2495 rei

46 2528 205 2610 publicae,
228 2528 400 2597 crudelior
413 2529 658 2597 nudiustertius
673 2530 767 2598 visus
782 2542 849 2607 est,
876 2552 952 2597 cum
969 2531 1097 2600 sororis
1111 2550 1204 2609 suae,

47 2631 181 2702 feminae
208 2632 433 2712 lectissimae,
466 2634 575 2700 virum
603 2631 814 2716 praesentem
844 2646 878 2701 et
911 2635 1101 2700 audientem
1135 2636 1206 2701 vita

48 2737 239 2813 privandum
261 2758 336 2806 esse
357 2735 459 2815 dixit,
481 2759 559 2803 eum
581 2759 682 2804 avum
703 2740 796 2806 iussu
819 2735 967 2805 consulis
988 2738 1204 2805 interfectum

48 2835 208 2925 filiumque
230 2843 303 2910 eius
324 2841 549 2924 impuberem,
571 2839 722 2921 legatum
744 2862 764 2910 a
784 2854 879 2926 patre
898 2842 1058 2919 missum,
1080 2842 1112 2908 in
1132 2863 1206 2908 car·

50 2957 115 3008 eere
140 2959 300 3012 necatum
330 2966 405 3013 esse
439 2945 534 3013 dixit.
591 2944 747 3036 Quorum
782 2943 871 3029 quod
904 2943 1014 3012 simile
1046 2943 1205 3011 factum?

50 3061 265 3085 ξ-ᾐ---ιι
345 3077 350 3084 .

108 3129 119 3190 l
142 3133 180 3181 13.
203 3138 352 3204 electissimae
374 3134 427 3182 Tu.
450 3135 510 3182 Eri..
526 3135 618 3196 (Falsa
639 3135 713 3182 lectio
738 3136 802 3180 cuius
824 3137 864 3180 uni
886 3137 947 3180 iussu
969 3135 1111 3179 consularem
1135 3148 1204 3194 repe·

52 3208 102 3258 titur
117 3216 140 3262 iu
162 3219 306 3268 Manutiuna
326 3219 411 3281 1554.)
429 3246 462 3259 ·-
479 3220 534 3280 quid
552 3220 615 3280 (sic)
633 3222 708 3264 simile
720 3219 811 3278 sechem
828 3222 881 3265 est?
902 3221 934 3265 R.
957 3218 1018 3281 (non
1036 3217 1099 3274 ΤΡ.)
1116 3242 1150 3255 -
1167 3221 1204 3262 uir
1246 3283 1249 3288 ἱ

53 3297 130 3346 curte.
151 3303 181 3350 P.
202 3331 237 3343 -
260 3307 300 3350 ille
322 3306 391 3351 etlam
415 3310 462 3351 tum
484 3319 555 3365 gram
573 3304 625 3350 ru).
648 3306 687 3350 ille
703 3318 759 3351 auur
776 3305 869 3351 botuli
886 3307 953 3349 etiam
969 3318 1041 3363 grone
1058 3308 1106 3348 tum
1122 3301 1152 3348 Τ.
1170 3325 1204 3340 -

53 3379 75 3422 de
88 3395 168 3432 summo
190 3392 225 3435 rei
244 3391 350 3448 publicae
371 3389 424 3437 att.
440 3414 474 3427 -
489 3391 527 3435 hio
549 3390 580 3434 od
601 3391 709 3434 cudendo
726 3389 758 3435 R.
774 3392 812 3435 hie
829 3391 937 3435 Lentulus
953 3390 984 3433 od
1000 3387 1106 3433 vertendo
1123 3384 1154 3433 Τ.
1171 3411 1203 3423 -

54 3472 137 3514 emersit
151 3472 224 3521 TRP.
247 3475 301 3536 (qui
320 3475 409 3521 hahent
425 3474 577 3534 praesentis,
605 3489 653 3521 non
671 3474 801 3533 perfecta.)
819 3454 852 3510 -Ᾰ
874 3478 897 3518 et
920 3478 1006 3519 eeteros
1024 3472 1077 3518 Tu.
1099 3471 1153 3518 Eri.
1171 3496 1203 3510 ·-

55 3558 95 3593 ΟΜ·
117 3552 195 3603 Gauio
211 3558 265 3606 Tu.
285 3559 338 3609 Erf.
356 3586 389 3598 -
406 3561 561 3618 diripiendam
585 3560 761 3618 modumque
783 3560 813 3605 P.
830 3583 864 3595 -
884 3557 1022 3617 Vereaminr]
1039 3556 1114 3604 ΤΒΡ.
1135 3557 1202 3602 Vere-

55 3633 102 3677 'lim'
120 3636 175 3686 Em.
196 3644 259 3690 coni.
282 3669 316 3682 -
337 3642 437 3702 offundo
459 3646 527 3689 nimis
549 3645 638 3702 aliquid
659 3641 770 3704 renerius]
794 3642 868 3689 Tur).
890 3642 990 3702 nefando
1018 3644 1087 3688 nimie
1114 3644 1205 3701 aliquid

56 3724 118 3763 'werd
137 3721 193 3771 Em.
214 3729 305 3788 nefario
327 3730 418 3788 aliquid
445 3730 543 3774 serenus
567 3723 674 3788 Madvig.
696 3754 731 3766 -
759 3730 831 3773 multo
853 3729 929 3787 magis
951 3726 1000 3790 est]
1024 3727 1053 3774 Τ.
1077 3728 1129 3775 Eri.
1153 3741 1204 3773 αιιιι
1255 3751 1259 3757 ·

56 3801 116 3846 ”⁸¹¹⁰
130 3811 249 3867 mugiuit
264 3812 317 3860 ult
334 3812 391 3859 Em.

61 3900 245 3933 κῆ·-

28 3981 29 3984 '
112 3972 178 4035 lld.
200 3985 227 4031 l..
250 3985 325 4034 lulius
351 3986 442 4034 Caesar
464 3979 546 4035 consul
564 3988 609 4034 fuit
633 4002 685 4034 curn
704 3988 732 4034 C.
750 3987 846 4033 Marcio
864 3987 952 4047 figulo
969 4002 992 4034 u.
1011 4002 1034 4034 ιι.
1052 4001 1073 4035 c.
1092 3987 1150 4033 690.
1168 4011 1202 4027 -

60 4060 133 4103 ⁸⁰'⁰'¹'⁸
148 4067 207 4126 tuoe]
224 4070 315 4128 lulius,
333 4086 405 4133 quem
422 4078 598 4132 postmortem
615 4073 650 4118 M.
667 4072 768 4119 Antonii
786 4072 890 4129 (iterim,
908 4086 941 4118 ex
954 4086 1003 4132 quo
1016 4079 1092 4119 mater
1103 4072 1137 4118 M.
1150 4070 1200 4117 An-

61 4137 110 4184 ¹⁰⁰fi
130 4147 238 4200 triumviri
263 4156 321 4213 fuir,
349 4157 379 4203 P.
403 4157 517 4203 Lentulus
540 4157 602 4203 Sura
624 4160 730 4203 duxerat
754 4170 865 4204 uxorem.
882 4180 916 4193 -
940 4154 1018 4215 noum]
1037 4156 1072 4202 hl.
1089 4155 1201 4202 Fulvium

61 4213 157 4274 Flaccum
173 4234 254 4294 (Catil.
275 4239 355 4300 1,2.)
388 4240 446 4287 Eius
464 4241 513 4316 lilia
531 4240 619 4289 Fulvia
636 4249 713 4300 nupta
731 4242 758 4287 L.
774 4241 874 4288 Caesari
891 4242 983 4288 consuli
1001 4254 1055 4286 cum
1066 4240 1095 4285 C.
1106 4239 1199 4286 Rutilio

64 4296 120 4361 Lupo
135 4318 220 4370 biiii.
237 4335 269 4369 ex
287 4339 318 4372 eo
336 4332 412 4372 mater
430 4326 499 4372 huius
516 4327 544 4372 L.
562 4326 674 4373 Caesaris
690 4326 743 4372 fuit.
761 4350 796 4364 -
811 4328 877 4371 huius
893 4325 958 4384 auus]
976 4324 1066 4370 Consul
1084 4336 1137 4369 cum
1155 4322 1197 4370 Cn.

63 4378 349 4457 ”ultramosanus
367 4425 390 4459 n.
409 4425 430 4458 ο.
449 4411 506 4459 sor.
550 4451 552 4456 .
579 4453 581 4460 s
1197 4412 1199 4415 ⁴
