2850 4759
217 229 389 301 onnno
415 230 666 301 rnnrrrrcn
690 174 1006 310 xrv..0.1ero.
1147 234 1205 298 ns

28 389 281 474 posteritatique
308 386 472 470 prodatur
491 401 634 471 propter
654 393 755 460 utrius
777 391 860 459 ciris
884 388 1075 472 periculum
1097 402 1204 472 popu*-

28 490 94 559 lnrn
124 493 321 559 Romanurn
349 489 391 556 ad
419 492 608 570 cessisse,
646 503 789 574 propter
809 489 960 556 ciusdem
983 491 1205 558 salutern're·
1288 518 1293 525 .

28 591 112 660 disse
134 591 178 658 sd
203 604 312 671 togas.
356 587 482 656 Tollite
503 588 609 656 harnes
633 592 760 682 nrdlnns
784 603 852 658 tarn
874 611 1000 672 prorae
1017 594 1206 659 sentcntiae

28 713 163 760 censam
186 691 374 775 reperietis.
414 687 485 758 Vos
507 711 609 768 rero,
631 693 749 758 Patres
770 692 974 772 conscripti,
1003 705 1206 757 conservate

28 792 264 860 anctoritatem
293 802 465 874 vestrane,
502 804 636 857 manete
663 793 697 858 in
724 796 911 870 sententia,
951 804 1063 859 tolete
1092 804 1207 858 restra

28 894 209 969 promocio,
230 891 321 974 quod
342 911 444 972 saepe
466 893 681 968 ostendistis,
703 891 803 959 huius
827 893 930 959 totius
952 889 1029 959 belli
1050 892 1083 957 in
1105 893 1211 961 unius
1263 896 1267 907 '

28 993 84 1059 riri
105 993 288 1059 fortissimi
315 1004 350 1058 et
371 992 512 1058 inaxinri
534 991 600 1059 rita
621 999 773 1073 positum
793 1013 870 1061 esse
891 992 1088 1061 discrimen.
1130 1064 1132 1067 ,
1173 982 1174 985 '
1207 1044 1211 1053 .

101 1097 148 1161 ll.
188 1092 242 1161 sd
272 1093 314 1159 b.
345 1092 491 1161 Brutum
525 1091 738 1160 liberandum
772 1093 875 1174 legati
907 1093 1002 1161 missi
1037 1093 1247 1175 principest
1293 1112 1297 1118 ’

29 1193 191 1271 civitatis,
213 1193 270 1275 qui
291 1190 339 1259 illi
360 1191 450 1259 hosti
471 1213 513 1261 ae
532 1192 722 1273 parricidae
744 1193 1000 1279 denuntiarent,
1028 1205 1067 1259 ut
1087 1213 1106 1260 a
1129 1194 1209 1260 utu·
1313 1222 1316 1238 =

30 1294 94 1360 tine
116 1291 329 1373 diseederet3
356 1292 508 1360 eiusdem
531 1293 572 1360 D.
586 1292 688 1360 ‘Bruti
710 1292 935 1360 cosrserrandi
955 1293 1065 1373 gratia
1086 1292 1208 1360 consul

31 1395 150 1459 sortitu
171 1391 213 1460 ad
236 1391 362 1460 bellum
383 1394 559 1475 proiectus
579 1396 621 1460 A.
640 1393 789 1474 Hirtius,
818 1394 918 1462 cuins
939 1392 1207 1462 imbecillitatem

30 1492 228 1561 valetudinis
250 1494 352 1560 enimi
374 1495 481 1561 virtus
503 1507 536 1560 et
559 1514 638 1576 spes
666 1495 831 1561 victoriae
849 1496 1090 1561 -eonlirniarits
1125 1497 1210 1561 sae·
1270 1532 1278 1541 ·

32 1613 100 1669 sar,
135 1616 216 1660 cnm
243 1595 399 1661 exercitu
428 1614 489 1677 per
515 1615 552 1662 se
577 1607 780 1679 comparato
808 1597 927 1677 prinris
955 1597 1117 1678 pestibus
1135 1617 1207 1662 rens
1247 1646 1252 1655 .

32 1695 195 1776 publicant
219 1695 414 1769 liberasset,
446 1716 488 1761 ne
517 1697 596 1778 qnid
624 1708 744 1780 postea
765 1694 905 1763 sceleris
929 1697 1097 1773 oriretur,
1128 1717 1210 1776 pro-

33 1797 138 1862 iectus
165 1806 219 1862 est
243 1796 286 1862 ad
313 1794 460 1863 eundem
482 1796 626 1864 Brutum
647 1797 861 1865 liberandum
883 1798 1031 1880 vicitque
1053 1795 1208 1865 dolorem

33 1895 171 1978 aliquem
204 1896 429 1964 domesticum
457 1899 586 1979 patriae
613 1900 768 1965 caritate.
822 1897 915 1988 Quid
944 1897 981 1962 C.
1011 1900 1120 1966 Pansa
1141 1900 1249 1978 rgits

35 1995 118 2062 aliud
133 1996 322 2063 ‹lelcctibus
338 1996 521 2073 habendis,
543 1999 685 2079 pecnnia
701 1997 949 2080 comparanda,
972 2011 1112 2065 senatus
1127 2019 1210 2065 con-

35 2096 124 2165 sultis
146 2097 310 2164 faciendis
332 2100 542 2177 gravissimis
563 2100 596 2163 in
619 2099 826 2172 Antoninos.
856 2099 952 2165 nobis
974 2097 1210 2175 cohortandis,

36 2195 156 2278 populo
170 2198 325 2265 Romano
341 2197 383 2264 ad
397 2220 537 2265 causam
557 2196 721 2265 libertatis
735 2199 909 2277 rorando,
931 2200 995 2265 nisi
1012 2211 1050 2264 ut
1064 2201 1109 2267 D.
1121 2197 1208 2263 Bru·

37 2308 85 2362 tus
105 2296 337 2366 liberaretur?
365 2303 396 2365 A
417 2321 485 2381 quo
507 2296 654 2381 populus
676 2299 849 2366 llornenus
868 2299 1031 2381 frequens
1053 2301 1098 2364 ita
1118 2301 1210 2369 salu·

37 2407 97 2463 torn
119 2400 160 2465 D.
182 2398 279 2464 liruti
302 2419 366 2464 una
387 2419 474 2465 rone
496 2398 712 2482 depoposcit,
735 2411 773 2464 ut
793 2420 868 2465 earn
890 2422 958 2466 nors
979 2398 1092 2465 solnrn
1114 2420 1210 2466 corrr-

37 2497 256 2575 undisonis,
291 2498 352 2570 sed
380 2500 480 2565 etiarn
509 2501 704 2567 necessitati
732 2500 842 2567 victus
864 2500 1061 2566 anteferret.
1105 2498 1211 2590 Quod
1299 2520 1302 2521 ⁷

37 2616 166 2677 sperare
195 2621 257 2672 nos
285 2597 420 2682 quidern
448 2597 630 2678 debemus,
662 2601 781 2668 Patres
810 2601 1016 2683 coriscripti,
1052 2614 1110 2667 ant
1131 2602 1210 2667 inibi
1305 2644 1307 2651 ·

38 2717 104 2769 esse
125 2711 184 2783 aut
205 2701 270 2767 iarn
292 2699 606 2780 essecorricetun13
636 2699 696 2769 sed
717 2701 789 2783 spei
809 2701 961 2768 fructum
982 2702 1032 2768 rei
1052 2703 1212 2770 conrenit

98 2879 151 2939 id.
164 2880 242 2936 regau
265 2876 348 2939 missi]
378 2878 431 2925 Ser.
453 2878 575 2938 Sulpicius
599 2879 689 2937 Rufus,
714 2879 758 2940 qei
781 2879 806 2925 in
829 2893 859 2926 ee
882 2878 1008 2938 legatione
1030 2887 1140 2929 mortuus
1162 2888 1212 2936 est,

39 2956 62 3002 l..
78 2959 222 3020 Calpurnius
239 2961 312 3015 Piso,
338 2962 366 3009 l..
388 2960 533 3020 Philippus,
563 2960 696 3011 Osterisnl
720 2962 833 3017 vitricus,
862 2973 946 3008 omnes
963 2963 1118 3018 consuleres,
1147 2964 1212 3011 missi

38 3039 82 3085 ism
98 3042 177 3100 pridie
194 3043 260 3089 Nou.
278 3042 332 3089 Iso.
347 3041 387 3102 (d.
405 3044 431 3090 4.
448 3043 503 3091 lau.
520 3057 546 3090 s.
564 3058 589 3092 u.
606 3058 629 3090 e.
647 3044 719 3104 ¹111.)
733 3069 764 3080 -
777 3046 880 3088 uades
894 3057 942 3100 per
957 3055 983 3087 ss
998 3043 1147 3105 comparato]
1161 3045 1178 3090 i.
1190 3059 1213 3109 o.

40 3124 133 3179 privetis
150 3125 253 3185 opibus,
269 3125 396 3186 quingenis
413 3126 519 3175 deusriis
535 3126 636 3185 nugulis
654 3125 765 3173 evocetis
782 3125 927 3180 nsmmtis,
945 3126 968 3170 ia
982 3125 1120 3184 Campanis
1132 3140 1214 3172 meuse

40 3203 134 3255 Octobri
150 3220 176 3255 s.
189 3206 248 3253 710.
265 3207 312 3267 (ad
326 3208 378 3255 Ate.
395 3209 440 3263 tu,
452 3210 488 3268 8.)
501 3232 532 3247 ·-
545 3210 632 3264 primis
640 3205 755 3270 pestibus]
768 3208 830 3253 Cum
846 3223 890 3254 sus
908 3207 1040 3267 largitione
1058 3203 1213 3267 perfecisset,

38 3295 65 3331 se
85 3286 203 3337 daunino
221 3287 335 3339 Gesseris
360 3296 479 3339 eroestos
504 3296 531 3337 et
553 3290 663 3349 legiones
680 3303 765 3339 omnes
782 3291 828 3337 sibi
845 3290 991 3336 conciliaret
1008 3295 1084 3349 seque
1095 3305 1116 3341 ,ι
1135 3288 1213 3335 ltres-

40 3367 97 3416 disis
113 3371 208 3419 rediens
225 3371 316 3417 Urbem
333 3377 477 3430 oeenpsret.
495 3396 528 3410 -
545 3371 664 3430 profectus
681 3370 731 3431 est]
749 3378 808 3431 post
824 3371 969 3418 sanaturi).
985 3371 1076 3426 sectnrn
1091 3371 1213 3420 quen.

41 3446 89 3496 len.
105 3452 142 3513 (2.
159 3451 227 3505 lan.)
245 3453 305 3498 tlt.
323 3453 375 3498 Cir.
393 3454 483 3503 Marso.
503 3453 613 3501 Narbon.
631 3454 698 3512 opud
716 3453 787 3499 Grnt.
805 3467 831 3512 p.
849 3453 909 3499 229.
930 3450 1215 3511 VII.1dns1as.(d.i.

41 3527 103 3591 len.)
119 3549 164 3593 que
182 3536 220 3581 die
234 3536 339 3591 primum
360 3536 484 3591 imperium
506 3534 572 3579 orbis
590 3540 706 3583 terrarum
723 3536 857 3591 respiratus
873 3540 915 3581 est.
933 3559 966 3573 -
983 3537 1131 3583 domesticasse
1148 3536 1216 3580 dolo·
1315 3530 1323 3544 '

41 3609 95 3671 ros]
119 3621 223 3674 propter
246 3617 353 3662 occisum
376 3612 407 3661 C.
431 3615 520 3663 lulium
543 3616 682 3663 Gessacem.
718 3615 769 3662 (lor
792 3630 816 3664 r.
838 3619 939 3673 aliquem
957 3617 1074 3679 languere
1087 3616 1168 3665 *risum
1185 3617 1217 3663 sit

40 3690 159 3753 Erusstio,
185 3712 235 3745 nou
259 3696 379 3756 intelligo
415 3697 482 3743 Scite
503 3697 552 3744 boe
575 3698 632 3756 lpso
655 3712 679 3746 r.
702 3697 824 3758 significet
846 3711 896 3743 non
920 3699 985 3746 adeo
1008 3708 1122 3759 monium
1144 3699 1219 3747 luisse

41 3773 108 3825 istest
124 3780 249 3835 dolorem,
264 3787 292 3827 ut
310 3793 360 3827 noe
378 3781 466 3827 cedere
482 3785 507 3826 et
524 3764 636 3826 debuerit
651 3786 677 3827 et
694 3780 804 3838 potnerit
821 3779 919 3839 pstrise
935 3778 1045 3831 eeritsti.

47 3914 50 3919 -
102 3883 155 3943 to.
170 3887 270 3944 proruis
288 3884 457 3946 comparando]
476 3883 523 3941 Α..
549 3899 599 3945 quo
616 3885 724 3944 erittttur
740 3883 852 3942 ingratus
868 3900 943 3933 sonus
961 3894 999 3934 tot
1017 3903 1058 3935 vr.
1076 3887 1100 3932 in
1118 3889 1139 3930 is
1156 3886 1218 3932 desi·

43 3964 151 4012 nentium.
186 3966 216 4013 V.
236 3960 342 4024 perionis
363 3969 535 4025 comparandis.
559 3990 593 4004 -
616 3969 748 4013 eremitati
771 3967 854 4024 rietus]
882 3969 964 4024 „scit
987 3969 1075 4015 elensis
1099 3967 1219 4020 tabernis,

43 4041 128 4091 indisso
146 4048 247 4099 tumnlm
266 4063 296 4094 nc
314 4050 378 4109 segis
391 4049 492 4107 sumptis
510 4055 536 4094 et
552 4049 584 4094 nb
603 4048 689 4094 labora
707 4048 867 4103 sbstiuendo.
883 4064 934 4109 quo
948 4050 1024 4097 rictus
1036 4051 1220 4108 quaereretur.“

43 4121 103 4170 Esse.
120 4151 154 4163 -
170 4130 229 4173 inibi
246 4144 293 4174 esse
311 4131 399 4176 dicitur
417 4131 452 4185 id,
472 4131 539 4190 quud
557 4131 664 4195 nondum
681 4129 778 4189 quidem
795 4130 1007 4188 perfertum‚'sod
1025 4131 1060 4174 its
1079 4142 1159 4185 prope
1177 4127 1220 4172 ab·

44 4211 77 4250 est
91 4221 106 4251 s
124 4209 289 4270 perieetlone,
313 4218 339 4258 ut
358 4212 407 4259 iem
425 4211 523 4270 iamque
540 4211 712 4269 perficiendum
731 4210 770 4256 sit.
804 4209 900 4257 Nonius
917 4224 943 4268 p.
964 4209 1020 4254 124.
1040 4208 1116 4254 llere.
1134 4210 1221 4260 eaden
