2850 4759
125 350 135 397 ἠ,
228 272 304 353 306
698 286 931 356 CICERONIS

230 471 426 534 essequam
449 470 525 516 oum
547 450 616 517 suis
639 447 839 517 maluisset?
873 450 958 515 Cum
980 450 1052 532 ipsa
1072 448 1193 529 legatio
1214 448 1375 533 pleua'rle·

229 557 342 643 sirlerii
364 577 403 622 ao
424 550 655 622 sollicitudinis
677 556 796 621 fuisset
817 564 954 634 propter
973 553 1202 620 incredibilem
1224 555 1374 637 quendam

229 660 372 727 fratrum
395 678 564 733 aurorem,
593 657 646 724 bio
666 679 772 740 aequo
794 658 906 723 animo
928 677 1003 725 esse
1022 658 1133 739 potuit
1153 656 1230 725 belli
1251 657 1373 726 discidio

190 763 411 832 ddistraotus
433 785 455 828 a
473 762 659 829 fratribusa
692 760 831 829 Nullum
853 762 956 842 igitur
975 761 1096 837 babes,
1118 763 1260 850 Caesar,
1281 761 1373 829 adhue

229 869 264 934 in
292 866 335 958 Q
363 865 494 947 Ligario
521 867 654 944 siguum
683 863 808 932 alienae
835 888 855 932 a
882 878 915 932 te
941 865 1133 933 voluntatis.
1195 867 1300 934 Cuius
1324 887 1373 946 ego

230 992 385 1047 oausam,
421 969 667 1048 animadverte,
703 991 844 1052 quaeso,
879 967 1248 1052 qnafidedefendam:
1282 969 1373 1053 prodo

231 1093 354 1140 meam.
395 1072 424 1139 Ο
453 1072 664 1139 elementiam
699 1072 928 1164 admirabilem
961 1085 1060 1156 atque
1093 1073 1245 1139 omnium
1279 1072 1372 1156 laude,

228 1176 488 1260 praedieatione,
503 1177 622 1243 litteris
637 1170 930 1260 monumentisque
944 1174 1188 1244 decorandam!
1209 1176 1259 1243 M.
1272 1178 1373 1244 Cicero

230 1280 318 1363 apud
348 1292 379 1346 te
408 1278 555 1347 defendit
583 1279 683 1347 alium
710 1284 744 1347 in
771 1303 810 1348 ea
837 1282 1008 1347 voluntate
1029 1304 1097 1346 nou
1118 1281 1243 1362 fuisse,
1273 1282 1305 1347 iu
1322 1302 1373 1362 qna

229 1405 266 1453 se
288 1387 396 1468 ipsum
419 1385 598 1452 confitetur
619 1386 741 1464 luisse,
768 1408 830 1452 neo
852 1398 924 1452 tuas
947 1385 1064 1453 tacitas
1086 1384 1311 1463 'cogitationes
1328 1406 1373 1449 er·

232 1489 376 1555 timescit
396 1509 476 1566 neo,
498 1487 574 1570 quid
598 1488 653 1553 tibi
675 1487 716 1553 de
737 1486 802 1553 alio
825 1489 971 1554 audienti
993 1486 1033 1553 de
1062 1508 1099 1555 se
1125 1477 1200 1569 ipso
1222 1499 1373 1559 occurrat,

227 1591 438 1660 reformidat.

215 1783 217 1787 y
307 1699 369 1761 III.
411 1692 512 1773 Vide,
534 1715 714 1774 quamrron
731 1693 963 1766 reformidem!
984 1693 1076 1770 vide,
1099 1708 1221 1777 quanta
1237 1693 1296 1761 lux
1309 1694 1374 1761 libr·

229 1798 372 1865 rulitatis
400 1810 433 1863 et
458 1797 639 1878 sapientiae
668 1782 743 1861 tuae
771 1795 850 1862 milri
877 1798 964 1878 apud
996 1811 1027 1864 te
1055 1798 1177 1865 direnti
1201 1798 1372 1866 oboriatur!

232 1904 403 1994 Quantum
427 1914 565 1983 potero,
596 1921 679 1966 vore
707 1899 927 1980 contendam,
958 1914 995 1966 nt
1015 1900 1081 1967 hoe
1101 1903 1249 1984 populus
1270 1906 1372 1972 Roma·

190 2014 208 2075 7
231 2029 292 2074 nus
314 2003 481 2072 exaudiat.
524 2004 686 2086 Suscepto
709 2003 815 2081 bello,
839 2005 978 2089 Cacsar,
1000 2019 1097 2086 gesto
1119 2008 1219 2097 etiam
1239 2020 1373 2089 exparte

229 2133 367 2191 magna,
403 2107 494 2174 nulla
521 2109 553 2173 vi
583 2120 740 2184 coactor,
774 2105 897 2187 iudicio
919 2129 958 2174 ao
980 2109 1153 2176 voluntate
1174 2109 1215 2177 ad
1239 2131 1276 2176 ea
1297 2130 1373 2176 arma

228 2215 400 2297 protenus
422 2232 517 2289 sum,
549 2232 633 2294 quae
651 2224 756 2279 *erant
782 2225 917 2294 sumpta
944 2223 1064 2278 contra
1086 2224 1129 2278 te.
1169 2214 1271 2294 Apud
1291 2234 1371 2296 quem

100 2344 104 2355 ¹
154 2338 157 2343 ⁴
228 2315 539 2398 igitrrr·hoedico·⁶?
578 2315 707 2398 Nempe
736 2314 824 2397 apud
845 2337 941 2386 eum,
976 2316 1051 2397 qui,
1086 2336 1164 2380 oum
1187 2315 1254 2382 boe
1275 2318 1373 2392 sciret,

229 2435 339 2488 tamen
362 2443 436 2496 me,
458 2432 635 2502 autequam
658 2419 756 2503 vidit,
778 2420 825 2484 rei
846 2417 998 2501 publicae
1019 2417 1179 2486 reddidit:
1202 2424 1258 2503 qui
1279 2421 1317 2486 ad
1330 2440 1372 2495 me

198 2542 201 2551 “
228 2548 271 2591 ex
290 2527 446 2605 Aegypto
469 2523 599 2617 litteras
620 2523 728 2598 misit,
750 2535 788 2588 ut
808 2544 917 2589 essem
936 2523 1046 2601 videm,
1074 2527 1128 2605 qui
1150 2523 1305 2590 fuissem:
1329 2523 1372 2604 qui

137 2675 141 2681 ‚
161 2616 163 2619 ⁵
227 2650 300 2706 me,
322 2649 398 2693 oum
420 2629 492 2709 ipse
512 2622 696 2708 imperator
717 2627 750 2691 in
773 2638 844 2696 toto
860 2627 1000 2707 imperio
1016 2625 1131 2708 populi
1145 2628 1288 2711 Romani
1301 2647 1372 2692 uuus

148 2768 150 2771 ·
227 2744 335 2810 esset,
357 2750 431 2798 esse
446 2729 588 2797 alterum
604 2751 722 2812 passus
740 2741 805 2796 est:
827 2750 942 2815 aquo,
962 2729 1028 2801 boo
1040 2731 1112 2810 ipso
1128 2732 1167 2796 C.
1184 2732 1290 2798 Pansa
1307 2731 1373 2796 mibi

226 2835 316 2902 huno
337 2837 489 2900 nuntium
511 2836 722 2918 perferente,
761 2853 941 2900 concessos
962 2833 1071 2901 fasces
1093 2833 1264 2902 laureatos
1286 2834 1372 2909 teoni,

294 3021 346 3084 ld.
364 3026 437 3070 adbuc
453 3039 571 3084 superero.
588 3026 674 3069 crimen
691 3039 713 3070 e.
731 3049 764 3062 -
781 3026 844 3069 cuiue
860 3038 917 3082 ergo
934 3040 958 3084 g.
976 3049 1010 3061 -
1030 3022 1119 3085 prodo]
1146 3025 1201 3085 egb.
1223 3027 1310 3082 prodeo
1327 3022 1371 3084 (rie)

225 3122 342 3166 rupereer.
366 3110 419 3154 dnm
445 3104 468 3155 e't
489 3110 565 3167 prodo
589 3108 646 3170 (sie)
671 3110 687 3154 l.
712 3123 761 3154 rum
781 3109 858 3165 prodo
883 3124 905 3156 r.
929 3108 1000 3168 prob.
1024 3109 1146 3156 Wundero
1169 3124 1194 3168 p.
1212 3109 1325 3156 XXVIII.
1344 3128 1370 3142 -

224 3192 335 3255 omnium]
361 3209 398 3253 eg.
420 3197 483 3239 omni
500 3196 548 3243 lbr.
567 3219 598 3232 ·-
617 3209 666 3239 enm
684 3196 718 3239 M.
736 3209 774 3253 eg.
791 3208 842 3237 eum
858 3198 881 3237 et
896 3194 929 3238 M.
948 3195 964 3239 I.
982 3219 1013 3230 -
1031 3198 1087 3251 aput
1103 3209 1126 3252 g.
1143 3219 1177 3230 -
1195 3207 1222 3238 ne
1241 3196 1294 3252 quid
1309 3195 1323 3239 l.
1343 3216 1370 3228 ·-

223 3280 327 3323 audiente
344 3280 360 3325 I.
378 3305 412 3315 -
434 3281 461 3325 de
484 3294 507 3325 re
528 3296 576 3326 occ.
598 3280 622 3326 b.
642 3306 672 3317 -
690 3278 826 3338 reformidet
842 3279 858 3323 I.
876 3303 909 3313 -
927 3283 1034 3336 quantum
1051 3277 1148 3336 reform.
1167 3294 1191 3338 g.
1209 3305 1243 3317 -
1260 3285 1308 3323 trae
1321 3275 1369 3333 apel

223 3377 340 3421 superser.
363 3366 421 3408 milti
443 3366 459 3410 I.
481 3390 514 3403 -
538 3366 628 3410 dicendi
650 3366 667 3410 I.
692 3389 727 3399 -
748 3370 802 3429 aiore
824 3376 940 3420 superscr.
957 3361 1112 3420 formidinem
1128 3378 1150 3408 e.
1168 3389 1201 3401 -
1218 3365 1263 3408 lroe
1277 3358 1368 3420 popular]

225 3447 272 3506 egl.
287 3451 388 3504 populas
405 3451 448 3494 lroe
466 3441 504 3496 bri
520 3452 620 3517 populus
637 3448 750 3496 Wunder.

292 3538 347 3601 §2
369 3547 438 3597 porte
460 3541 554 3602 mogun]
574 3544 620 3601 egl.
646 3541 790 3596 Quintius,
808 3540 838 3593 2,
856 3540 897 3584 28.
926 3538 970 3594 Il,
988 3506 1092 3593 mm
1110 3553 1195 3596 magro
1210 3545 1278 3598 porte
1294 3540 1327 3585 br.
1342 3561 1366 3572 -
1404 3536 1405 3591 l

201 3740 205 3747 .
224 3723 269 3768 qno
284 3723 338 3754 enm
356 3710 446 3756 lineola
464 3710 478 3753 t.
493 3725 553 3753 -a
571 3724 628 3768 prro,
647 3711 698 3766 ipso
716 3709 739 3753 b.
751 3732 783 3746 ...
796 3711 853 3753 milri
871 3709 929 3751 hune
942 3705 1055 3766 mentium]
1077 3707 1157 3753 Sebol.
1174 3708 1285 3756 Gronov.
1297 3708 1366 3755 Color.

226 3794 251 3840 C.
269 3795 347 3838 Pensa
365 3796 399 3838 nti
418 3795 519 3837 orantium
535 3793 597 3851 perse
618 3795 633 3838 I.
651 3794 692 3839 sed
713 3794 760 3837 del.
776 3794 810 3836 liii
830 3798 853 3837 et
874 3807 991 3851 supersrr.
1008 3793 1066 3835 mibi
1084 3799 1140 3850 port
1158 3807 1182 3838 r.
1203 3797 1309 3839 nnntirm.
1324 3791 1367 3835 mili

154 3940 156 3947 γ
223 3881 324 3923 nuntium
333 3878 402 3937 egbr.
410 3905 442 3915 -
450 3880 564 3923 laureatos
570 3877 650 3936 fasces
660 3895 681 3924 e.
690 3864 720 3913 ζ-
728 3879 784 3920 milri
791 3870 919 3934 derrr'queb.
927 3899 956 3912 -
964 3879 1037 3921 salute
1044 3893 1067 3937 g.
1075 3903 1105 3915 -
1112 3878 1218 3940 reddere]
1226 3879 1288 3938 eglb.
1296 3880 1366 3922 darer.

291 4050 302 4112 l
320 4052 344 4098 t.
362 4053 392 4096 ad
408 4067 433 4096 ea
451 4049 527 4111 orma]
545 4051 569 4097 iu
587 4058 668 4098 eastre
684 4050 838 4109 Pompeiane
855 4065 879 4096 a.
897 4065 921 4097 u.
939 4066 960 4098 c.
979 4052 1037 4097 706.
1055 4048 1086 4091 -ἐ
1104 4068 1135 4097 er
1151 4052 1269 4112 Aegypto]
1286 4050 1322 4097 ubi
1335 4061 1366 4107 gr

222 4135 292 4181 rebat
309 4135 401 4182 bellum
425 4133 617 4182 Atexandrinum
641 4151 664 4181 a.
683 4149 705 4180 u.
726 4150 747 4181 c.
766 4136 823 4181 707.
842 4160 872 4170 -
894 4134 974 4193 forres
991 4136 1116 4197 torrentur]
1133 4150 1197 4198 quos
1214 4138 1255 4198 qui
1271 4151 1285 4181 a
1302 4130 1366 4179 militi·

221 4219 264 4267 bur
288 4220 408 4280 appellati
432 4227 501 4265 erent
524 4220 683 4277 imperatorer
706 4219 832 4277 tenebant,
861 4221 939 4266 donee
960 4221 1086 4280 ImperIum
1103 4223 1261 4280 deponerent.
1294 4219 1366 4264 Cicero

222 4311 302 4349 autem
324 4304 459 4363 imperator
483 4304 620 4361 appellatus
645 4308 681 4347 est
709 4309 811 4360 propter
828 4309 926 4362 ruptam
949 4304 1126 4360 Pindenissum,
1156 4303 1366 4351 Eteurberocittmo

223 4387 318 4445 urbem,
348 4387 472 4445 faucesque
496 4387 619 4431 laureatos
642 4386 744 4431 tennIsse
761 4386 855 4433 ridetur
873 4402 946 4447 nsque
964 4390 995 4434 ad
1013 4403 1115 4435 mensem
1133 4389 1264 4434 Octobrem
1279 4404 1301 4433 a.
1318 4384 1364 4430 708·

1404 326 1405 367 l

224 3625 309 3668 iudicio
326 3639 376 3669 meo
392 3641 420 3670 oe
437 3641 461 3684 g.
482 3652 509 3664 -
535 3629 574 3684 qui
596 3640 630 3669 me
648 3621 710 3686 eum]
737 3625 792 3671 Col.
811 3624 834 3668 b.
857 3638 897 3679 me¹
915 3629 972 3668 aute
989 3637 1012 3669 r.
1029 3624 1127 3667 alterum
1144 3625 1208 3682 eglv.
1226 3630 1260 3661 -’
1273 3636 1366 3682 passuro
