2850 4759
176 254 236 319 stt
646 246 886 319 CICERONIS

178 409 309 479 litteras
338 408 380 477 tle
406 407 465 477 illa
493 407 788 479 calamitosissima
815 427 929 491 prigna
957 406 1184 476 Pharsalica?
1219 431 1321 477 num
1350 423 1376 477 te

180 511 222 580 de
249 512 497 595 supplicatione
523 510 633 579 voluit
657 509 817 576 retonat
848 508 1017 577 vProiecto
1039 510 1162 580 noluit.
1207 514 1264 579 Ar
1287 513 1378 581 misit

179 626 299 697 postca
321 613 363 679 de
384 611 619 694 Alexandrea,
655 611 696 677 de
718 610 923 678 Phameae.-
956 610 1175 678 Pharsalicae
1201 632 1377 699 serope-

180 737 267 796 guae
293 736 336 781 ne
366 714 575 794 triumphum
606 712 741 796 quidem
771 714 851 793 egit.
914 715 984 780 Eos
1012 715 1101 778 enim
1129 715 1231 780 cives
1263 733 1376 796 pum

180 816 237 885 illa
258 816 464 893 sustulerat,
486 816 606 899 quibus
625 838 696 882 uon
719 815 824 883 modo
845 814 950 891 vivis,
970 814 1151 882 sedetiam
1168 815 1375 892 victorine,

118 913 160 979 tt
180 917 361 986 incolumia
383 929 416 983 ct
437 917 563 984 florens
585 919 704 985 civitas
727 937 802 985 esse
821 928 951 999 posset.
1010 915 1115 1005 Quod
1141 915 1243 984 idem
1269 919 1376 985 eonti-

181 1032 278 1100 gerat
305 1019 538 1101 superioribus
565 1018 662 1088 bellis
689 1018 857 1086 civilibus.
897 1018 986 1085 Nam
1013 1016 1094 1083 mihi
1123 1014 1271 1086 consuli
1299 1040 1376 1109 sup

180 1120 317 1205 plicatio
344 1119 446 1188 nullis
472 1121 575 1189 armis
603 1120 750 1206 sumptis
778 1142 847 1187 non
875 1119 919 1186 ob
940 1116 1079 1187 eaedem
1101 1118 1288 1201 lrosllltm,
1321 1119 1376 1188 sed

182 1225 225 1291 ob
252 1223 546 1295 conservationem
573 1222 695 1288 civium
725 1242 816 1287 noro
842 1232 877 1288 et
899 1219 1052 1287 inaudito
1072 1241 1205 1300 genere
1238 1221 1377 1289 decreta

182 1337 244 1392 est.
287 1324 520 1414 Quamobrem
548 1334 608 1392 aut
628 1320 831 1404 supplicatio
851 1322 894 1389 ob
916 1321 1185 1403 rempublicam
1209 1323 1375 1407 pulcher-

181 1428 267 1493 rime
284 1438 416 1505 gestam
434 1423 684 1506 postulantibus
699 1424 828 1491 nostris
842 1423 1125 1508 imperatoribus,
1150 1425 1280 1492 Patres
1298 1447 1377 1491 eon·

182 1528 324 1612 scripti,
360 1525 556 1607 deneganda
591 1536 666 1601 eat,
705 1522 796 1606 qnod
833 1535 970 1606 praeter
1006 1523 1193 1591 Gabinium
1229 1528 1376 1607 contigit

182 1628 327 1705 nonnisi,
348 1637 407 1692 aut
431 1623 678 1707 supplicatione
697 1625 912 1693 decernenda
932 1624 1049 1692 hostes
1074 1645 1155 1706 eos,
1178 1626 1225 1693 de
1254 1629 1376 1710 quibos

183 1727 382 1805 dccet-uitis,
405 1726 561 1793 iudicetis
581 1747 722 1794 necesse
743 1737 807 1794 cst.

260 1816 324 1893 IX.¹
368 1825 471 1916 Quod
497 1847 579 1907 ergo
600 1825 657 1893 illo
680 1848 737 1905 rc,
770 1825 803 1892 id
828 1846 893 1907 ogo
917 1826 1022 1893 etiam
1042 1828 1172 1906 verbo,
1205 1849 1294 1896 eum
1317 1830 1375 1894 im·

183 1941 360 2012 potatores
391 1949 450 1997 eos
478 1927 631 2011 appellnt
670 1927 738 1995 hoo
763 1929 838 2009 ipso
866 1929 1001 1994 nomine
1031 1940 1066 1994 et
1099 1948 1182 2007 eos,
1217 1931 1281 2015 qui
1308 1931 1371 1996 iam

183 2028 308 2097 devicti
338 2040 438 2106 sunt,
474 2042 508 2096 et
531 2051 611 2109 eos,
646 2030 702 2112 qui
734 2039 933 2113 supersunt,
968 2028 1084 2095 hostes
1115 2029 1262 2109 iudico,
1300 2051 1374 2096 cum

121 2144 160 2209 25
182 2133 331 2199 victores
355 2130 487 2214 appello
514 2132 749 2212 imperatores.
792 2128 871 2217 Quo
897 2128 1001 2196 morlo
1026 2130 1117 2195 eninr
1142 2132 1268 2210 potius
1293 2133 1374 2198 Pan·

181 2254 253 2301 sain
276 2231 471 2315 appetierat
503 2232 577 2299 Etsi
599 2230 700 2298 babet
721 2229 860 2297 honoris
880 2251 1006 2297 nornen
1030 2230 1256 2312 amplissimi.
1301 2233 1375 2322 Quo

182 2332 358 2400 irretiunt
393 2333 456 2400 Est
476 2331 533 2398 ille
554 2330 690 2414 quidem
712 2329 848 2399 cousul:
871 2330 932 2398 sed
952 2331 1099 2398 alterum
1124 2336 1377 2423 nornenbcue·

182 2435 248 2501 licii
277 2447 329 2502 est
359 2431 475 2516 populi
500 2435 671 2519 Romani,
708 2431 854 2498 alterum
887 2433 1023 2501 virtutis
1055 2445 1157 2515 atque
1189 2437 1376 2518 victoriae.

184 2534 303 2625 Quint
326 2535 504 2602 Caesarem
528 2528 670 2603 deorum
698 2533 863 2624 beneficio
890 2535 937 2598 rei
963 2532 1118 2615 publicae
1144 2551 1376 2616 procreatum

183 2634 380 2700 dubitemus
404 2634 573 2717 appellare
597 2634 868 2717 irnperatot·em⁶?
888 2635 958 2716 -qui
984 2638 1114 2716 primus
1137 2639 1296 2704 Antonii
1318 2640 1377 2704 im·

182 2754 317 2801 maueru
342 2746 375 2801 et
399 2735 534 2803 foedam
557 2734 792 2802 crudelitatem
814 2757 881 2802 non
901 2736 1014 2803 solum
1038 2759 1057 2803 a
1077 2735 1204 2816 iugulis
1230 2740 1376 2816 uostris,

181 2835 242 2904 sed
272 2838 372 2903 etiam
405 2859 424 2903 a
452 2838 613 2904 membris
646 2848 680 2903 et
709 2837 896 2903 viscoribus
928 2837 1063 2903 avortit.
1112 2836 1226 2905 Unius
1263 2852 1377 2908 autem

122 2941 161 3003 tc
182 2937 250 3003 <lici
271 2949 351 3019 qiiot
372 2949 405 3004 et
424 2948 570 3019 quantae
588 2936 751 3011 virtutes,
774 2934 817 3003 dii
837 2937 1069 3019 immortales,
1090 2926 1266 3007 fueruntl·
1283 2944 1377 3009 Prin·
1415 3012 1416 3023 ¹

182 3061 261 3123 ceps
291 3041 379 3106 euim
410 3039 561 3106 omnium
591 3038 700 3103 Pausa
728 3035 846 3119 proelii
875 3039 1020 3104 faciendi
1048 3050 1082 3105 et
1109 3062 1189 3106 cnm
1214 3044 1376 3111 Antonio

182 3141 386 3222 coulligeruli
402 3140 480 3207 suit:
503 3139 623 3219 diguus
643 3141 831 3221 imperator
847 3138 984 3219 legione
997 3141 1142 3221 Martia,
1159 3141 1273 3223 digna
1289 3145 1374 3226 legio

185 3288 378 3303 m

249 3392 320 3453 tat.
338 3391 436 3451 nostris]
453 3391 485 3437 A.
502 3392 585 3437 cernis
603 3389 677 3437 BCV.
712 3389 778 3435 Illud
796 3397 922 3449 praestare
940 3390 1051 3460 videtur,
1076 3405 1131 3439 cnm
1149 3391 1197 3437 sint
1215 3394 1376 3452 {sirpeam

182 3477 264 3530 populi
280 3477 397 3530 Romani,
424 3480 450 3521 ut
466 3489 542 3535 saepe
559 3474 625 3531 cta,
652 3472 735 3534 potius
753 3488 825 3534 quam
842 3479 947 3520 senatus.
963 3498 998 3510 -
1017 3475 1049 3519 A.
1072 3473 1200 3518 Gabinium
1217 3476 1259 3522 ob
1282 3479 1375 3538 Syrien
1414 3508 1415 3571 p

182 3569 206 3599 a.
226 3569 249 3599 ιι.
266 3569 289 3602 e.
307 3559 364 3603 697.
383 3559 447 3603 male
464 3558 665 3604 administratam.
681 3582 717 3594 -
742 3570 792 3602 earn
810 3580 821 3591 ·
838 3580 850 3591 ·
867 3556 1031 3614 imperotores]
1048 3555 1165 3602 Ferraria
1184 3564 1209 3604 et
1225 3557 1299 3608 Essa.
1319 3562 1374 3607 isser

182 3643 304 3695 suspecta.
339 3639 390 3685 Nec
407 3641 513 3687 tamen
506 3640 584 3686 inanis
602 3645 638 3686 est
655 3638 786 3697 repetitio,
811 3653 856 3685 uec
879 3640 910 3686 iis
933 3639 1027 3686 omissis
1050 3639 1126 3687 verba
1149 3653 1197 3698 qno
1217 3645 1302 3689 modo
1319 3646 1376 3690 enias

178 3726 229 3767 eet.
247 3720 306 3766 satis
324 3722 455 3769 cobserent
472 3737 527 3769 cum
544 3721 750 3793 antecedentibus.
785 3721 912 3769 Scaenae.

250 3826 320 3887 525.
339 3841 420 3873 nomen
446 3826 602 3893 amplissimi]
630 3827 683 3874 AC.
707 3842 755 3887 pro
778 3831 850 3886 ampl
875 3843 937 3875 nom.
961 3827 1067 3874 BV.-
1087 3828 1137 3881 Quo
1160 3826 1301 3878 Hirtium?
1327 3834 1376 3879 scii
1413 3756 1414 3877 l

181 3913 266 3960 modo.
285 3909 423 3971 (Quomodo
441 3911 519 3955 deit.
532 3910 660 3971 Augustini
678 3908 743 3957 coni.
762 3910 883 3970 Ero.)-
896 3911 995 3969 sociam
1012 3909 1182 3968 crudelitatem]
1200 3910 1273 3958 Pbil.
1289 3914 1338 3971 13,
1357 3917 1375 3961 8

181 3995 304 4039 Brundisii
326 3996 350 4038 s'u
373 3995 424 4037 sinn
447 4005 492 4036 nora
516 3995 585 4038 morlo
609 3995 779 4047 avarissimus,
810 3996 850 4039 scri
873 3997 941 4040 stiam
965 3995 1137 4039 crudelissimae
1160 3995 1246 4039 axoris
1276 3999 1376 4043 delectos

181 4078 281 4122 liertiae
299 4078 397 4134 legionis
416 4078 557 4120 centuriones
575 4078 707 4129 trucidarit.
726 4076 771 4125 cfr.
792 4076 902 4136 Philipp.
920 4077 949 4130 3,
967 4078 992 4122 2.

249 4182 319 4241 §25
338 4156 376 4228 De
400 4183 484 4242 priore
508 4185 605 4242 proelio
628 4182 767 4236 Mutinensi,
783 4178 911 4228 commisso
936 4182 1020 4228 xvii.
1044 4183 1102 4228 Kal.
1120 4182 1181 4228 Mai.
1202 4181 1260 4242 (15.
1283 4185 1374 4245 April.)

181 4274 205 4304 a.
223 4263 281 4307 111.
299 4265 344 4310 cfr.
363 4265 500 4323 Epistulam
520 4266 572 4311 Sor.
591 4261 695 4323 Sulpicii
713 4264 823 4319 Galbae,
842 4265 882 4324 qni
900 4264 964 4311 iuter
981 4266 1125 4312 coniuratos
1137 4266 1231 4322 fuerat,
1255 4269 1292 4312 ad
1306 4269 1372 4314 Fun
1410 4286 1412 4329 Ι
