2850 4759
195 275 376 345 ORATIO
404 275 657 346 PHlLiPPICA
684 276 745 365 lt,
775 296 807 346 c·
832 279 870 342 st
893 289 929 344 et
950 280 1003 344 32.
1136 275 1196 347 ssi

73 435 239 502 xxxii.
287 432 425 503 Caesari
457 455 502 503 ex
530 436 692 519 Hispania
721 435 876 505 redeunti
903 435 1038 504 obviam
1064 436 1195 519 longis·

27 557 82 605 aue
102 537 326 620 processisti.
370 530 534 605 Celeriter
555 538 628 617 isti,
658 538 796 619 redisti,
830 550 869 606 ut
896 551 1193 620 cognoscerem,

27 642 163 727 insinua
195 640 351 721 fortem,
383 652 535 709 attamen
563 651 756 708 strenuum.
799 640 921 708 Faetus
949 662 985 709 es
1014 641 1045 708 ei
1070 663 1193 711 rursus
1271 662 1278 675 ⁸

27 743 112 809 estio
143 741 329 824 quonsodo
359 740 547 810 familiaris.
603 742 851 810 ilabebathoe
876 744 1015 813 omniuo
1045 744 1190 811 Caesar:

27 865 98 908 nem
126 843 234 923 piene
265 844 438 925 perditum
465 865 544 912 aere
571 843 682 911 alieno
710 856 954 927 egentemque,
988 845 1017 913 si
1045 845 1192 920 eundern

29 966 145 1029 equam
169 946 351 1017 hominem
373 945 606 1030 audacemque
627 957 815 1028 cognorat,
846 943 938 1014 hunc
963 949 997 1015 iu
1018 946 1193 1015 familiari·

27 1062 103 1114 rtem
136 1047 370 1115 libentissime
400 1049 593 1131 recipiebat.
653 1049 714 1115 His
745 1049 849 1127 igitur
879 1049 982 1117 rebus
1016 1048 1252 1131 praeclaruit)

29 1149 289 1228 numentinum,
325 1151 438 1219 iussus
455 1170 497 1243 ¹es
519 1148 705 1216 renuntiari
726 1148 866 1230 eosrsui,
899 1161 934 1229 et
954 1150 1098 1235 quidem¹
1112 1172 1192 1219 cum

27 1274 86 1331 pso.
124 1250 221 1320 Nihil
239 1273 376 1334 ,queror
396 1253 438 1317 dc
461 1249 653 1328 Dolabella,
682 1254 740 1333 qui
763 1264 833 1319 tuns
856 1264 909 1320 est
928 1251 1113 1345 impulsus,
1139 1255 1192 1319 in·

27 1352 144 1437 luctus,
180 1352 319 1422 elusus.
362 1353 439 1445 Qua
466 1354 500 1419 in
527 1374 564 1420 re
591 1367 716 1437 quauta
745 1354 847 1421 suerit
872 1366 1017 1437 uterque
1037 1353 1191 1423 vestrirm

27 1454 142 1521 reriidia
163 1456 200 1522 in
222 1453 423 1534 Dolabella,
446 1456 520 1538 quis
535 1454 706 1541 ignorati
728 1453 788 1521 ilie
810 1453 961 1549 induxit,
981 1468 1021 1522 ut
1040 1468 1192 1541 peteret3

27 1556 213 1623 tremissum
238 1569 275 1624 et
297 1569 474 1640 receptum
496 1558 702 1637 intervertit,
739 1555 782 1626 ad
803 1577 907 1640 seque
929 1557 1120 1626 transtulitr
1153 1571 1190 1625 tu

27 1658 78 1724 rius
90 1659 258 1747 perfidiae
271 1658 484 1727 voluntatem
500 1671 593 1726 tuam
610 1658 833 1744 adscripsisti.
855 1661 1004 1728 Veniunt
1014 1658 1191 1752 Kalendas

27 1759 200 1847 Lanuariae3
222 1762 384 1842 cogimur
403 1762 438 1828 in
459 1773 635 1842 senatuum
654 1766 809 1831 invectus
824 1774 878 1832 est
891 1763 1065 1847 copiosius
1080 1761 1189 1831 multo

29 1862 160 1930 nistum
189 1875 228 1930 et
246 1863 402 1947 paratius
430 1861 606 1931 Dolabella
628 1887 731 1947 quam
756 1887 849 1932 nune
869 1885 947 1946 ego.
989 1866 1054 1932 iiio
1075 1879 1188 1933 autern
1210 1871 1251 1937 80

27 1964 110 2031 {ratus
131 1986 218 2048 quae
240 1965 347 2046 dixit,
369 1962 413 2031 dii
435 1965 532 2036 bonit
561 1964 713 2035 Primum
736 1987 815 2034 cum
838 1967 964 2034 Caesar
984 1967 1192 2035 ostendisset

27 2081 65 2141 te,
94 2068 298 2150 priusquam
331 2066 627 2149 proficisceretur,
659 2065 874 2137 Dolabellam
910 2066 1086 2134 consulem
1112 2087 1191 2155 csse

27 2161 193 2237 iussurum:
214 2171 338 2253 (quem
359 2181 486 2249 negant
506 2189 642 2253 regem,
663 2170 720 2252 qni
742 2181 777 2237 et
797 2169 926 2237 laceret
945 2189 1082 2250 semper
1102 2170 1192 2236 eius·

27 2265 101 2334 nodi
115 2267 248 2353 aliquid
270 2282 307 2338 et
325 2269 491 2352 diceret),
525 2268 585 2338 seri
606 2291 686 2337 curn
710 2270 837 2338 Caesar
858 2271 905 2337 ita
926 2270 1084 2353 dixisset,
1117 2281 1190 2337 tum

27 2361 69 2432 hie
87 2368 192 2442 bonus
220 2395 334 2454 augur
363 2393 403 2440 eo
430 2393 468 2441 sc
489 2372 684 2442 sacerdotio
706 2371 898 2456 praeditum
921 2392 995 2440 esse
1017 2369 1120 2449 dixit,
1151 2381 1191 2436 ut

28 2472 145 2545 remitis
170 2477 335 2561 auspiciis
362 2473 416 2543 rei
442 2474 607 2559 impedire
632 2474 688 2542 vel
713 2476 833 2542 vitiare
859 2474 996 2558 posset,
1030 2472 1191 2557 idquese

28 2565 179 2645 iacturum
200 2598 281 2647 esse
301 2578 522 2646 asseveravit.
563 2576 604 2645 ln
624 2599 691 2660 quo
705 2577 855 2660 primum
870 2574 1101 2646 incredibilem
1119 2586 1192 2642 stu·

28 2671 180 2747 uilitatem
203 2679 354 2753 ironsinis
376 2679 589 2761 cognoscite·
639 2678 732 2770 Quid
754 2678 872 2747 enim?
901 2678 1011 2766 istud,
1043 2675 1136 2762 quod
1157 2690 1191 2745 te
1210 2682 1251 2746 81

28 2776 190 2848 sacerdotii
211 2784 287 2850 iure
306 2782 422 2851 faeere
443 2801 546 2864 posse
566 2780 699 2869 diruisti,
724 2782 760 2850 vsi
790 2803 899 2863 augur
918 2803 988 2849 nou
1009 2801 1122 2861 esses,
1156 2794 1193 2850 et
1279 2812 1285 2819 ·

29 2878 129 2946 consui
150 2903 261 2963 esses,
283 2885 396 2953 miuus
415 2884 531 2952 facere
551 2882 749 2967 potuisses?
770 2883 854 2950 Vide
868 2904 911 2950 ne
925 2886 1027 2951 etiarn
1043 2883 1194 2952 facilius:
1312 2875 1318 2884 ’

29 2970 87 3044 Nos
105 2985 191 3051 euim
212 2988 464 3054 nuntiationem
487 2986 600 3054 solum
622 2984 805 3065 habemus3
835 2983 994 3052 consules
1016 2995 1051 3051 et
1070 2983 1192 3074 reliqui

30 3083 230 3160 magistratus
246 3092 349 3157 etiam
365 3092 590 3173 spectionem.
618 3087 723 3157 Esto:
747 3087 814 3154 boe
827 3087 1002 3170 imperite3
1022 3105 1085 3153 nec
1100 3085 1191 3153 enim

31 3191 73 3245 est
95 3186 132 3253 ab
158 3187 299 3259 homine
327 3213 500 3274 nunquam
530 3191 646 3258 sobrio
673 3188 880 3272 postulanda
899 3187 1098 3272 prudentia:
1129 3185 1192 3253 sed

30 3278 125 3353 videte
144 3290 401 3375 impudentiam.
442 3290 563 3360 Multis
591 3303 669 3359 ante
695 3292 867 3361 mensibus
897 3291 936 3357 in·
956 3301 1076 3358 senatu
1104 3288 1193 3355 dixit

31 3397 60 3444 re
71 3384 257 3464 Dolabellae
279 3396 416 3464 comitia
437 3408 497 3462 aut
516 3395 764 3477 prohibiturum
787 3394 946 3475 auspiciis
961 3391 1067 3458 antid
1083 3392 1193 3485 factu·

33 3499 94 3552 run
113 3511 205 3576 esse,
240 3498 331 3583 qnod
358 3498 452 3570 lecit.
503 3498 738 3589 Quisquamne
766 3495 918 3562 divinare
945 3504 1076 3580 potest,
1111 3492 1194 3576 quid

33 3625 206 3665 §3-

73 3716 98 3778 'l
114 3722 152 3771 ⁸¹·
170 3727 222 3775 Nos
238 3727 378 3789 animast]
393 3726 469 3785 „Nos
486 3739 590 3786 auarus
608 3723 724 3772 babems
741 3728 835 3772 motura
851 3721 889 3771 lus
903 3723 1029 3771 nuntiandi
1041 3722 1193 3784 magistratui

35 3792 58 3838 '¹⁴²
71 3812 113 3858 ω,
129 3813 193 3868 quod
211 3814 354 3868 viderimusr
372 3811 484 3858 eonsules
502 3816 527 3855 et
544 3809 631 3869 reliqui
648 3808 805 3868 magistratus
822 3808 896 3854 mam
914 3809 1081 3868 spectionem,
1099 3806 1124 3853 id
1141 3810 1193 3860 est,

36 3871 64 3921 ¹¹¹⁸
78 3888 236 3942 waddonem
253 3895 357 3957 auguria
374 3902 399 3941 at
417 3893 555 3948 iudicandi,
573 3898 652 3938 utrum
669 3892 699 3937 iis
717 3906 755 3938 res
771 3893 895 3951 gerendae
911 3891 1075 3951 bapediantur
1092 3886 1207 3934 neeoe.“'

36 3955 198 4023 ¹³⁰¹msrnus.
215 4004 247 4018 -
265 3982 291 4025 td
301 3978 436 4038 facturum]
453 3977 511 4023 Seii.
529 3976 670 4023 vitiatorum
688 3974 863 4035 (turbaturum)
880 3974 990 4022 comitia.
1001 3973 1059 4018 'Cin
1076 3970 1142 4030 588.
1155 3989 1192 4004 -·
1296 4038 1299 4047 Ι

37 4039 124 4095 dirim„
145 4061 237 4124 potest]
260 4063 299 4110 De
316 4062 389 4108 eaelo
410 4062 512 4107 servare
528 4059 633 4107 comitiis
651 4059 835 4119 magistratuum
852 4058 945 4118 iegibus
962 4056 1017 4103 e'rat
1034 4048 1192 4112 probibituns,

38 4116 112 4177 Tamen
129 4144 152 4183 et
168 4142 204 4189 iris
220 4145 335 4193 iraetenus
353 4144 378 4192 id
396 4144 502 4200 licebat,
533 4148 560 4188 ut
583 4142 625 4203 qui
648 4142 672 4187 id
697 4142 794 4189 fecisset
816 4148 874 4188 ante
899 4138 1000 4187 comitis
1022 4133 1191 4183 obnuntiaret,

38 4214 189 4271 uersutiam
206 4227 290 4277 habita
308 4237 396 4277 ement-
429 4227 534 4274 Poterat
552 4225 627 4272 etiam
644 4225 677 4283 is,
694 4226 736 4287 qui
753 4228 784 4271 de
795 4225 867 4270 casio
879 4228 1018 4269 servaturus
1029 4221 1096 4270 erat,
1113 4216 1192 4260 mutto

41 4295 86 4337 '¹¹¹‘
100 4296 121 4343 id
137 4311 273 4362 praedicere
297 4320 322 4363 et
345 4311 510 4374 proscribere,
537 4323 587 4371 quo
610 4309 650 4359 ‹tie
673 4311 713 4359 rei
737 4322 782 4367 per
805 4320 867 4368 quos
890 4305 942 4352 dies
964 4306 1102 4350 servaturus
1121 4304 1192 4346 essct.
1267 4315 1272 4324 ·
