2850 4759
223 267 282 331 ua
684 258 917 328 CICERONIS

224 437 282 494 tna
309 425 342 492 in
367 445 420 492 me
445 403 593 491 maxima
624 423 743 493 merita
773 435 863 490 tanta
897 433 988 489 corte
1020 444 1087 489 non
1113 420 1312 501 viderentur,
1338 424 1369 490 si

225 550 280 599 tua
307 542 345 594 ut
371 527 620 596 sceleratuma
649 538 680 593 te
708 539 943 594 conservatum
972 539 1137 610 putarem.
1202 526 1371 617 Quomodo

224 644 337 702 autern
361 644 395 698 tu
418 631 459 699 de
480 654 518 698 re
539 631 672 714 publica
694 632 778 700 bene
802 633 942 698 meritus
965 652 1076 717 esses,
1108 652 1185 699 curn
1211 642 1258 697 tot
1278 629 1372 698 sceie-
1404 616 1405 625 ¹

224 748 319 804 ratos
352 732 512 803 incolumi
551 735 712 818 dignitate
741 757 815 804 esse
847 734 1042 813 voluisses?
1079 734 1313 804 .Seoessionern
1338 746 1371 800 tu

225 837 317 907 iiiam
332 840 584 918 existimavisti,
603 839 743 927 Caesar,
765 841 878 926 initio,
899 862 966 906 nou
982 837 1125 918 beilum3
1146 859 1251 922 neque
1265 836 1372 905 hostile

228 944 362 1018 odium,
383 942 443 1011 sed
464 940 560 1010 civile
579 941 772 1022 dissidium
794 946 943 1028 utrisque
962 944 1173 1026 cupientibus
1192 964 1262 1009 rem
1279 940 1373 1025 pubii-

227 1068 302 1115 cam
335 1038 481 1126 aninam,
516 1045 577 1115 sed
604 1047 725 1130 partim
757 1045 923 1132 consitiis,
955 1048 1075 1131 partim
1106 1046 1226 1115 studiis
1255 1068 1374 1113 acom-

227 1151 321 1219 muni
349 1149 491 1218 utilitate
515 1151 758 1221 aberrantibus.
807 1151 999 1231 Principum
1022 1149 1166 1231 dignitas
1190 1163 1263 1218 erat
1284 1170 1375 1233 paene

121 1300 129 1317 .
227 1277 306 1339 par;
332 1277 400 1322 non
423 1275 484 1337 par
508 1252 654 1321 sortasse
677 1274 812 1332 eorum,
833 1256 889 1337 qui
913 1256 1160 1338 sequebantur:
1192 1266 1373 1322 causatum

222 1358 346 1436 dubia,
377 1357 466 1442 quod
499 1354 571 1424 erat
599 1354 725 1440 aliquid
750 1359 782 1424 iu
815 1370 958 1440 utraque
987 1370 1106 1439 parto,
1137 1357 1228 1441 quod
1257 1359 1375 1441 probari

228 1473 361 1547 posset:
382 1482 472 1528 nuno
492 1459 611 1529 melior
633 1480 670 1527 aa
693 1458 871 1527 iudicanda
892 1473 960 1544 est,
982 1483 1080 1544 quam
1107 1462 1208 1528 etiam
1235 1460 1279 1529 dii
1299 1461 1377 1527 adiu·

228 1576 362 1634 verunt.
404 1565 543 1645 Cognita
566 1585 649 1632 vero
680 1562 856 1633 clementia
887 1575 963 1643 tua,
998 1565 1070 1647 quis
1096 1588 1165 1633 non
1190 1588 1265 1633 eam
1287 1567 1377 1632 vieto

229 1671 313 1737 riam
336 1669 473 1754 probet,
495 1669 527 1734 in
556 1689 620 1751 qua
644 1667 807 1735 occiderit
828 1688 927 1735 nemo
953 1668 1015 1735 nisi
1039 1669 1216 1738 armatus?
1301 1726 1304 1733 .

169 1776 209 1840 id
306 1766 385 1840 VII.
427 1770 509 1858 sed,
543 1784 582 1838 ut
606 1773 755 1839 omittam
784 1793 999 1839 communem
1027 1793 1184 1852 carosam,
1220 1775 1377 1841 veniamus

232 1873 272 1942 ad
288 1889 438 1943 nostram
448 1925 458 1962 ,
481 1887 589 1942 utrum
605 1874 741 1942 tandem
757 1876 929 1943 existimas
948 1875 1079 1942 iac-iiius
1096 1876 1221 1957 fuisse,
1244 1879 1377 1946 Tubero.

230 1979 399 2059 Ligarium
426 2000 469 2048 ex
491 1980 607 2046 Africa
632 1979 743 2056 exire,
765 2000 806 2046 an
834 2001 895 2046 vos
912 1981 955 2045 ¹in
981 1980 1131 2046 Airioam
1157 2004 1226 2048 non
1252 1979 1377 2048 veniret

230 2083 494 2161 Poteramusna,
513 2083 661 2166 inquies,
686 2104 762 2148 oum
786 2094 923 2150 sanatus
947 2084 1161 2152 censuissent
1187 2086 1221 2152 Si
1242 2107 1296 2153 rne
1312 2107 1378 2153 oon-

231 2186 332 2265 sulis‚
354 2186 447 2256 nulio
475 2186 587 2254 modm
630 2185 694 2255 Sed
719 2197 830 2252 tamen
851 2187 1021 2268 Ligarium
1043 2201 1177 2257 senatus
1203 2192 1284 2257 item
1305 2188 1379 2270 iega-

231 2302 337 2361 verat.
389 2294 500 2373 Atque
522 2288 582 2356 ille
612 2311 651 2357 eo
680 2302 831 2374 tempore
857 2292 984 2374 paruit,
1015 2313 1092 2360 cum
1117 2314 1238 2376 parere
1265 2293 1405 2363 senatui?

233 2428 426 2446 ψ

231 2531 283 2562 rtem
302 2516 319 2563 1.
341 2541 375 2554 ·-
392 2515 530 2560 erutimndi
549 2513 581 2560 ib.
603 2539 638 2552 -
662 2526 732 2572 neque
748 2510 841 2575 inante]
862 2516 910 2574 agi.
932 2529 973 2561 nec
991 2517 1050 2564 inat.
1070 2516 1094 2564 h.
1117 2532 1163 2565 non
1184 2520 1244 2566 tort.
1261 2535 1284 2567 v.
1307 2545 1339 2558 -
1354 2519 1381 2563 iar

233 2602 300 2646 cirita
324 2592 439 2660 superior.
459 2602 482 2644 et
498 2599 515 2645 1.
531 2613 571 2644 nec
588 2600 655 2645 ciuile
674 2598 697 2644 1).
719 2622 753 2634 -
771 2600 892 2645 discidium
913 2602 960 2661 egi.
982 2625 1016 2639 -
1037 2605 1124 2648 antonin
1140 2619 1187 2651 ease
1213 2604 1301 2652 Coton.
1318 2604 1340 2650 1.
1355 2626 1381 2640 -

234 2699 301 2730 cauea
325 2685 394 2730 dubia
409 2685 425 2730 1.
445 2711 477 2722 -
495 2678 589 2747 metior]
607 2684 653 2744 egl.
672 2683 754 2731 Schol.
773 2683 863 2729 Lucani
879 2685 903 2742 l,
926 2686 981 2732 128.
1000 2690 1082 2733 metior
1100 2692 1159 2734 certe
1175 2688 1215 2737 bv.
1230 2715 1262 2728 -·
1275 2688 1381 2735 iudicarit
1403 2696 1404 2701 ’

158 2798 161 2807 ·
234 2785 260 2816 eo
277 2773 311 2814 ert
328 2784 352 2830 g.
374 2795 405 2806 ·-
425 2770 459 2815 dii
476 2771 608 2815 ademerunt
621 2769 645 2815 in
666 2783 742 2829 marg.
759 2771 795 2815 dii
810 2771 940 2817 adiuuerint
955 2750 1011 2833 (uio)
1028 2772 1046 2817 1.
1061 2797 1094 2810 -
1111 2774 1226 2819 occideret
1245 2775 1262 2820 1.

214 2877 225 2889 ’
302 2876 371 2940 1ἳο.
390 2877 472 2939 Volgo
495 2877 657 2937 distinguitur:
683 2879 735 2932 ced,
760 2882 785 2923 ot
808 2882 911 2925 omitum
935 2894 954 2928 c.
978 2895 1082 2935 canaam,
1108 2884 1224 2930 veniamur
1240 2885 1271 2930 ed
1285 2889 1381 2931 noem

239 2961 322 3009 Utrum
338 2969 385 3009 oet.
420 2963 526 3010 Distinxi
551 2977 604 3009 cum
627 2962 767 3024 Madvigio‚
796 2963 838 3025 qni
860 2978 893 3010 ex
916 2981 991 3027 marg.
1009 2968 1092 3013 Lami).
1109 2970 1199 3014 ueniam
1216 2983 1263 3029 pro
1280 2971 1380 3014 omar
1402 2992 1403 3011 ;

235 3047 335 3108 recepit.
355 3073 387 3085 -
404 3061 452 3095 om,
475 3062 514 3096 vv.
537 3048 661 3106 Ligurium
672 3072 683 3084 ·
694 3072 706 3083 ·
718 3073 729 3085 ·
740 3050 780 3094 sed
801 3053 875 3094 temen
899 3049 922 3096 1).
938 3076 973 3087 -
988 3050 1122 3111 Ligarium]
1140 3052 1187 3112 egi.
1204 3053 1305 3110 Ligario
1322 3065 1343 3098 r.
1358 3070 1380 3085 -

234 3147 265 3179 an
282 3132 333 3195 voa]
352 3133 385 3193 gl.
402 3135 438 3178 net
454 3147 494 3179 ooe
512 3148 533 3179 a.
550 3148 580 3179 nn
597 3134 661 3179 nodie
678 3148 701 3181 v.
713 3159 746 3172 -
759 3130 864 3196 inquierl
878 3134 924 3194 egl.
943 3135 1018 3195 inquis
1035 3150 1058 3183 v.
1072 3159 1102 3170 ·-
1115 3137 1191 3194 Atque
1207 3137 1268 3181 idem
1283 3150 1311 3182 eo
1326 3150 1380 3195 ge

234 3232 276 3263 noa
293 3223 346 3264 tuno
363 3219 409 3278 egl.
426 3241 460 3254 ·-
484 3218 621 3277 deprehendi
637 3219 711 3277 igitur
727 3218 744 3265 1.
761 3223 890 3265 -nostro
907 3222 986 3279 generi
1003 3223 1094 3264 orostrae
1106 3219 1217 3281 familiae
1233 3217 1379 3279 ductptnaot

235 3324 427 3338 ——n-

236 3413 329 3461 amico:
358 3413 390 3459 ad
412 3412 464 3460 Art.
487 3413 516 3467 8,
541 3413 580 3459 ll.
613 3411 750 3458 Dominntio
767 3412 868 3469 quaerite
884 3410 913 3455 ni
930 3414 1024 3470 utroque
1041 3415 1088 3466 esta
1113 3424 1159 3458 non
1175 3413 1202 3459 id
1218 3417 1306 3465 ncmm.
1330 3411 1379 3457 teau
1401 3380 1402 3401 ¹

237 3503 260 3545 et
274 3499 465 3549 iorrmto'ciuitue
482 3500 507 3541 ut
521 3501 585 3543 earet.
622 3496 664 3550 1⁰,
682 3497 721 3543 dm
750 3497 843 3556 Utrique
866 3510 955 3553 temper
975 3498 1066 3553 patriae
1086 3498 1149 3542 antee
1165 3502 1189 3542 et
1203 3500 1306 3556 digniter
1317 3499 1379 3555 poci*

237 3585 289 3628 rior
305 3596 346 3627 aua
363 3582 518 3627 dominatione
535 3584 558 3624 et
572 3582 701 3626 domesticis
719 3583 844 3627 commodis
854 3580 912 3640 suit.
930 3581 1086 3628 Sauram-z.
1105 3605 1135 3617 -
1162 3595 1209 3627 non
1222 3597 1271 3640 pne
1281 3574 1377 3641 fortem]

237 3666 348 3714 Maxime
367 3665 423 3726 quia
443 3665 506 3711 inter
521 3663 686 3723 Pompeianos
708 3665 821 3724 permulti
838 3664 934 3712 fuerant
950 3665 1058 3713 hominen
1074 3666 1203 3713 inconsulti
1220 3681 1251 3713 ae
1267 3661 1378 3713 nunant
1400 3708 1401 3749 1

238 3751 289 3798 cn.
308 3753 339 3796 ad
358 3749 409 3796 Ati
427 3750 454 3798 9.
476 3748 514 3794 ll.
532 3748 584 3792 illio
600 3762 654 3792 nero
671 3763 746 3794 omnes
764 3764 820 3810 quae
833 3754 942 3808 portenta
955 3754 1026 3808 putor
1043 3752 1177 3798 ostendere?
1193 3764 1306 3796 terniones
1322 3752 1379 3795 niu‘
1399 3782 1400 3821 ἱ

238 3850 288 3891 cea,
315 3837 421 3881 inimicos
437 3836 596 3892 optimatium,
613 3835 790 3892 municipiorum
807 3837 894 3890 tosta,
910 3848 986 3882 meror
1002 3836 1083 3882 Sutiae.
1098 3835 1141 3891 ll,
1159 3837 1183 3883 6.
1218 3837 1257 3882 Me
1273 3837 1379 3882 numm
1398 3834 1400 3893 j

238 3921 267 3966 ai
284 3922 356 3967 armie
373 3932 485 3981 nunquam
500 3920 630 3977 poenituit3
660 3923 723 3965 tanto
740 3916 791 3965 e'rut
806 3921 830 3964 iu
847 3922 895 3966 ittir
912 3922 1049 3974 crudeliter,
1074 3902 1205 3966 tantarum
1222 3921 1325 3967 durioris
1338 3930 1378 3977 ger

204 4015 207 4019 ’
239 4005 298 4050 tibus
316 4005 458 4058 coniunctio,
485 4008 510 4049 ut
532 4016 577 4057 non
600 4006 746 4057 nominatim,
775 4006 815 4049 aeti
835 4008 961 4062 generatim
976 4007 1118 4064 proscriptio
1134 4010 1192 4050 erret
1207 4005 1341 4063 inportant«,
1362 4003 1378 4043 ¹¹

240 4093 287 4136 inm
304 4092 403 4136 omniurn
421 4090 506 4136 indicio
523 4092 667 4136 constitutum
684 4094 742 4135 earet
757 4091 857 4134 omnium
873 4093 970 4135 oestrum
987 4090 1047 4135 iona
1059 4091 1173 4147 praedam
1189 4103 1236 4134 esre
1253 4091 1313 4135 dtiar
1323 4089 1377 4134 aictr
1399 4088 1400 4091 ’

240 4178 291 4221 riae
308 4182 355 4221 eet.
370 4175 413 4232 11,
431 4176 454 4220 9.
471 4188 541 4232 genua
558 4175 613 4219 betti
629 4175 744 4226 videbam,
762 4176 876 4232 imparata
893 4176 916 4216 et
931 4170 1023 4229 infirma
1040 4174 1116 4216 omnia
1133 4175 1214 4217 contra
1228 4171 1377 4229 paradeo-u
1398 4138 1399 4181 1

239 4260 405 4320 Pompeianos
422 4265 513 4317 autern,
543 4266 569 4305 ut
592 4259 645 4306 voit
662 4257 796 4317 Manutius,
822 4258 846 4304 h.
864 4259 880 4304 1.
899 4256 1050 4304 Caesarianis
1068 4261 1217 4316 anteponere
1233 4269 1283 4304 nnn
1299 4254 1376 4315 poten

241 4358 270 4390 01
271 4350 333 4391 flios·
