2850 4759
234 320 402 392 oltatlo
423 321 511 392 PRO
534 320 572 391 P.
598 319 752 401 SULLA,
780 343 813 390 c.
834 323 873 390 17
887 334 921 391 et
933 325 982 390 18.
1128 325 1186 391 281

36 482 297 551 familiarissimis
323 484 393 551 suia
420 483 614 550 succensuit
638 495 735 566 pater
760 495 858 564 tuus,
893 505 970 552 cum
996 482 1122 553 Sullam
1154 498 1187 553 et

36 587 249 655 defenderent
270 598 304 653 et
325 584 525 654 laudarent?
558 586 771 668 Intelligebat
790 587 876 654 banc
895 589 991 656 nobis
1013 612 1030 656 a
1052 588 1187 655 maiori-

35 691 91 758 bus
111 708 186 757 esse
209 690 363 756 traditam
385 689 612 776 disciplinam,
634 703 671 758 ut
692 689 816 760 nullius
837 693 982 758 amicitia
997 691 1038 758 ad
1053 690 1188 775 propul-

36 792 131 861 sanda
150 792 303 877 pericula
322 793 576 876 impediremur.
616 793 660 862 Et
680 807 754 861 erat
775 793 853 862 huic
872 795 994 862 iudicio
1008 793 1108 877 longe
1122 796 1189 863 dis·

36 894 145 963 similis
166 894 225 964 illa
239 898 427 979 contentio3
450 909 538 975 turn,
560 898 678 965 afflicto
693 899 734 965 Ρ.
750 898 859 976 Sulla,
880 898 1077 969 consulatus
1092 901 1187 968 vobis

36 1000 238 1082 pariebatur,
260 999 358 1067 sicuti
372 1012 486 1084 partus
502 1013 571 1081 esta
591 999 731 1070 honoris
746 1015 818 1070 erat
832 1016 1012 1084 certarnen3
1033 998 1188 1086 ereptum
1294 994 1302 1005 ⁸

36 1115 179 1184 repetere
199 1125 262 1171 vos
283 1101 522 1191 damnabatis,
556 1116 594 1172 ut
621 1105 702 1173 ricti
729 1106 764 1173 in
785 1127 904 1191 campo
924 1108 957 1175 in
978 1109 1055 1175 foro
1076 1109 1190 1174 vince·

37 1209 128 1284 retias
148 1219 222 1274 turn
244 1208 300 1292 qui
321 1220 437 1275 contra
458 1230 520 1276 vos
541 1231 603 1294 pro
623 1208 723 1278 huius
745 1209 852 1278 salute
872 1211 1083 1296 pugnabant,
1105 1210 1190 1278 arni·
1225 1240 1227 1247 ·

38 1312 152 1378 cissimi
174 1312 300 1390 vestri,
335 1313 453 1396 quibus
479 1334 549 1380 non
577 1314 826 1393 irascebamini,
861 1313 1073 1383 consulatum
1095 1316 1188 1382 vobis

40 1415 230 1497 eripiebant,
262 1413 390 1483 honori
410 1426 524 1484 vestro
550 1418 801 1501 repugnabant,
832 1428 865 1485 et
893 1430 1003 1484 tamen
1031 1416 1064 1484 id
1083 1418 1191 1484 invio·

39 1514 95 1585 lata
118 1532 234 1586 vestra
259 1520 426 1598 amicitia,
458 1520 591 1600 integro
618 1523 745 1599 officio,
779 1522 884 1589 veteri
911 1520 1068 1605 exemplo
1090 1533 1189 1606 atque

40 1620 182 1692 instituto
206 1624 326 1706 optimi
348 1626 509 1709 cuiusque
529 1625 708 1696 faciebant.
753 1624 827 1708 Ego
849 1645 930 1692 vero
952 1625 1070 1708 quibus
1092 1647 1190 1692 orna·
1210 1622 1250 1685 50

41 1727 148 1795 mentis
178 1726 466 1797 aduersortuis?
508 1740 566 1794 aut
592 1732 646 1795 cui
673 1728 825 1810 dignitati
852 1741 985 1796 vestrae
1010 1728 1191 1811 repugno‘?
1246 1729 1256 1749 ‘

45 1827 122 1916 Quid
142 1843 213 1918 est,
237 1832 324 1914 quod
346 1831 414 1897 ianr
435 1830 476 1898 ab
496 1828 563 1898 hoo
584 1832 750 1915 expetas?
780 1831 891 1900 honor
911 1832 953 1901 ad
973 1845 1121 1916 patrem,
1143 1834 1192 1900 iu-

42 1932 136 2011 signia
155 1933 299 2003 honoris
320 1933 364 2002 ad
384 1946 416 2001 te
438 1932 546 2002 delata
566 1947 655 2002 sunt.
706 1936 760 2003 Tu
782 1949 920 2005 ornatus
942 1938 1071 2004 exuviis
1092 1936 1191 2004 huius

43 2036 123 2103 renis
142 2037 184 2104 ad
205 2059 283 2105 eum
304 2036 540 2118 lacerandum,
572 2060 671 2120 quem
691 2040 908 2118 intercanistia
943 2061 1006 2121 ego
1027 2041 1192 2107 iacentem

46 2138 266 2221 etspoliatum
288 2140 432 2209 defendo
455 2154 487 2209 et
507 2154 661 2225 protego.
700 2145 813 2227 Atque
833 2142 889 2209 hic
910 2155 945 2209 tu
966 2154 999 2208 ct
1014 2142 1193 2225 reprehen-

46 2236 87 2307 dis
106 2265 174 2321 me,
198 2246 277 2329 quia
296 2244 493 2333 defendam,
513 2258 549 2312 ct
568 2245 735 2312 irasceris.
776 2245 851 2326 Ego
873 2256 984 2311 autern
1006 2269 1074 2311 non
1090 2244 1192 2313 modo

48 2344 94 2411 tibi
117 2370 182 2416 non
210 2352 359 2427 irascor,
390 2348 450 2417 sed
477 2370 519 2416 ne
547 2346 757 2431 reprebendo
778 2346 911 2432 quidem
933 2350 1060 2415 factum
1084 2359 1211 2416 [numu

47 2445 86 2513 Ie
106 2453 190 2521 enim
212 2452 371 2520 existimo
393 2453 451 2520 tibi
472 2453 648 2530 statuisse,
671 2450 750 2536 quid
771 2452 961 2520 facienduni
982 2464 1137 2535 putares,
1158 2463 1195 2519 ct

47 2553 113 2621 satia
132 2554 291 2625 idoneum
313 2557 409 2625 officii
428 2555 574 2624 iudicem
595 2556 643 2623 tui
663 2560 688 2633 †
708 2556 873 2638 posuisse.

98 2662 237 2728 XVIII.
279 2665 326 2729 At
352 2673 490 2728 accusat
520 2662 555 2730 C.
583 2658 729 2728 Cornelii
754 2657 862 2738 filius,
897 2658 1053 2742 idemque
1080 2656 1192 2726 valere
1213 2652 1258 2715 51'

49 2757 133 2830 debet
150 2786 190 2832 ac
209 2767 239 2834 si
260 2777 356 2849 pater
376 2764 551 2832 indicaret.
593 2764 620 2833 0
637 2777 766 2846 patrem
782 2762 975 2831 Cornelium
990 2761 1192 2846 sapientem!

50 2867 95 2944 qui
112 2869 196 2951 quod
215 2869 358 2952 praemii
377 2868 465 2936 solet
485 2889 559 2935 esse
580 2868 613 2935 iu
632 2866 771 2953 indicio,
793 2864 982 2950 reliquerit,
1012 2865 1102 2950 quod
1124 2878 1194 2932 tur·

50 2961 188 3047 pit'udinis
209 2975 244 3041 in
265 2972 493 3058 confessione,
514 2971 547 3038 id
567 2994 629 3054 per
650 2971 899 3039 accusationem
920 2970 977 3036 filii
992 2969 1193 3052 susceperit.

51 3070 103 3139 Sed
121 3076 194 3157 quid
218 3087 272 3145 est
292 3073 449 3157 tandem,
484 3074 574 3159 quod
599 3072 725 3143 indicat
744 3095 804 3158 per
823 3075 926 3141 isturn
946 3094 1088 3157 puerum
1111 3072 1194 3139 Cor·
1231 3099 1233 3103 ·

51 3194 253 3216 -·—...-..

52 3235 236 3312 aromaticarum
256 3266 311 3329 qui]
329 3268 448 3313 vinceretis
471 3281 520 3312 eum
543 3267 612 3312 aeteri
634 3269 681 3311 tum
700 3266 741 3325 qai
763 3280 796 3312 ex
816 3264 910 3319 inversa
929 3261 1091 3326 geminatione
1110 3262 1140 3310 Ρ.
1159 3284 1194 3300 -

52 3345 112 3392 lumea
132 3352 154 3395 ld
173 3352 294 3412 inuiolata]
312 3356 386 3397 nmen
406 3353 517 3396 inuiolata
536 3350 566 3396 P.
584 3375 618 3390 -
641 3352 746 3410 ruinaque
767 3348 906 3412 faciebant]
930 3350 1010 3409 quique
1030 3348 1143 3408 jurabant
1163 3347 1194 3394 P.

107 3454 118 3516 l
129 3456 167 3505 50.
178 3467 272 3507 matur
282 3463 371 3505 exuuiis
382 3461 458 3520 buius]
472 3466 565 3506 ornatus
575 3462 640 3505 buius
649 3461 763 3505 aerumnis
775 3459 803 3506 P.
811 3459 916 3519 (ornatur
926 3461 1040 3505 anamais
1046 3456 1151 3518 Manut.)
1160 3472 1204 3523 -f‘

55 3537 112 3595 officii
127 3541 171 3604 tui]
188 3545 278 3592 unua.
296 3546 368 3605 qfficir'
382 3545 412 3591 1³.
430 3545 522 3605 Volgo.
539 3572 572 3584 -
590 3542 702 3608 posuisse]
722 3544 858 3591 Inauditurn
873 3558 926 3591 cum
943 3545 972 3591 ait
991 3545 1086 3588 iudicum
1097 3557 1194 3602 ponere,

56 3621 151 3674 existimo
167 3626 318 3678 Tonantium
340 3635 406 3676 recte
424 3629 561 3677 correxisse
577 3629 601 3675 in
621 3644 697 3691 marg.
718 3630 824 3690 exempli
840 3630 899 3676 meir
921 3642 1060 3687 persecare.

111 3732 175 3794 551.
195 3737 305 3800 idemque]
333 3743 356 3784 ei
374 3740 399 3784 id
419 3753 488 3799 aeque
505 3734 693 3802 P.-irrdiaat]
719 3739 946 3785 iudicem-eum
965 3734 1103 3797 Hortensio]
1125 3750 1194 3795 neque

58 3816 103 3859 milri
119 3833 164 3865 eum
184 3824 308 3870 Hor-leusio
328 3823 390 3871 eon.
411 3824 443 3871 Η.
461 3822 589 3883 Stephani.
623 3822 644 3867 II
670 3822 743 3870 Parc.
764 3823 823 3869 nibil
848 3822 975 3870 annotarit
994 3820 1141 3868 Torrentius.
1161 3847 1195 3858 —

60 3899 99 3952 rin,
114 3908 136 3947 u
149 3908 191 3968 air]
214 3910 251 3955 Sic
271 3910 344 3956 etiam
367 3915 414 3955 tres
435 3908 490 3955 mei.
512 3910 549 3954 aiu
571 3911 594 3953 lu
614 3908 650 3953 ais
669 3908 728 3954 Era.
747 3933 781 3947 -
801 3909 841 3967 real
862 3905 934 3968 quid]
958 3906 1066 3966 Madvig.
1090 3906 1193 3965 Opuacc.

60 3984 138 4037 1¹·l87.
153 3995 240 4053 etquid
255 3994 333 4042 Codri.
353 3993 414 4041 noti.
431 3992 489 4040 Ern.
743 3983 746 3989 ¹

63 4091 128 4105 Q.
155 4104 253 4115 ὠὴ,-

116 4157 177 4220 551.
198 4165 244 4214 HIc
267 4168 328 4216 filius
345 4169 374 4216 C.
392 4168 498 4215 Cornelii
516 4168 664 4229 subscriptor
681 4181 732 4215 esre
749 4165 843 4213 ridetur
859 4161 1008 4212 accusatoris
1024 4163 1052 4208 L.
1068 4157 1195 4220 Torquati,

65 4236 109 4287 lieet
123 4244 168 4304 ipre
183 4249 220 4297 bic
236 4266 341 4300 accusare
358 4254 451 4301 dicatur
468 4259 493 4299 et
514 4252 525 4315 b
542 4255 583 4299 92.
601 4256 742 4297 accusatores
758 4248 922 4303 nominentur,
950 4261 998 4294 non
1019 4245 1146 4291 aceruator.
1161 4265 1196 4279 -··

65 4329 197 4477 Ξωὲνὶαῖῠὲιι
213 4337 319 4400 camillis]
339 4339 427 4386 habitis
443 4338 506 4386 Inter
522 4336 580 4386 IIII.
598 4338 656 4384 Kal.
674 4337 739 4384 Nor.
755 4342 780 4383 et
796 4335 881 4381 Nonas
897 4333 962 4380 Nor.
979 4332 1026 4393 (ut
1046 4327 1146 4374 Octobr.
1163 4348 1196 4362 -

111 4424 138 4461 ur
153 4430 170 4461 r.
198 4425 374 4475 a.u.c.'691.
