2850 4759
238 286 407 356 ORATIO
428 286 516 357 PRO
537 286 658 357 LEGE
676 286 892 370 MANlLlh,
913 307 945 357 e.
966 291 1016 357 13.
1156 291 1216 357 lii

57 443 293 527 [Transalpina]
314 444 490 527 praesidiis
515 466 557 513 ae
579 446 722 515 navibus
750 437 971 525 coriiirnrata,
1000 446 1113 515 missis
1133 448 1220 517 item·

56 547 84 613 in
102 564 192 613 oram
216 546 344 627 lllyrici
366 549 470 615 uraris
500 550 546 614 et
560 549 592 613 in
615 547 783 614 Achaiam
811 568 1015 629 omnemque
1040 550 1217 619 Graeciam

54 648 180 715 nauibus
206 648 322 715 ltaliae
347 648 415 717 diro
440 649 547 717 maria
572 650 731 716 maximis
756 649 921 721 elassibus
945 651 1218 733 firmissimisque

54 749 213 829 praesidiis
232 749 429 830 adornavit3
448 752 521 832 ipse
544 762 676 829 autern,
699 763 738 815 ut
758 749 939 817 Brundisio
958 751 1135 831 profectus
1153 763 1219 828 est,

57 848 408 932 undequinquagesimo
438 851 493 918 die
520 863 628 919 totam
660 850 701 917 ad
728 851 908 932 imperium
931 850 1048 933 populi
1074 853 1220 923 nonani

59 949 191 1017 Ciliciam
220 952 390 1019 adiunxit:
426 974 564 1032 omnes,
599 953 655 1035 qni
685 954 810 1034 ubique
838 954 1028 1034 praedones
1061 953 1237 1028 fuerunt,

21 1085 24 1089 >
58 1052 163 1129 partim
187 1056 278 1134 capti
298 1054 536 1136 interfectique
553 1066 660 1129 sunt,
691 1055 814 1136 partim
842 1055 942 1120 unius
969 1054 1069 1120 huius
1094 1074 1131 1119 sc
1157 1055 1221 1120 ina·

20 1146 25 1195 ἓ
58 1152 138 1230 perio
159 1174 198 1219 ae
227 1156 389 1234 potestati
413 1154 628 1225 dediderunt.
680 1153 775 1221 ldem
805 1154 1042 1232 Cretensibus,
1074 1153 1221 1223 cunr-ed

59 1271 122 1318 enin
142 1256 297 1336 usquein
312 1256 546 1337 Pamphyliam
563 1256 692 1335 legatos
709 1254 1017 1335 deprecatoresque
1035 1254 1221 1331 misissent,

60 1371 138 1432 spem
161 1354 344 1425 deditionis
368 1379 435 1423 non
457 1357 584 1424 ademit
607 1356 811 1437 obsidesque
838 1355 1030 1435 imperavit.
1072 1354 1126 1421 lta
1149 1366 1223 1421 tan-

62 1463 122 1519 tmn
139 1454 280 1540 bellum,
313 1467 381 1523 tam
404 1456 622 1540 diuturnum,
645 1468 714 1522 tam
736 1454 839 1534 longe
858 1454 993 1536 lateque
1016 1452 1222 1535 dispersum,

24 1583 26 1585 >
62 1574 116 1635 quo
134 1555 218 1622 bello
241 1577 361 1623 omnes
381 1572 501 1637 gentes
523 1578 564 1625 ac
583 1558 741 1624 nationes
763 1556 1021 1638 premebantur,
1042 1556 1103 1623 Cn.
1120 1557 1225 1623 Pom·

23 1700 27 1705 -
61 1655 146 1732 peius-
163 1668 317 1724 extrema
341 1658 453 1726 bieme
474 1658 667 1741 apparavit,
695 1658 835 1725 ineunte
856 1676 939 1727 vere
963 1658 1132 1738 suscepit,
1153 1675 1224 1733 me·

63 1753 106 1825 dia
123 1769 246 1827 aestate
267 1759 430 1829 confecit.
1221 1820 1223 1825 ,

28 1881 33 1886 ·
125 1859 216 1926 Xlll.
260 1858 325 1926 Est
358 1857 443 1927 haee
473 1859 587 1927 divina
617 1873 721 1945 atque
746 1858 959 1930 incredibilis·
981 1858 1223 1939 vinnainpea.
1244 1867 1284 1932 36

60 1960 182 2030 rasoris
223 1959 317 2048 Quid
340 1972 493 2040 ceterae,
514 1984 597 2040 quas
618 1964 722 2044 paulo
747 1973 1125 2029 antecommemorare
1145 1979 1224 2027 eoa-

60 2077 180 2136 peram,
209 2073 356 2143 quantae
384 2073 486 2144 atque
511 2085 612 2145 quam
638 2063 765 2130 multae
791 2061 897 2129 sunt?
937 2061 1016 2128 Non
1041 2063 1131 2126 enim
1153 2057 1224 2126 bel·

62 2154 137 2224 landi
159 2162 268 2229 virtus
289 2160 401 2231 solum
426 2163 461 2228 in
487 2183 624 2229 summo
650 2182 691 2228 ae
711 2164 867 2245 perfecto
892 2162 1102 2242 imperatore
1123 2179 1225 2242 quae·

63 2257 150 2325 reuda
166 2274 234 2340 est,
257 2263 318 2329 sed
343 2260 471 2329 multae
491 2275 571 2330 sunt
587 2278 677 2330 artes
699 2265 860 2340 eximiae,
882 2261 983 2328 huius
1004 2260 1226 2334 administrae

25 2364 30 2377 '
64 2360 255 2444 comitesque
284 2364 431 2431 virtutis.
473 2366 527 2430 Ao
553 2365 701 2445 primum
735 2375 866 2445 quanta
883 2362 1076 2428 iaauoeentia
1101 2358 1227 2427 debent

65 2476 126 2525 esse
145 2462 386 2545 imperatores!
415 2476 541 2547 quanta
572 2462 693 2531 deinde
718 2464 754 2528 in
781 2461 939 2528 onmibns
966 2461 1069 2527 rebus
1096 2471 1225 2539 tempe·
1256 2457 1258 2461 ’

63 2563 172 2629 rantis!
193 2562 415 2646 quassanda,
435 2576 561 2646 quanta
576 2563 758 2641 facilitate,
778 2573 908 2645 quanto
924 2562 1078 2640 ingenio,
1100 2571 1227 2644 quanta

63 2656 271 2732 humanitate!
294 2686 380 2746 quae
401 2667 565 2755 breviter,
586 2663 698 2748 qualia
717 2665 837 2731 sintin
861 2664 920 2728 Cn.
940 2663 1124 2746 Pompeio,
1146 2681 1228 2727 eoa·

63 2759 248 2834 sideramus.
290 2767 431 2834 Summa
445 2760 535 2833 enim
551 2767 664 2833 omnia
678 2777 775 2841 suu-t,
800 2765 968 2855 Quirites,
988 2763 1049 2831 scd
1065 2782 1105 2829 ea
1119 2761 1228 2841 tnagis

66 2879 100 2928 ax
120 2864 260 2933 aliorum
282 2870 499 2934 contentione
519 2888 621 2950 quana
647 2868 720 2947 ipsa
743 2887 805 2948 per
832 2884 908 2933 sese
936 2864 1101 2943 cognosci
1126 2874 1228 2942 atque

64 2960 187 3046 intelligi
207 2979 364 3049 possunt
405 2969 518 3058 Quem
540 2969 629 3034 enim
647 2969 891 3048 imperatorem
909 2984 1095 3045 possumus
1113 2961 1227 3042 aliquo
1249 2972 1289 3034 37

64 3060 91 3127 in
117 3088 256 3135 numero
288 3076 426 3156 putare,
463 3070 560 3148 cuius
587 3069 621 3134 in
651 3067 807 3132 exercitu
842 3065 1054 3132 centuriatus
1083 3072 1228 3127 veneant

69 3175 155 3247 atque
175 3169 368 3236 venierint⁰.>
399 3169 479 3252 quid
499 3167 591 3234 hune
615 3167 790 3235 hominem
814 3187 976 3246 magnum
998 3176 1057 3231 aut
1075 3159 1228 3244 amplum
1293 3220 1294 3229 ,

68 3281 246 3305 ᾖ·----ιιυ

123 3344 133 3405 l
154 3347 194 3395 36.
214 3352 313 3409 quantae
331 3360 399 3405 mam
424 3349 509 3392 multoe
526 3345 556 3392 P.
576 3370 611 3383 -
634 3346 656 3389 d.
677 3359 699 3389 o.
728 3340 814 3406 solum]
833 3343 863 3388 E.
887 3346 963 3388 solam
986 3344 1007 3388 b.
1025 3357 1048 3387 u.
1067 3342 1127 3388 Em.
1148 3365 1181 3380 -
1201 3355 1230 3386 ac

61 3422 130 3489 Μ]
147 3428 176 3476 E.
193 3436 261 3491 atque
280 3429 343 3488 perf.
361 3430 420 3477 Em.
440 3454 475 3466 -
495 3432 520 3474 a'n
535 3425 608 3488 omn.]
627 3427 657 3473 Ε.
673 3441 735 3473 omn.
753 3429 777 3471 in
792 3427 851 3472 Em.
869 3448 905 3462 -
927 3427 988 3472 hren
1002 3429 1087 3484 quanto
1103 3425 1152 3468 sint
1165 3423 1195 3468 Ρ.

124 3533 192 3594 587.
210 3540 267 3595 imp.
282 3536 361 3598 poss]
379 3538 410 3584 Ε.
425 3550 489 3595 poss.
508 3538 564 3593 imp.
582 3535 641 3580 Ean.
663 3557 697 3572 -
721 3535 769 3578 utto
786 3535 811 3577 in
827 3545 889 3576 aum.
906 3532 937 3577 Ρ.
954 3531 985 3577 Ε.
1002 3531 1111 3590 Madvig.
1129 3553 1162 3567 -
1180 3532 1231 3574 ceti}

69 3615 153 3683 letiam
168 3620 277 3678 mant]
288 3619 318 3668 E.
335 3624 435 3665 seaeant
446 3623 504 3664 aaut.
516 3618 576 3665 Ero.
588 3615 772 3676 (centurionatus
784 3614 826 3675 Ρ.)
837 3639 872 3651 -
886 3615 926 3672 qui
937 3616 997 3658 tuae
1007 3613 1039 3659 Ρ.
1049 3612 1187 3659 saeioneaa.
1199 3635 1232 3650 -

69 3699 149 3744 wnino
164 3700 233 3762 aem]
251 3701 283 3748 1¹.
299 3702 330 3748 E.
348 3715 407 3748 aun.
425 3714 487 3746 nom.
504 3699 564 3745 Em.

71 3798 245 3821 Μ

71 3864 103 3913 at,
124 3862 142 3909 si
163 3866 268 3915 facultas
291 3871 369 3920 esset,
390 3864 497 3917 insulam
515 3862 539 3908 ei
557 3860 731 3922 potiusquam
748 3862 851 3906 Metello
868 3860 1000 3904 traderent.
1035 3855 1181 3915 Pompeios,
1207 3859 1234 3900 ut

72 3938 163 3993 fructum
179 3946 230 3993 eius
247 3948 284 3994 rei
301 3948 403 3995 Metello
421 3949 608 4004 praecerperet‚
632 3944 660 3989 1..
684 3940 815 3988 Octavium
833 3940 941 3998 legatum
965 3938 997 3981 sd
1014 3936 1140 3981 Metellum
1157 3933 1234 3988 misit,

74 4024 96 4062 tlt
117 4022 145 4069 ab
166 4026 353 4085 oppugnatione
376 4024 515 4078 desisteret,
542 4023 644 4084 ipseque
667 4026 766 4083 legatus
787 4022 811 4066 in
834 4020 918 4065 urbem
940 4019 1059 4077 ingramus
1082 4015 1234 4061 Cretensibus

73 4110 148 4151 unua
166 4107 290 4154 Metellum
313 4107 461 4167 praesidium
484 4107 548 4153 tulit.
584 4108 630 4152 Sed
656 4105 770 4153 Metellus
787 4101 942 4149 nibilominus
960 4100 1071 4145 obsessos
1088 4098 1113 4142 in
1130 4091 1234 4141 deditio·

74 4193 118 4229 bam
133 4191 264 4249 compulit,
280 4154 366 4260 susm
383 4204 432 4249 pro
449 4203 494 4236 suo
507 4189 559 4235 iure
571 4187 758 4243 animadvertit,
776 4184 906 4239 Octavium
918 4180 983 4227 omni
996 4178 1132 4239 ignominia
1144 4173 1235 4220 affecit.

74 4259 165 4315 ΗΘΜ.
182 4284 215 4317 ex
232 4271 366 4321 Plutarcho
383 4274 399 4318 1.
417 4272 433 4317 1.
