2850 4759
205 330 210 337 .
304 271 391 340 Pro
422 271 464 338 A.
495 258 712 349 canente,
747 246 839 337 aaa
861 272 965 338 arar.
1179 266 1238 337 ror

57 443 126 499 tum
153 429 216 508 sit,
238 434 264 507 †
285 451 371 514 quac
394 450 472 496 curn
495 429 610 495 onmia
632 439 687 495 tun
707 429 781 513 iure
804 431 961 513 mancipii
982 431 1068 507 sint,
1101 449 1138 496 ca
1159 451 1239 512 pos·
1263 508 1266 513 4

53 531 147 598 sisne
172 530 339 608 retinere,
370 531 399 598 si
430 554 552 613 parurn
580 531 625 598 sit
650 533 899 598 communitum
921 534 991 618 ius,
1019 533 1048 599 si
1079 531 1169 605 civiti
1199 545 1240 599 ao'

51 631 189 716 publica
209 632 284 713 tege
302 646 420 698 contra
440 632 583 701 alieuius
603 636 748 714 gratiam
772 635 877 701 teneri
898 657 967 700 non
984 632 1125 717 potcst'.>
1146 633 1238 714 quin,

51 736 210 817 iuquam,
237 733 381 816 prodest
401 733 546 801 fundum
572 732 714 811 habere,
742 736 788 811 si,
810 757 896 816 quac
919 735 1158 802 decentissime
1178 733 1239 800 de·

41 839 183 919 'scripta
216 857 233 902 a
274 836 459 903 maioribus
500 837 574 902 iura
609 834 725 901 finium
761 836 1036 918 possessionum,
1071 857 1238 919 aquarum

52 940 276 1020 itinerumque
296 948 395 1022 sunt,
418 935 504 1003 haec
520 938 712 1019 perturbari
733 936 844 1021 aliqua
866 940 998 1006 ratione
1018 938 1239 1005 commutari·

55 1061 117 1122 que
143 1038 317 1137 possunt?
345 1038 431 1104 Mihi
455 1041 602 1117 credite,
625 1038 735 1105 maior
759 1038 931 1127 hereditas
953 1042 1011 1106 eriri
1033 1040 1154 1124 cuique
1176 1063 1240 1107 no·

54 1142 166 1210 strum
191 1142 284 1211 venit
308 1142 342 1206 in
365 1139 484 1208 iisdem
506 1141 603 1207 bonis
627 1141 736 1207 aiore
757 1152 792 1206 et
811 1161 830 1207 a
851 1138 981 1222 legibus
1003 1164 1103 1224 quam
1124 1144 1164 1208 ab
1185 1143 1239 1227 iis,
1288 1172 1290 1175 ·

54 1266 71 1310 a
97 1243 222 1326 quibus
244 1240 300 1308 iila
325 1243 397 1325 ipsa
424 1243 512 1309 bona
537 1236 656 1308 relicta
677 1255 771 1309 suut.
826 1244 915 1311 Nam
938 1254 977 1309 ut
997 1244 1171 1326 perveniat
1196 1242 1239 1309 ad

54 1367 106 1412 me
142 1342 290 1421 fundus,
323 1355 529 1410 testamento
558 1341 701 1412 alicuius
733 1345 807 1412 fieri
838 1357 969 1428 potest:
1000 1357 1039 1412 ut
1065 1347 1240 1422 retineam,

53 1445 148 1530 quod
173 1466 288 1512 meum
318 1447 450 1512 fartum
476 1445 542 1524 sit,
572 1446 646 1512 sine
671 1446 746 1512 iure
772 1445 863 1512 civiti
891 1469 959 1514 non
986 1459 1112 1529 potest.
1153 1445 1242 1513 Fun·

53 1549 117 1617 dus
145 1560 286 1629 epatre
311 1545 457 1630 relinqui
491 1557 628 1629 potesta
663 1559 700 1614 at
729 1548 894 1631 usucapio
928 1548 1043 1626 fundi,
1079 1546 1241 1625 honest,

54 1653 129 1719 fmis
149 1649 452 1739 sollicitudinisac
467 1644 608 1732 perinuii
626 1649 753 1737 litium,
775 1671 846 1716 uon
866 1673 884 1716 a
906 1663 1002 1731 patre
1025 1648 1240 1730 relinquitur,

54 1751 111 1820 sed
138 1774 158 1818 a
184 1749 330 1832 iegibus.
385 1748 821 1832 aquaeductusbausms,
855 1751 921 1816 iter
949 1762 1047 1818 actus
1079 1771 1097 1817 a
1130 1762 1239 1833 patre,

54 1854 114 1922 sed
136 1865 211 1920 rata
232 1854 420 1922 auctoritas
443 1852 564 1923 harum
585 1873 699 1919 rerum
720 1854 875 1920 omnium
896 1853 1005 1919 aiure
1027 1851 1116 1918 civiti
1135 1852 1241 1920 sumi·

55 1968 124 2023 tur.
168 1955 389 2045 Quapropter
409 1977 477 2021 non
490 1951 611 2022 'miuus
633 1953 812 2035 diiigenter
832 1975 891 2034 ea,
913 1975 999 2035 qnae
1020 1954 1239 2023 amaioribus
1261 1953 1300 2016 ts

56 2058 257 2139 accepistis.
270 2055 419 2139 ‘publica
434 2057 737 2139 patrimoniaiuris
754 2078 855 2141 qnam
872 2058 1025 2139 privatae
1041 2058 1089 2122 rei
1104 2064 1241 2126 vestrae

56 2161 204 2226 retinere
234 2157 382 2238 deberisq
412 2181 480 2225 non
509 2157 623 2226 solum
653 2158 744 2240 quod
773 2156 859 2224 haec
892 2157 966 2223 iure
1004 2156 1095 2223 cirili
1121 2146 1268 2241 saepta

57 2275 150 2339 suut,
188 2281 310 2328 verum
340 2261 457 2336 etiarn,
492 2258 582 2342 quod
614 2259 857 2342 patrimonium
888 2259 988 2325 unius
1017 2258 1239 2327 incommodo

57 2364 256 2449 dimittitur,
290 2363 343 2431 ius
372 2363 482 2428 amitti
515 2383 585 2428 uon
617 2371 732 2444 potest
762 2362 836 2428 sine
864 2378 989 2440 magno
1017 2356 1254 2428 incommodo
1295 2384 1297 2391 ¹

54 2467 215 2533 civitatis·
671 2551 674 2556 ι
1193 2548 1196 2556 ¹

132 2566 283 2636 XXVII.
325 2564 363 2633 In
389 2566 454 2632 hnc
481 2565 555 2648 ipsa
582 2587 704 2646 causa,
727 2576 1008 2651 recuperatores,
1029 2564 1059 2632 si
1083 2563 1150 2633 boc
1174 2585 1239 2633 nos

56 2694 124 2738 non
145 2669 393 2747 obtinebimus,
416 2670 465 2745 vi,
488 2668 629 2735 armatis
650 2667 840 2734 hominibus
863 2666 1032 2734 deiectum
1054 2688 1131 2736 esse
1149 2689 1240 2744 eum,

56 2793 157 2855 quem
183 2772 235 2849 vi,
270 2769 411 2838 arrrratis
435 2769 627 2836 bominibus
650 2768 787 2851 pulsum
812 2769 1033 2852 stipatumque
1056 2790 1132 2837 esse
1155 2789 1240 2836 eon·

5 2910 7 2915 ·
57 2886 140 2957 stet,
164 2874 309 2942 Caecina
329 2872 402 2939 rem
428 2893 495 2938 non
518 2873 670 2950 amittet,
699 2893 801 2954 quam
821 2872 931 2953 ipsam
953 2873 1067 2938 animo
1087 2871 1188 2948 forti,
1209 2871 1240 2937 si

58 2989 190 3060 tempus
214 2977 260 3044 ita
279 2975 403 3053 ferret,
435 2973 627 3061 arnitterets
657 2975 690 3038 in
713 2974 971 3052 possessionem
994 2972 1239 3054 inpraesentia

57 3100 125 3146 non
150 3080 367 3163 restituetur,
398 3074 480 3142 nibil
502 3064 664 3157 amplius:
693 3070 812 3153 popuii
838 3074 983 3139 Romani
1004 3094 1125 3148 eausa,
1157 3073 1241 3140 civi·
1260 3074 1301 3139 76

60 3180 220 3257 tensius,
244 3182 350 3265 bona,
372 3179 531 3250 fortunae
549 3170 853 3259 possessionesque
876 3174 1028 3241 omnium
1047 3173 1239 3247 indubium
1270 3173 1277 3180 “

58 3282 293 3366 incertumque
314 3281 583 3358 revocabuntnr3
606 3276 946 3344 nostraauctoritate
967 3275 1033 3342 hoc
1052 3277 1241 3344 constitue·
1287 3350 1289 3359 y

60 3394 132 3465 tur,
164 3383 232 3452 boc
254 3383 525 3468 praescribetur:
560 3379 697 3464 quicum
723 3390 760 3445 tu
784 3377 930 3462 posthac
954 3377 996 3446 de
1018 3376 1240 3461 possessione

153 3529 158 3537 ,

61 3545 254 3562 *-

122 3648 135 3710 i
160 3649 203 3696 ib.
224 3645 315 3708 nerum]
338 3646 390 3692 Erf.
412 3645 454 3690 seri
470 3645 502 3690 0.

124 3731 136 3793 i
157 3733 190 3779 76
212 3732 414 3790 possessionesque
432 3723 547 3787 omnium]
568 3723 620 3772 Eri.
637 3728 837 3788 possessionesque
849 3727 880 3775 0.
895 3752 925 3764 -
939 3730 968 3799 in!
977 3728 1101 3786 praedium
1121 3731 1239 3785 deieceris,

61 3814 176 3876 ratituas]
194 3815 266 3861 Ordo
286 3829 327 3862 rr.
344 3827 379 3860 ox
402 3811 468 3869 Ere,
494 3810 536 3872 qui
559 3809 644 3856 babes:
674 3813 700 3856 sis
713 3813 838 3869 praedium
856 3813 971 3870 delegeris
989 3798 1103 3860 restituas.
1122 3816 1240 3867 deieceris,

60 3895 88 3959 in
107 3898 225 3951 praedium
250 3897 358 3941 restituae
379 3893 410 3939 0.
454 3893 484 3938 ln
513 3906 565 3954 seq.
587 3894 647 3940 loco
671 3896 856 3954 corruptissimo
885 3895 988 3943 exhibui
1018 3896 1070 3942 Eri.
1100 3898 1239 3944 tectionem.

62 3977 218 4028 Coniecturae
239 3978 295 4026 VV.
318 3978 450 4026 univiro
470 3977 495 4023 iu
515 3977 560 4023 Ed.
585 3977 687 4024 maiore.
735 3978 777 4024 Ex
797 3977 960 4024 Schuetzians
980 3979 1117 4026 etiamnunc
1143 3981 1239 4039 piacet:

63 4057 147 4104 iniurn
169 4076 218 4106 eum
243 4061 292 4106 diei
311 4061 423 4106 deiectum
450 4072 504 4105 esse.
545 4058 619 4118 Apud
640 4059 698 4106 Em.
719 4060 754 4106 sic
775 4066 824 4107 est:
841 4072 888 4106 rrors
908 4064 1019 4108 restitues.
1040 4066 1089 4107 rum
1104 4056 1239 4107 'statunitr's

63 4141 112 4184 uine
122 4143 145 4186 irs
161 4145 228 4190 caede
240 4146 331 4197 solum,
349 4157 395 4187 nors
413 4145 483 4187 etiam
499 4145 525 4188 e'n
542 4144 637 4191 animos
654 4144 701 4187 nisi
722 4157 793 4189 eruor
804 4166 816 4179 ·
827 4143 954 4203 ·sactom;
976 4145 1116 4189 iniuriarum
1132 4145 1239 4188 delictum

63 4235 121 4276 esse,
137 4229 175 4283 qur'
186 4227 321 4284 prohibitus
337 4230 382 4283 sit,-
398 4228 445 4271 nisi
458 4238 611 4285 ernposse.
646 4227 712 4272 Iuris
726 4229 800 4284 igitur
817 4230 913 4274 retineri
929 4226 1063 4273 seutentiam
1072 4249 1083 4261 ·
1092 4250 1104 4262 ·
1115 4228 1238 4283 oporterep

64 4319 96 4350 arr
116 4309 178 4354 aerbo
189 4333 200 4345 ·
211 4333 223 4345 ·
236 4314 424 4368 recuperatores,
445 4314 521 4357 rtrum
543 4309 622 4354 utilius
646 4322 693 4354 esee
712 4310 824 4357 nisimtur.
