<?xml version="1.0" encoding="UTF-8"?>
<!DOCTYPE html PUBLIC "-//W3C//DTD XHTML 1.0 Transitional//EN"
    "http://www.w3.org/TR/xhtml1/DTD/xhtml1-transitional.dtd">
<html xmlns="http://www.w3.org/1999/xhtml" xml:lang="en" lang="en">
 <head>
  <title>
</title>
<meta http-equiv="Content-Type" content="text/html;charset=utf-8" />
  <meta name='ocr-system' content='tesseract 3.04.00' />
  <meta name='ocr-capabilities' content='ocr_page ocr_carea ocr_par ocr_line ocrx_word'/>
</head>
<body>
  <div class='ocr_page' id='page_1' title='image "./mtulliiciceroni00orelgoog_0034.png"; bbox 0 0 2850 4759; ppageno 0'>
   <div class='ocr_carea' id='block_1_1' title="bbox 132 27 177 140">
    <p class='ocr_par' dir='ltr' id='par_1_1' title="bbox 132 27 177 140">
     <span class='ocr_line' id='line_1_1' title="bbox 132 27 177 140; baseline 0 -10"><span class='ocrx_word' id='word_1_1' title='bbox 132 27 177 140; x_wconf 62' lang='grc' dir='ltr'><strong>ι’</strong></span> 
     </span>
    </p>
   </div>
   <div class='ocr_carea' id='block_1_2' title="bbox 55 135 174 238">
    <p class='ocr_par' dir='ltr' id='par_1_2' title="bbox 55 135 174 238">
     <span class='ocr_line' id='line_1_2' title="bbox 86 135 174 185; baseline 0 -27"><span class='ocrx_word' id='word_1_2' title='bbox 86 149 104 185; x_wconf 46' lang='grc' dir='ltr'><strong>κ,</strong></span> <span class='ocrx_word' id='word_1_3' title='bbox 122 135 131 148; x_wconf 40' lang='grc'><strong>’1</strong></span> <span class='ocrx_word' id='word_1_4' title='bbox 171 147 174 158; x_wconf 82' lang='lat'>1</span> 
     </span>
     <span class='ocr_line' id='line_1_3' title="bbox 55 163 118 238; baseline 0 -16"><span class='ocrx_word' id='word_1_5' title='bbox 55 186 88 236; x_wconf 51' lang='grc' dir='ltr'><strong>ιι,Χ</strong></span> <span class='ocrx_word' id='word_1_6' title='bbox 98 163 118 238; x_wconf 63' lang='grc'>9</span> 
     </span>
    </p>
   </div>
   <div class='ocr_carea' id='block_1_3' title="bbox 65 235 922 442">
    <p class='ocr_par' dir='ltr' id='par_1_3' title="bbox 65 235 922 442">
     <span class='ocr_line' id='line_1_4' title="bbox 65 235 922 442; baseline -0.002 -86"><span class='ocrx_word' id='word_1_7' title='bbox 65 235 252 442; x_wconf 18' lang='lat' dir='ltr'><strong>funin</strong></span> <span class='ocrx_word' id='word_1_8' title='bbox 332 339 336 344; x_wconf 92' lang='lat'><strong>.</strong></span> <span class='ocrx_word' id='word_1_9' title='bbox 530 284 587 296; x_wconf 75' lang='grc'><strong>·’</strong></span> <span class='ocrx_word' id='word_1_10' title='bbox 683 285 922 356; x_wconf 77' lang='lat' dir='ltr'><strong>monronis</strong></span> 
     </span>
    </p>
   </div>
   <div class='ocr_carea' id='block_1_4' title="bbox 136 441 1378 2932">
    <p class='ocr_par' dir='ltr' id='par_1_4' title="bbox 136 441 1378 2932">
     <span class='ocr_line' id='line_1_5' title="bbox 208 441 1378 528; baseline -0.007 -12"><span class='ocrx_word' id='word_1_11' title='bbox 208 448 361 525; x_wconf 81' lang='lat' dir='ltr'><strong>iteretur,</strong></span> <span class='ocrx_word' id='word_1_12' title='bbox 383 445 594 528; x_wconf 65' lang='lat' dir='ltr'><strong>ignorabas?</strong></span> <span class='ocrx_word' id='word_1_13' title='bbox 633 445 771 512; x_wconf 83' lang='lat' dir='ltr'><strong>Verum</strong></span> <span class='ocrx_word' id='word_1_14' title='bbox 782 445 839 511; x_wconf 84' lang='lat' dir='ltr'><strong>fao</strong></span> <span class='ocrx_word' id='word_1_15' title='bbox 855 455 888 509; x_wconf 87' lang='lat' dir='ltr'><strong>te</strong></span> <span class='ocrx_word' id='word_1_16' title='bbox 908 441 1159 525; x_wconf 64' lang='lat' dir='ltr'><strong>impetravisses</strong></span> <span class='ocrx_word' id='word_1_17' title='bbox 1179 441 1378 525; x_wconf 76' lang='lat' dir='ltr'><strong>faoaliquid</strong></span> 
     </span>
     <span class='ocr_line' id='line_1_6' title="bbox 155 541 1377 649; baseline -0.002 -36"><span class='ocrx_word' id='word_1_18' title='bbox 155 603 157 606; x_wconf 91' lang='lat'><strong>.</strong></span> <span class='ocrx_word' id='word_1_19' title='bbox 199 550 345 627; x_wconf 71' lang='lat' dir='ltr'><strong>gravius</strong></span> <span class='ocrx_word' id='word_1_20' title='bbox 360 541 402 613; x_wconf 58' lang='lat' dir='ltr'><strong>&#39;in</strong></span> <span class='ocrx_word' id='word_1_21' title='bbox 427 549 548 614; x_wconf 82' lang='lat' dir='ltr'><strong>Heium</strong></span> <span class='ocrx_word' id='word_1_22' title='bbox 572 547 742 614; x_wconf 73' lang='lat' dir='ltr'>statuisse.</span> <span class='ocrx_word' id='word_1_23' title='bbox 756 546 1000 612; x_wconf 79' lang='lat' dir='ltr'>Mamertinos:</span> <span class='ocrx_word' id='word_1_24' title='bbox 1022 551 1123 626; x_wconf 87' lang='lat' dir='ltr'><strong>quam</strong></span> <span class='ocrx_word' id='word_1_25' title='bbox 1141 555 1241 625; x_wconf 72' lang='lat' dir='ltr'><strong>untes</strong></span> <span class='ocrx_word' id='word_1_26' title='bbox 1255 555 1377 649; x_wconf 15' lang='lat' dir='ltr'><strong>:aueto-</strong></span> 
     </span>
     <span class='ocr_line' id='line_1_7' title="bbox 149 646 1375 725; baseline -0.004 -11"><span class='ocrx_word' id='word_1_27' title='bbox 149 679 153 687; x_wconf 61' lang='grc'><strong>’</strong></span> <span class='ocrx_word' id='word_1_28' title='bbox 204 650 340 714; x_wconf 84' lang='lat' dir='ltr'><strong>ritatem</strong></span> <span class='ocrx_word' id='word_1_29' title='bbox 360 647 559 714; x_wconf 81' lang='lat' dir='ltr'>laudationis</span> <span class='ocrx_word' id='word_1_30' title='bbox 581 669 700 714; x_wconf 86' lang='lat' dir='ltr'><strong>eorum</strong></span> <span class='ocrx_word' id='word_1_31' title='bbox 726 647 897 724; x_wconf 80' lang='lat' dir='ltr'><strong>suturam,</strong></span> <span class='ocrx_word' id='word_1_32' title='bbox 927 647 956 711; x_wconf 82' lang='lat' dir='ltr'><strong>si</strong></span> <span class='ocrx_word' id='word_1_33' title='bbox 977 646 1011 709; x_wconf 86' lang='lat' dir='ltr'><strong>in</strong></span> <span class='ocrx_word' id='word_1_34' title='bbox 1039 665 1136 720; x_wconf 88' lang='lat' dir='ltr'><strong>eum,</strong></span> <span class='ocrx_word' id='word_1_35' title='bbox 1172 662 1273 725; x_wconf 85' lang='lat' dir='ltr'><strong>quem</strong></span> <span class='ocrx_word' id='word_1_36' title='bbox 1296 651 1375 709; x_wconf 84' lang='lat' dir='ltr'><strong>eou-</strong></span> 
     </span>
     <span class='ocr_line' id='line_1_8' title="bbox 203 742 1340 830; baseline -0.009 -13"><span class='ocrx_word' id='word_1_37' title='bbox 203 760 272 817; x_wconf 82' lang='lat' dir='ltr'><strong>stet</strong></span> <span class='ocrx_word' id='word_1_38' title='bbox 292 770 413 814; x_wconf 85' lang='lat' dir='ltr'><strong>vorum</strong></span> <span class='ocrx_word' id='word_1_39' title='bbox 434 769 496 830; x_wconf 85' lang='lat' dir='ltr'><strong>pro</strong></span> <span class='ocrx_word' id='word_1_40' title='bbox 508 748 710 815; x_wconf 84' lang='lat' dir='ltr'><strong>testimonio</strong></span> <span class='ocrx_word' id='word_1_41' title='bbox 740 746 884 823; x_wconf 77' lang='lat' dir='ltr'>dixisse,</span> <span class='ocrx_word' id='word_1_42' title='bbox 904 765 1049 826; x_wconf 84' lang='lat' dir='ltr'><strong>poenam</strong></span> <span class='ocrx_word' id='word_1_43' title='bbox 1071 742 1340 826; x_wconf 62' lang='lat' dir='ltr'><strong>coristituerinti</strong></span> 
     </span>
     <span class='ocr_line' id='line_1_9' title="bbox 205 827 1375 940; baseline -0.004 -26"><span class='ocrx_word' id='word_1_44' title='bbox 205 885 209 892; x_wconf 92' lang='lat'>·</span> <span class='ocrx_word' id='word_1_45' title='bbox 282 850 435 915; x_wconf 85' lang='lat' dir='ltr'><strong>&#39;lametsi</strong></span> <span class='ocrx_word' id='word_1_46' title='bbox 461 858 545 940; x_wconf 80' lang='lat' dir='ltr'><strong>quae</strong></span> <span class='ocrx_word' id='word_1_47' title='bbox 569 859 639 922; x_wconf 83' lang='lat' dir='ltr'><strong>est</strong></span> <span class='ocrx_word' id='word_1_48' title='bbox 650 844 803 912; x_wconf 81' lang='lat' dir='ltr'><strong>laudatio</strong></span> <span class='ocrx_word' id='word_1_49' title='bbox 832 847 912 922; x_wconf 83' lang='lat' dir='ltr'><strong>ista,</strong></span> <span class='ocrx_word' id='word_1_50' title='bbox 946 865 1024 910; x_wconf 90' lang='lat' dir='ltr'><strong>eum</strong></span> <span class='ocrx_word' id='word_1_51' title='bbox 1046 827 1203 923; x_wconf 75' lang='lat' dir='ltr'><strong>laudator</strong></span> <span class='ocrx_word' id='word_1_52' title='bbox 1232 845 1375 910; x_wconf 84' lang='lat' dir='ltr'><strong>interro-</strong></span> 
     </span>
     <span class='ocr_line' id='line_1_10' title="bbox 201 943 1374 1035; baseline -0.005 -19"><span class='ocrx_word' id='word_1_53' title='bbox 201 961 302 1030; x_wconf 76' lang='lat' dir='ltr'><strong>gatus</strong></span> <span class='ocrx_word' id='word_1_54' title='bbox 327 949 441 1016; x_wconf 85' lang='lat' dir='ltr'><strong>laedat</strong></span> <span class='ocrx_word' id='word_1_55' title='bbox 466 950 609 1014; x_wconf 81' lang='lat' dir='ltr'><strong>neeesse</strong></span> <span class='ocrx_word' id='word_1_56' title='bbox 640 946 721 1013; x_wconf 71' lang='lat' dir='ltr'><strong>est?</strong></span> <span class='ocrx_word' id='word_1_57' title='bbox 757 945 894 1035; x_wconf 58' lang='lat' dir='ltr'><strong>Quid?</strong></span> <span class='ocrx_word' id='word_1_58' title='bbox 911 947 967 1011; x_wconf 84' lang='lat' dir='ltr'><strong>isti</strong></span> <span class='ocrx_word' id='word_1_59' title='bbox 1000 943 1192 1010; x_wconf 82' lang='lat' dir='ltr'><strong>laudatores</strong></span> <span class='ocrx_word' id='word_1_60' title='bbox 1227 946 1276 1010; x_wconf 89' lang='lat' dir='ltr'><strong>tui</strong></span> <span class='ocrx_word' id='word_1_61' title='bbox 1308 967 1374 1034; x_wconf 81' lang='lat' dir='ltr'><strong>non</strong></span> 
     </span>
     <span class='ocr_line' id='line_1_11' title="bbox 202 1045 1374 1124; baseline -0.005 -7"><span class='ocrx_word' id='word_1_62' title='bbox 202 1063 306 1118; x_wconf 86' lang='lat' dir='ltr'><strong>testes</strong></span> <span class='ocrx_word' id='word_1_63' title='bbox 326 1051 390 1117; x_wconf 84' lang='lat' dir='ltr'><strong>mei</strong></span> <span class='ocrx_word' id='word_1_64' title='bbox 410 1050 516 1117; x_wconf 69' lang='lat' dir='ltr'><strong>sunit</strong></span> <span class='ocrx_word' id='word_1_65' title='bbox 536 1050 641 1117; x_wconf 83' lang='lat' dir='ltr'><strong>Heius</strong></span> <span class='ocrx_word' id='word_1_66' title='bbox 663 1058 716 1113; x_wconf 83' lang='lat' dir='ltr'><strong>est</strong></span> <span class='ocrx_word' id='word_1_67' title='bbox 732 1045 905 1112; x_wconf 82' lang='lat' dir='ltr'><strong>laudator:</strong></span> <span class='ocrx_word' id='word_1_68' title='bbox 923 1045 1025 1111; x_wconf 82' lang='lat' dir='ltr'><strong>iaesit</strong></span> <span class='ocrx_word' id='word_1_69' title='bbox 1040 1045 1252 1124; x_wconf 83' lang='lat' dir='ltr'><strong>gravissime.</strong></span> <span class='ocrx_word' id='word_1_70' title='bbox 1287 1048 1374 1111; x_wconf 89' lang='lat' dir='ltr'><strong>Pro-</strong></span> 
     </span>
     <span class='ocr_line' id='line_1_12' title="bbox 201 1144 1372 1233; baseline -0.003 -18"><span class='ocrx_word' id='word_1_71' title='bbox 201 1151 324 1216; x_wconf 78' lang='lat' dir='ltr'><strong>ducam</strong></span> <span class='ocrx_word' id='word_1_72' title='bbox 351 1148 729 1233; x_wconf 77' lang='lat' dir='ltr'><strong>oeteroszretioebuut‚</strong></span> <span class='ocrx_word' id='word_1_73' title='bbox 752 1167 837 1227; x_wconf 85' lang='lat' dir='ltr'><strong>quae</strong></span> <span class='ocrx_word' id='word_1_74' title='bbox 859 1156 1040 1227; x_wconf 86' lang='lat' dir='ltr'><strong>poterunt,</strong></span> <span class='ocrx_word' id='word_1_75' title='bbox 1062 1144 1223 1212; x_wconf 85' lang='lat' dir='ltr'><strong>libenter:</strong></span> <span class='ocrx_word' id='word_1_76' title='bbox 1250 1144 1372 1224; x_wconf 83' lang='lat' dir='ltr'><strong>dicent,</strong></span> 
     </span>
     <span class='ocr_line' id='line_1_13' title="bbox 201 1247 1371 1333; baseline -0.003 -17"><span class='ocrx_word' id='word_1_77' title='bbox 201 1271 288 1333; x_wconf 84' lang='lat' dir='ltr'><strong>quae</strong></span> <span class='ocrx_word' id='word_1_78' title='bbox 314 1270 455 1317; x_wconf 83' lang='lat' dir='ltr'><strong>neeesse</strong></span> <span class='ocrx_word' id='word_1_79' title='bbox 479 1250 560 1322; x_wconf 88' lang='lat' dir='ltr'><strong>erit,</strong></span> <span class='ocrx_word' id='word_1_80' title='bbox 593 1247 746 1326; x_wconf 81' lang='lat' dir='ltr'><strong>ingratis.</strong></span> <span class='ocrx_word' id='word_1_81' title='bbox 787 1249 922 1324; x_wconf 79' lang='lat' dir='ltr'><strong>Negent</strong></span> <span class='ocrx_word' id='word_1_82' title='bbox 953 1247 1008 1312; x_wconf 85' lang='lat' dir='ltr'><strong>isti</strong></span> <span class='ocrx_word' id='word_1_83' title='bbox 1035 1247 1224 1323; x_wconf 83' lang='lat' dir='ltr'><strong>onerariam</strong></span> <span class='ocrx_word' id='word_1_84' title='bbox 1252 1266 1371 1312; x_wconf 84' lang='lat' dir='ltr'><strong>navem</strong></span> 
     </span>
     <span class='ocr_line' id='line_1_14' title="bbox 200 1346 1371 1426; baseline -0.004 -9"><span class='ocrx_word' id='word_1_85' title='bbox 200 1352 385 1417; x_wconf 80' lang='lat' dir='ltr'><strong>maximam</strong></span> <span class='ocrx_word' id='word_1_86' title='bbox 408 1349 619 1416; x_wconf 83' lang='lat' dir='ltr'><strong>aedificatam</strong></span> <span class='ocrx_word' id='word_1_87' title='bbox 645 1368 720 1415; x_wconf 84' lang='lat' dir='ltr'><strong>esse</strong></span> <span class='ocrx_word' id='word_1_88' title='bbox 744 1346 956 1413; x_wconf 66' lang='lat' dir='ltr'><strong>Messanae?</strong></span> <span class='ocrx_word' id='word_1_89' title='bbox 988 1358 1128 1426; x_wconf 81' lang='lat' dir='ltr'><strong>negent,</strong></span> <span class='ocrx_word' id='word_1_90' title='bbox 1161 1346 1371 1426; x_wconf 78' lang='lat' dir='ltr'><strong>sipossunt.</strong></span> 
     </span>
     <span class='ocr_line' id='line_1_15' title="bbox 197 1446 1371 1531; baseline -0.005 -14"><span class='ocrx_word' id='word_1_91' title='bbox 197 1451 332 1531; x_wconf 79' lang='lat' dir='ltr'><strong>Negent</strong></span> <span class='ocrx_word' id='word_1_92' title='bbox 355 1451 386 1516; x_wconf 88' lang='lat' dir='ltr'><strong>ei</strong></span> <span class='ocrx_word' id='word_1_93' title='bbox 410 1452 484 1515; x_wconf 88' lang='lat' dir='ltr'><strong>navi</strong></span> <span class='ocrx_word' id='word_1_94' title='bbox 507 1461 701 1518; x_wconf 77' lang='lat' dir='ltr'><strong>senatorem</strong></span> <span class='ocrx_word' id='word_1_95' title='bbox 720 1448 972 1518; x_wconf 86' lang='lat' dir='ltr'><strong>Mamertinum</strong></span> <span class='ocrx_word' id='word_1_96' title='bbox 997 1447 1131 1530; x_wconf 87' lang='lat' dir='ltr'><strong>publice</strong></span> <span class='ocrx_word' id='word_1_97' title='bbox 1156 1446 1371 1528; x_wconf 73' lang='lat' dir='ltr'><strong>praefuisset</strong></span> 
     </span>
     <span class='ocr_line' id='line_1_16' title="bbox 181 1545 1372 1631; baseline -0.003 -14"><span class='ocrx_word' id='word_1_98' title='bbox 181 1554 328 1618; x_wconf 85' lang='lat' dir='ltr'><strong>utinam</strong></span> <span class='ocrx_word' id='word_1_99' title='bbox 349 1550 490 1631; x_wconf 84' lang='lat' dir='ltr'><strong>negent!</strong></span> <span class='ocrx_word' id='word_1_100' title='bbox 512 1551 597 1617; x_wconf 85' lang='lat' dir='ltr'><strong>Sunt</strong></span> <span class='ocrx_word' id='word_1_101' title='bbox 615 1550 717 1626; x_wconf 85' lang='lat' dir='ltr'><strong>etiam</strong></span> <span class='ocrx_word' id='word_1_102' title='bbox 738 1560 870 1624; x_wconf 84' lang='lat' dir='ltr'><strong>cetera,</strong></span> <span class='ocrx_word' id='word_1_103' title='bbox 892 1568 978 1629; x_wconf 90' lang='lat' dir='ltr'><strong>quae</strong></span> <span class='ocrx_word' id='word_1_104' title='bbox 1001 1545 1090 1613; x_wconf 87' lang='lat' dir='ltr'><strong>maio</strong></span> <span class='ocrx_word' id='word_1_105' title='bbox 1111 1548 1243 1627; x_wconf 78' lang='lat' dir='ltr'><strong>integra</strong></span> <span class='ocrx_word' id='word_1_106' title='bbox 1264 1568 1372 1614; x_wconf 88' lang='lat' dir='ltr'><strong>reser-</strong></span> 
     </span>
     <span class='ocr_line' id='line_1_17' title="bbox 197 1647 1370 1732; baseline -0.004 -13"><span class='ocrx_word' id='word_1_107' title='bbox 197 1671 297 1727; x_wconf 78' lang='lat' dir='ltr'><strong>vare,</strong></span> <span class='ocrx_word' id='word_1_108' title='bbox 319 1663 358 1716; x_wconf 91' lang='lat' dir='ltr'><strong>ut</strong></span> <span class='ocrx_word' id='word_1_109' title='bbox 381 1671 483 1732; x_wconf 89' lang='lat' dir='ltr'><strong>quam</strong></span> <span class='ocrx_word' id='word_1_110' title='bbox 504 1650 684 1715; x_wconf 88' lang='lat' dir='ltr'><strong>minimum</strong></span> <span class='ocrx_word' id='word_1_111' title='bbox 706 1647 787 1714; x_wconf 85' lang='lat' dir='ltr'><strong>dem</strong></span> <span class='ocrx_word' id='word_1_112' title='bbox 807 1648 871 1715; x_wconf 85' lang='lat' dir='ltr'><strong>iliis</strong></span> <span class='ocrx_word' id='word_1_113' title='bbox 893 1649 1056 1729; x_wconf 84' lang='lat' dir='ltr'><strong>temporis</strong></span> <span class='ocrx_word' id='word_1_114' title='bbox 1077 1647 1119 1714; x_wconf 88' lang='lat' dir='ltr'><strong>ad</strong></span> <span class='ocrx_word' id='word_1_115' title='bbox 1141 1648 1370 1715; x_wconf 82' lang='lat' dir='ltr'><strong>meditandum</strong></span> 
     </span>
     <span class='ocr_line' id='line_1_18' title="bbox 136 1747 1371 1832; baseline 0.002 -20"><span class='ocrx_word' id='word_1_116' title='bbox 136 1752 177 1815; x_wconf 77' lang='lat'><strong>20</strong></span> <span class='ocrx_word' id='word_1_117' title='bbox 199 1751 537 1832; x_wconf 75' lang='lat' dir='ltr'><strong>confirmandumque</strong></span> <span class='ocrx_word' id='word_1_118' title='bbox 571 1751 770 1831; x_wconf 74' lang='lat' dir='ltr'><strong>perias-ium</strong></span> <span class='ocrx_word' id='word_1_119' title='bbox 814 1750 908 1814; x_wconf 84' lang='lat' dir='ltr'><strong>Haeo</strong></span> <span class='ocrx_word' id='word_1_120' title='bbox 937 1750 994 1815; x_wconf 85' lang='lat' dir='ltr'><strong>tibi</strong></span> <span class='ocrx_word' id='word_1_121' title='bbox 1025 1747 1172 1815; x_wconf 78' lang='lat' dir='ltr'><strong>laudatio</strong></span> <span class='ocrx_word' id='word_1_122' title='bbox 1209 1749 1371 1829; x_wconf 85' lang='lat' dir='ltr'><strong>prooedat</strong></span> 
     </span>
     <span class='ocr_line' id='line_1_19' title="bbox 197 1849 1370 1933; baseline 0 -16"><span class='ocrx_word' id='word_1_123' title='bbox 197 1853 232 1917; x_wconf 88' lang='lat' dir='ltr'><strong>in</strong></span> <span class='ocrx_word' id='word_1_124' title='bbox 255 1871 465 1917; x_wconf 55' lang='lat' dir='ltr'><strong>numerium</strong></span> <span class='ocrx_word' id='word_1_125' title='bbox 461 1850 510 1915; x_wconf 92' lang='lat' dir='ltr'><strong>hi</strong></span> <span class='ocrx_word' id='word_1_126' title='bbox 538 1862 571 1916; x_wconf 87' lang='lat' dir='ltr'><strong>to</strong></span> <span class='ocrx_word' id='word_1_127' title='bbox 599 1850 753 1917; x_wconf 87' lang='lat' dir='ltr'><strong>homines</strong></span> <span class='ocrx_word' id='word_1_128' title='bbox 778 1851 980 1916; x_wconf 86' lang='lat' dir='ltr'><strong>auctoritate</strong></span> <span class='ocrx_word' id='word_1_129' title='bbox 1003 1867 1066 1916; x_wconf 83' lang='lat' dir='ltr'><strong>suu</strong></span> <span class='ocrx_word' id='word_1_130' title='bbox 1088 1849 1282 1917; x_wconf 83' lang='lat' dir='ltr'><strong>sublevent·</strong></span> <span class='ocrx_word' id='word_1_131' title='bbox 1318 1853 1370 1933; x_wconf 88' lang='lat' dir='ltr'><strong>qui</strong></span> 
     </span>
     <span class='ocr_line' id='line_1_20' title="bbox 197 1931 1369 2033; baseline 0.001 -17"><span class='ocrx_word' id='word_1_132' title='bbox 197 1962 232 2016; x_wconf 87' lang='lat' dir='ltr'><strong>te</strong></span> <span class='ocrx_word' id='word_1_133' title='bbox 255 1972 363 2033; x_wconf 84' lang='lat' dir='ltr'><strong>neque</strong></span> <span class='ocrx_word' id='word_1_134' title='bbox 387 1950 509 2018; x_wconf 86' lang='lat' dir='ltr'><strong>debent</strong></span> <span class='ocrx_word' id='word_1_135' title='bbox 534 1951 765 2028; x_wconf 83' lang='lat' dir='ltr'><strong>adiuva1e‚si</strong></span> <span class='ocrx_word' id='word_1_136' title='bbox 788 1931 936 2033; x_wconf 83' lang='lat' dir='ltr'><strong>possint,</strong></span> <span class='ocrx_word' id='word_1_137' title='bbox 956 1971 1066 2033; x_wconf 86' lang='lat' dir='ltr'><strong>neque</strong></span> <span class='ocrx_word' id='word_1_138' title='bbox 1082 1963 1242 2033; x_wconf 83' lang='lat' dir='ltr'><strong>possunt,</strong></span> <span class='ocrx_word' id='word_1_139' title='bbox 1263 1952 1293 2017; x_wconf 86' lang='lat' dir='ltr'><strong>si</strong></span> <span class='ocrx_word' id='word_1_140' title='bbox 1315 1972 1369 2017; x_wconf 88' lang='lat' dir='ltr'><strong>ve·</strong></span> 
     </span>
     <span class='ocr_line' id='line_1_21' title="bbox 196 2049 1369 2134; baseline 0 -17"><span class='ocrx_word' id='word_1_141' title='bbox 196 2049 276 2125; x_wconf 71' lang='lat' dir='ltr'><strong>lii-m</strong></span> <span class='ocrx_word' id='word_1_142' title='bbox 307 2053 427 2134; x_wconf 88' lang='lat' dir='ltr'><strong>quibus</strong></span> <span class='ocrx_word' id='word_1_143' title='bbox 457 2063 493 2117; x_wconf 87' lang='lat' dir='ltr'><strong>tu</strong></span> <span class='ocrx_word' id='word_1_144' title='bbox 521 2054 679 2133; x_wconf 87' lang='lat' dir='ltr'><strong>privatim</strong></span> <span class='ocrx_word' id='word_1_145' title='bbox 698 2052 844 2117; x_wconf 83' lang='lat' dir='ltr'><strong>iniurias</strong></span> <span class='ocrx_word' id='word_1_146' title='bbox 879 2050 1045 2133; x_wconf 81' lang='lat' dir='ltr'><strong>plurimas</strong></span> <span class='ocrx_word' id='word_1_147' title='bbox 1077 2051 1369 2134; x_wconf 74' lang='lat' dir='ltr'><strong>contumeliasque</strong></span> 
     </span>
     <span class='ocr_line' id='line_1_22' title="bbox 195 2150 1369 2237; baseline -0.001 -19"><span class='ocrx_word' id='word_1_148' title='bbox 195 2152 503 2234; x_wconf 80' lang='lat' dir='ltr'><strong>imposuistiz-quo</strong></span> <span class='ocrx_word' id='word_1_149' title='bbox 529 2154 562 2218; x_wconf 89' lang='lat' dir='ltr'><strong>in</strong></span> <span class='ocrx_word' id='word_1_150' title='bbox 586 2152 711 2235; x_wconf 88' lang='lat' dir='ltr'><strong>oppido</strong></span> <span class='ocrx_word' id='word_1_151' title='bbox 743 2150 867 2217; x_wconf 86' lang='lat' dir='ltr'><strong>multas</strong></span> <span class='ocrx_word' id='word_1_152' title='bbox 888 2151 1044 2237; x_wconf 79' lang='lat' dir='ltr'><strong>¹familias</strong></span> <span class='ocrx_word' id='word_1_153' title='bbox 1081 2163 1169 2219; x_wconf 86' lang='lat' dir='ltr'><strong>totas</strong></span> <span class='ocrx_word' id='word_1_154' title='bbox 1193 2152 1227 2217; x_wconf 88' lang='lat' dir='ltr'><strong>iu</strong></span> <span class='ocrx_word' id='word_1_155' title='bbox 1249 2173 1369 2233; x_wconf 86' lang='lat' dir='ltr'><strong>perpe·</strong></span> 
     </span>
     <span class='ocr_line' id='line_1_23' title="bbox 196 2241 1369 2334; baseline 0 -15"><span class='ocrx_word' id='word_1_156' title='bbox 196 2264 292 2319; x_wconf 89' lang='lat' dir='ltr'><strong>tuum</strong></span> <span class='ocrx_word' id='word_1_157' title='bbox 324 2253 468 2319; x_wconf 82' lang='lat' dir='ltr'><strong>infames</strong></span> <span class='ocrx_word' id='word_1_158' title='bbox 503 2254 569 2321; x_wconf 86' lang='lat' dir='ltr'><strong>tuis</strong></span> <span class='ocrx_word' id='word_1_159' title='bbox 590 2241 730 2334; x_wconf 72' lang='lat' dir='ltr'><strong>vstupris</strong></span> <span class='ocrx_word' id='word_1_160' title='bbox 759 2251 961 2333; x_wconf 82' lang='lat' dir='ltr'><strong>flagitiisque</strong></span> <span class='ocrx_word' id='word_1_161' title='bbox 988 2251 1111 2319; x_wconf 81' lang='lat' dir='ltr'><strong>fecisti.</strong></span> <span class='ocrx_word' id='word_1_162' title='bbox 1160 2255 1208 2317; x_wconf 86' lang='lat' dir='ltr'><strong>At</strong></span> <span class='ocrx_word' id='word_1_163' title='bbox 1235 2254 1369 2332; x_wconf 88' lang='lat' dir='ltr'><strong>publice</strong></span> 
     </span>
     <span class='ocr_line' id='line_1_24' title="bbox 194 2351 1370 2444; baseline 0.003 -26"><span class='ocrx_word' id='word_1_164' title='bbox 194 2351 435 2420; x_wconf 80' lang='lat' dir='ltr'><strong>eonimodasti.</strong></span> <span class='ocrx_word' id='word_1_165' title='bbox 474 2354 551 2420; x_wconf 89' lang='lat' dir='ltr'><strong>Non</strong></span> <span class='ocrx_word' id='word_1_166' title='bbox 578 2356 650 2420; x_wconf 87' lang='lat' dir='ltr'><strong>sine</strong></span> <span class='ocrx_word' id='word_1_167' title='bbox 673 2375 797 2444; x_wconf 85' lang='lat' dir='ltr'><strong>magno</strong></span> <span class='ocrx_word' id='word_1_168' title='bbox 816 2353 952 2435; x_wconf 89' lang='lat' dir='ltr'><strong>quidem</strong></span> <span class='ocrx_word' id='word_1_169' title='bbox 981 2351 1209 2433; x_wconf 86' lang='lat' dir='ltr'><strong>reipublicae</strong></span> <span class='ocrx_word' id='word_1_170' title='bbox 1229 2357 1370 2434; x_wconf 79' lang='lat' dir='ltr'><strong>provin-</strong></span> 
     </span>
     <span class='ocr_line' id='line_1_25' title="bbox 194 2451 1368 2537; baseline 0.002 -18"><span class='ocrx_word' id='word_1_171' title='bbox 194 2454 332 2535; x_wconf 85' lang='lat' dir='ltr'><strong>ciaeque</strong></span> <span class='ocrx_word' id='word_1_172' title='bbox 353 2454 485 2520; x_wconf 84' lang='lat' dir='ltr'><strong>Siciliae</strong></span> <span class='ocrx_word' id='word_1_173' title='bbox 509 2455 726 2521; x_wconf 85' lang='lat' dir='ltr'><strong>detrimento.</strong></span> <span class='ocrx_word' id='word_1_174' title='bbox 768 2454 886 2518; x_wconf 76' lang='lat' dir='ltr'><strong>Tritici</strong></span> <span class='ocrx_word' id='word_1_175' title='bbox 909 2451 1055 2518; x_wconf 87' lang='lat' dir='ltr'><strong>modium</strong></span> <span class='ocrx_word' id='word_1_176' title='bbox 1076 2474 1124 2520; x_wconf 77' lang='lat' dir='ltr'><strong>Lx</strong></span> <span class='ocrx_word' id='word_1_177' title='bbox 1141 2454 1233 2527; x_wconf 83' lang='lat' dir='ltr'><strong>mitia</strong></span> <span class='ocrx_word' id='word_1_178' title='bbox 1255 2468 1368 2537; x_wconf 84' lang='lat' dir='ltr'><strong>empta</strong></span> 
     </span>
     <span class='ocr_line' id='line_1_26' title="bbox 191 2550 1368 2636; baseline 0.003 -17"><span class='ocrx_word' id='word_1_179' title='bbox 191 2553 320 2636; x_wconf 83' lang='lat' dir='ltr'><strong>populo</strong></span> <span class='ocrx_word' id='word_1_180' title='bbox 345 2555 495 2620; x_wconf 84' lang='lat' dir='ltr'><strong>Romano</strong></span> <span class='ocrx_word' id='word_1_181' title='bbox 526 2554 607 2619; x_wconf 88' lang='lat' dir='ltr'><strong>dare</strong></span> <span class='ocrx_word' id='word_1_182' title='bbox 629 2553 796 2619; x_wconf 87' lang='lat' dir='ltr'><strong>debebant</strong></span> <span class='ocrx_word' id='word_1_183' title='bbox 818 2565 852 2618; x_wconf 89' lang='lat' dir='ltr'><strong>et</strong></span> <span class='ocrx_word' id='word_1_184' title='bbox 871 2550 1042 2619; x_wconf 87' lang='lat' dir='ltr'><strong>solebant:</strong></span> <span class='ocrx_word' id='word_1_185' title='bbox 1074 2554 1133 2621; x_wconf 87' lang='lat' dir='ltr'><strong>abs</strong></span> <span class='ocrx_word' id='word_1_186' title='bbox 1158 2566 1191 2620; x_wconf 90' lang='lat' dir='ltr'><strong>te</strong></span> <span class='ocrx_word' id='word_1_187' title='bbox 1214 2554 1291 2622; x_wconf 89' lang='lat' dir='ltr'><strong>solo</strong></span> <span class='ocrx_word' id='word_1_188' title='bbox 1314 2577 1368 2622; x_wconf 90' lang='lat' dir='ltr'><strong>re·</strong></span> 
     </span>
     <span class='ocr_line' id='line_1_27' title="bbox 192 2652 1366 2736; baseline 0.003 -16"><span class='ocrx_word' id='word_1_189' title='bbox 192 2656 334 2720; x_wconf 85' lang='lat' dir='ltr'><strong>missum</strong></span> <span class='ocrx_word' id='word_1_190' title='bbox 362 2657 426 2722; x_wconf 83' lang='lat' dir='ltr'><strong>est.</strong></span> <span class='ocrx_word' id='word_1_191' title='bbox 466 2657 532 2721; x_wconf 87' lang='lat' dir='ltr'><strong>Res</strong></span> <span class='ocrx_word' id='word_1_192' title='bbox 561 2652 695 2736; x_wconf 88' lang='lat' dir='ltr'><strong>publica</strong></span> <span class='ocrx_word' id='word_1_193' title='bbox 725 2653 965 2719; x_wconf 81' lang='lat' dir='ltr'><strong>detrimentum</strong></span> <span class='ocrx_word' id='word_1_194' title='bbox 990 2653 1091 2733; x_wconf 83' lang='lat' dir='ltr'><strong>feeit,</strong></span> <span class='ocrx_word' id='word_1_195' title='bbox 1125 2654 1215 2736; x_wconf 90' lang='lat' dir='ltr'><strong>quod</strong></span> <span class='ocrx_word' id='word_1_196' title='bbox 1246 2669 1366 2736; x_wconf 88' lang='lat' dir='ltr'><strong>perte</strong></span> 
     </span>
     <span class='ocr_line' id='line_1_28' title="bbox 190 2753 1365 2837; baseline 0.001 -17"><span class='ocrx_word' id='word_1_197' title='bbox 190 2754 321 2837; x_wconf 87' lang='lat' dir='ltr'><strong>imperii</strong></span> <span class='ocrx_word' id='word_1_198' title='bbox 338 2757 387 2822; x_wconf 87' lang='lat' dir='ltr'><strong>ius</strong></span> <span class='ocrx_word' id='word_1_199' title='bbox 403 2758 435 2820; x_wconf 91' lang='lat' dir='ltr'><strong>in</strong></span> <span class='ocrx_word' id='word_1_200' title='bbox 450 2777 517 2821; x_wconf 88' lang='lat' dir='ltr'><strong>una</strong></span> <span class='ocrx_word' id='word_1_201' title='bbox 538 2756 674 2820; x_wconf 77' lang='lat' dir='ltr'><strong>civitate</strong></span> <span class='ocrx_word' id='word_1_202' title='bbox 688 2754 904 2820; x_wconf 88' lang='lat' dir='ltr'><strong>imminutum</strong></span> <span class='ocrx_word' id='word_1_203' title='bbox 919 2765 991 2832; x_wconf 84' lang='lat' dir='ltr'><strong>est;</strong></span> <span class='ocrx_word' id='word_1_204' title='bbox 1012 2753 1128 2831; x_wconf 85' lang='lat' dir='ltr'><strong>Siculi,</strong></span> <span class='ocrx_word' id='word_1_205' title='bbox 1150 2754 1238 2836; x_wconf 79' lang='lat' dir='ltr'><strong>qarod</strong></span> <span class='ocrx_word' id='word_1_206' title='bbox 1254 2757 1365 2836; x_wconf 85' lang='lat' dir='ltr'><strong>ipsum</strong></span> 
     </span>
     <span class='ocr_line' id='line_1_29' title="bbox 190 2853 1365 2932; baseline 0.003 -13"><span class='ocrx_word' id='word_1_207' title='bbox 190 2855 324 2921; x_wconf 86' lang='lat' dir='ltr'><strong>nonde</strong></span> <span class='ocrx_word' id='word_1_208' title='bbox 348 2876 483 2921; x_wconf 85' lang='lat' dir='ltr'><strong>summa</strong></span> <span class='ocrx_word' id='word_1_209' title='bbox 510 2856 670 2920; x_wconf 86' lang='lat' dir='ltr'><strong>frumenti</strong></span> <span class='ocrx_word' id='word_1_210' title='bbox 701 2853 892 2920; x_wconf 86' lang='lat' dir='ltr'><strong>detractum</strong></span> <span class='ocrx_word' id='word_1_211' title='bbox 914 2866 983 2932; x_wconf 85' lang='lat' dir='ltr'><strong>est,</strong></span> <span class='ocrx_word' id='word_1_212' title='bbox 1012 2853 1073 2923; x_wconf 87' lang='lat' dir='ltr'><strong>aed</strong></span> <span class='ocrx_word' id='word_1_213' title='bbox 1101 2854 1303 2924; x_wconf 84' lang='lat' dir='ltr'><strong>translatum</strong></span> <span class='ocrx_word' id='word_1_214' title='bbox 1332 2858 1365 2923; x_wconf 88' lang='lat' dir='ltr'><strong>in</strong></span> 
     </span>
    </p>
   </div>
   <div class='ocr_carea' id='block_1_5' title="bbox 196 2986 415 2998">
    <p class='ocr_par' dir='ltr' id='par_1_5' title="bbox 196 2986 415 2998">
     <span class='ocr_line' id='line_1_30' title="bbox 196 2986 415 2998; baseline -0.009 -1"><span class='ocrx_word' id='word_1_215' title='bbox 196 2986 415 2998; x_wconf 45' lang='grc' dir='ltr'>*ιιι-ηια-</span> 
     </span>
    </p>
   </div>
   <div class='ocr_carea' id='block_1_6' title="bbox 137 3056 1417 3942">
    <p class='ocr_par' dir='ltr' id='par_1_6' title="bbox 188 3056 1417 3219">
     <span class='ocr_line' id='line_1_31' title="bbox 188 3056 1366 3131; baseline 0 -12"><span class='ocrx_word' id='word_1_216' title='bbox 188 3071 250 3131; x_wconf 77' lang='lat' dir='ltr'><strong>Reg.</strong></span> <span class='ocrx_word' id='word_1_217' title='bbox 269 3072 326 3118; x_wconf 74' lang='lat' dir='ltr'><strong>Vnt.</strong></span> <span class='ocrx_word' id='word_1_218' title='bbox 344 3073 389 3119; x_wconf 86' lang='lat' dir='ltr'><strong>cfr.</strong></span> <span class='ocrx_word' id='word_1_219' title='bbox 407 3072 462 3119; x_wconf 83' lang='lat' dir='ltr'><strong>Aet</strong></span> <span class='ocrx_word' id='word_1_220' title='bbox 481 3072 505 3128; x_wconf 82' lang='lat'><strong>5,</strong></span> <span class='ocrx_word' id='word_1_221' title='bbox 526 3072 564 3118; x_wconf 87' lang='grc'><strong>18.</strong></span> <span class='ocrx_word' id='word_1_222' title='bbox 582 3072 640 3129; x_wconf 83' lang='lat' dir='ltr'><strong>quid</strong></span> <span class='ocrx_word' id='word_1_223' title='bbox 657 3072 792 3116; x_wconf 67' lang='lat' dir='ltr'><strong>existimare</strong></span> <span class='ocrx_word' id='word_1_224' title='bbox 808 3085 847 3116; x_wconf 84' lang='lat' dir='ltr'><strong>ros</strong></span> <span class='ocrx_word' id='word_1_225' title='bbox 864 3073 905 3129; x_wconf 83' lang='lat' dir='ltr'><strong>qui</strong></span> <span class='ocrx_word' id='word_1_226' title='bbox 920 3056 1058 3125; x_wconf 73' lang='lat' dir='ltr'><strong>audiebant,</strong></span> <span class='ocrx_word' id='word_1_227' title='bbox 1083 3073 1249 3121; x_wconf 70' lang='lat' dir='ltr'><strong>arbitrabare?</strong></span> <span class='ocrx_word' id='word_1_228' title='bbox 1274 3076 1366 3119; x_wconf 77' lang='lat' dir='ltr'><strong>inanem</strong></span> 
     </span>
     <span class='ocr_line' id='line_1_32' title="bbox 188 3153 1417 3219; baseline 0.001 -19"><span class='ocrx_word' id='word_1_229' title='bbox 188 3158 210 3200; x_wconf 74' lang='lat' dir='ltr'><strong>re</strong></span> <span class='ocrx_word' id='word_1_230' title='bbox 224 3156 382 3200; x_wconf 78' lang='lat' dir='ltr'><strong>deducturum.</strong></span> <span class='ocrx_word' id='word_1_231' title='bbox 419 3154 502 3201; x_wconf 84' lang='lat' dir='ltr'><strong>Maior</strong></span> <span class='ocrx_word' id='word_1_232' title='bbox 518 3153 554 3200; x_wconf 80' lang='lat' dir='ltr'><strong>ris</strong></span> <span class='ocrx_word' id='word_1_233' title='bbox 571 3153 595 3198; x_wconf 90' lang='lat' dir='ltr'><strong>in</strong></span> <span class='ocrx_word' id='word_1_234' title='bbox 612 3155 659 3199; x_wconf 85' lang='lat' dir='ltr'><strong>hue</strong></span> <span class='ocrx_word' id='word_1_235' title='bbox 676 3155 734 3199; x_wconf 82' lang='lat' dir='ltr'><strong>lect.</strong></span> <span class='ocrx_word' id='word_1_236' title='bbox 751 3154 830 3199; x_wconf 79' lang='lat' dir='ltr'><strong>inesse</strong></span> <span class='ocrx_word' id='word_1_237' title='bbox 847 3155 956 3210; x_wconf 73' lang='lat' dir='ltr'><strong>videtur,</strong></span> <span class='ocrx_word' id='word_1_238' title='bbox 980 3169 1052 3219; x_wconf 75' lang='lat' dir='ltr'><strong>quum</strong></span> <span class='ocrx_word' id='word_1_239' title='bbox 1070 3155 1094 3200; x_wconf 90' lang='lat' dir='ltr'><strong>iu</strong></span> <span class='ocrx_word' id='word_1_240' title='bbox 1112 3156 1195 3201; x_wconf 56' lang='lat' dir='ltr'><strong>Laida</strong></span> <span class='ocrx_word' id='word_1_241' title='bbox 1221 3159 1261 3214; x_wconf 72' lang='lat' dir='ltr'><strong>qui</strong></span> <span class='ocrx_word' id='word_1_242' title='bbox 1272 3158 1366 3212; x_wconf 72' lang='lat' dir='ltr'><strong>putasti</strong></span> <span class='ocrx_word' id='word_1_243' title='bbox 1416 3163 1417 3196; x_wconf 69' lang='lat' dir='ltr'><strong>t</strong></span> 
     </span>
    </p>

    <p class='ocr_par' dir='ltr' id='par_1_7' title="bbox 145 3217 1366 3619">
     <span class='ocr_line' id='line_1_33' title="bbox 145 3217 1366 3296; baseline 0.002 -17"><span class='ocrx_word' id='word_1_244' title='bbox 145 3255 148 3258; x_wconf 97' lang='lat'>·</span> <span class='ocrx_word' id='word_1_245' title='bbox 187 3238 362 3293; x_wconf 76' lang='lat' dir='ltr'><strong>impetraturum</strong></span> <span class='ocrx_word' id='word_1_246' title='bbox 380 3241 421 3282; x_wconf 76' lang='lat' dir='ltr'><strong>te?</strong></span> <span class='ocrx_word' id='word_1_247' title='bbox 447 3252 519 3296; x_wconf 84' lang='lat' dir='ltr'><strong>quam</strong></span> <span class='ocrx_word' id='word_1_248' title='bbox 538 3238 630 3296; x_wconf 84' lang='lat' dir='ltr'><strong>recepit</strong></span> <span class='ocrx_word' id='word_1_249' title='bbox 647 3238 673 3281; x_wconf 86' lang='lat' dir='ltr'><strong>Z.</strong></span> <span class='ocrx_word' id='word_1_250' title='bbox 691 3261 723 3293; x_wconf 69' lang='lat'><strong><em>,···</em></strong></span> <span class='ocrx_word' id='word_1_251' title='bbox 743 3250 789 3279; x_wconf 81' lang='lat' dir='ltr'><strong>nou</strong></span> <span class='ocrx_word' id='word_1_252' title='bbox 807 3233 883 3294; x_wconf 80' lang='lat' dir='ltr'><strong>testes]</strong></span> <span class='ocrx_word' id='word_1_253' title='bbox 903 3237 963 3295; x_wconf 81' lang='lat' dir='ltr'><strong>Reg.</strong></span> <span class='ocrx_word' id='word_1_254' title='bbox 983 3238 1050 3281; x_wconf 86' lang='lat' dir='ltr'><strong>Leid.</strong></span> <span class='ocrx_word' id='word_1_255' title='bbox 1068 3251 1115 3295; x_wconf 89' lang='lat' dir='ltr'><strong>pro</strong></span> <span class='ocrx_word' id='word_1_256' title='bbox 1133 3251 1206 3281; x_wconf 78' lang='lat' dir='ltr'><strong>norum</strong></span> <span class='ocrx_word' id='word_1_257' title='bbox 1224 3242 1241 3282; x_wconf 80' lang='lat' dir='ltr'><strong>t.</strong></span> <span class='ocrx_word' id='word_1_258' title='bbox 1259 3217 1320 3281; x_wconf 67' lang='lat' dir='ltr'><strong>Vae.</strong></span> <span class='ocrx_word' id='word_1_259' title='bbox 1338 3237 1366 3281; x_wconf 88' lang='grc' dir='ltr'><strong>Ζ.</strong></span> 
     </span>
     <span class='ocr_line' id='line_1_34' title="bbox 186 3315 1365 3377; baseline 0.001 -16"><span class='ocrx_word' id='word_1_260' title='bbox 186 3315 320 3363; x_wconf 81' lang='lat' dir='ltr'><strong>Discrimen</strong></span> <span class='ocrx_word' id='word_1_261' title='bbox 338 3319 387 3363; x_wconf 88' lang='lat' dir='ltr'><strong>hoc</strong></span> <span class='ocrx_word' id='word_1_262' title='bbox 405 3324 453 3364; x_wconf 77' lang='lat' dir='ltr'><strong>esta</strong></span> <span class='ocrx_word' id='word_1_263' title='bbox 471 3319 511 3364; x_wconf 91' lang='lat' dir='ltr'><strong>ubi</strong></span> <span class='ocrx_word' id='word_1_264' title='bbox 528 3319 596 3375; x_wconf 87' lang='lat' dir='ltr'><strong>dieo,</strong></span> <span class='ocrx_word' id='word_1_265' title='bbox 610 3318 758 3364; x_wconf 79' lang='lat' dir='ltr'><strong>riou-est?</strong></span> <span class='ocrx_word' id='word_1_266' title='bbox 775 3322 854 3359; x_wconf 82' lang='lat' dir='ltr'><strong>certus</strong></span> <span class='ocrx_word' id='word_1_267' title='bbox 872 3318 1005 3363; x_wconf 78' lang='lat' dir='ltr'><strong>sententiae</strong></span> <span class='ocrx_word' id='word_1_268' title='bbox 1022 3333 1092 3363; x_wconf 81' lang='lat' dir='ltr'><strong>meae</strong></span> <span class='ocrx_word' id='word_1_269' title='bbox 1109 3318 1243 3365; x_wconf 79' lang='lat' dir='ltr'><strong>adversarii</strong></span> <span class='ocrx_word' id='word_1_270' title='bbox 1261 3331 1365 3377; x_wconf 71' lang='lat' dir='ltr'><strong>respou-</strong></span> 
     </span>
     <span class='ocr_line' id='line_1_35' title="bbox 185 3399 1364 3459; baseline -0.002 -14"><span class='ocrx_word' id='word_1_271' title='bbox 185 3413 238 3445; x_wconf 84' lang='lat' dir='ltr'><strong>sum</strong></span> <span class='ocrx_word' id='word_1_272' title='bbox 255 3414 305 3446; x_wconf 87' lang='lat' dir='ltr'><strong>non</strong></span> <span class='ocrx_word' id='word_1_273' title='bbox 324 3414 398 3453; x_wconf 66' lang='lat' dir='ltr'><strong>curos</strong></span> <span class='ocrx_word' id='word_1_274' title='bbox 416 3399 456 3443; x_wconf 82' lang='lat' dir='ltr'><strong>ulri</strong></span> <span class='ocrx_word' id='word_1_275' title='bbox 473 3399 599 3457; x_wconf 83' lang='lat' dir='ltr'><strong>interrogo</strong></span> <span class='ocrx_word' id='word_1_276' title='bbox 618 3399 796 3442; x_wconf 77' lang='lat' dir='ltr'><strong>noune-est?</strong></span> <span class='ocrx_word' id='word_1_277' title='bbox 814 3403 876 3454; x_wconf 86' lang='lat' dir='ltr'><strong>opto</strong></span> <span class='ocrx_word' id='word_1_278' title='bbox 894 3404 968 3458; x_wconf 82' lang='lat' dir='ltr'><strong>atque</strong></span> <span class='ocrx_word' id='word_1_279' title='bbox 986 3406 1095 3457; x_wconf 83' lang='lat' dir='ltr'><strong>expecto</strong></span> <span class='ocrx_word' id='word_1_280' title='bbox 1113 3414 1181 3454; x_wconf 86' lang='lat' dir='ltr'><strong>eum,</strong></span> <span class='ocrx_word' id='word_1_281' title='bbox 1199 3414 1269 3459; x_wconf 84' lang='lat' dir='ltr'><strong>quem</strong></span> <span class='ocrx_word' id='word_1_282' title='bbox 1288 3400 1364 3444; x_wconf 84' lang='lat' dir='ltr'><strong>inter·</strong></span> 
     </span>
     <span class='ocr_line' id='line_1_36' title="bbox 185 3471 1364 3539; baseline -0.005 -12"><span class='ocrx_word' id='word_1_283' title='bbox 185 3494 261 3539; x_wconf 78' lang='lat' dir='ltr'><strong>rogo,</strong></span> <span class='ocrx_word' id='word_1_284' title='bbox 287 3481 346 3526; x_wconf 88' lang='lat' dir='ltr'><strong>mihi</strong></span> <span class='ocrx_word' id='word_1_285' title='bbox 370 3476 528 3527; x_wconf 78' lang='lat' dir='ltr'><strong>assensurum.</strong></span> <span class='ocrx_word' id='word_1_286' title='bbox 574 3475 604 3527; x_wconf 88' lang='lat' dir='ltr'><strong>In</strong></span> <span class='ocrx_word' id='word_1_287' title='bbox 628 3479 673 3526; x_wconf 88' lang='lat' dir='ltr'><strong>iilo</strong></span> <span class='ocrx_word' id='word_1_288' title='bbox 696 3478 771 3536; x_wconf 79' lang='lat' dir='ltr'><strong>igitur</strong></span> <span class='ocrx_word' id='word_1_289' title='bbox 794 3478 873 3522; x_wconf 80' lang='lat' dir='ltr'><strong>maior</strong></span> <span class='ocrx_word' id='word_1_290' title='bbox 892 3477 928 3523; x_wconf 82' lang='lat' dir='ltr'><strong>ris</strong></span> <span class='ocrx_word' id='word_1_291' title='bbox 945 3477 1014 3522; x_wconf 86' lang='lat' dir='ltr'><strong>inest.</strong></span> <span class='ocrx_word' id='word_1_292' title='bbox 1030 3500 1064 3515; x_wconf 87' lang='lat'><strong>-·</strong></span> <span class='ocrx_word' id='word_1_293' title='bbox 1083 3471 1194 3536; x_wconf 75' lang='lat' dir='ltr'><strong>ingratis]</strong></span> <span class='ocrx_word' id='word_1_294' title='bbox 1213 3479 1275 3535; x_wconf 78' lang='lat' dir='ltr'><strong>Reg.</strong></span> <span class='ocrx_word' id='word_1_295' title='bbox 1294 3477 1364 3523; x_wconf 87' lang='lat' dir='ltr'><strong>Leid.</strong></span> 
     </span>
     <span class='ocr_line' id='line_1_37' title="bbox 184 3556 1365 3619; baseline -0.002 -15"><span class='ocrx_word' id='word_1_296' title='bbox 184 3558 243 3604; x_wconf 74' lang='lat' dir='ltr'><strong>vat.</strong></span> <span class='ocrx_word' id='word_1_297' title='bbox 263 3561 373 3616; x_wconf 79' lang='lat' dir='ltr'><strong>ingratiis</strong></span> <span class='ocrx_word' id='word_1_298' title='bbox 390 3559 489 3612; x_wconf 85' lang='lat' dir='ltr'><strong>Lamb.‚</strong></span> <span class='ocrx_word' id='word_1_299' title='bbox 512 3572 576 3618; x_wconf 86' lang='lat' dir='ltr'><strong>quae</strong></span> <span class='ocrx_word' id='word_1_300' title='bbox 593 3556 673 3603; x_wconf 79' lang='lat' dir='ltr'><strong>forma</strong></span> <span class='ocrx_word' id='word_1_301' title='bbox 690 3558 783 3604; x_wconf 82' lang='lat' dir='ltr'><strong>Plauto</strong></span> <span class='ocrx_word' id='word_1_302' title='bbox 801 3564 826 3603; x_wconf 86' lang='lat' dir='ltr'><strong>et</strong></span> <span class='ocrx_word' id='word_1_303' title='bbox 843 3560 958 3604; x_wconf 79' lang='lat' dir='ltr'><strong>Terentio</strong></span> <span class='ocrx_word' id='word_1_304' title='bbox 977 3560 1134 3619; x_wconf 80' lang='lat' dir='ltr'><strong>relinquendo</strong></span> <span class='ocrx_word' id='word_1_305' title='bbox 1151 3565 1195 3604; x_wconf 81' lang='lat' dir='ltr'><strong>ost.</strong></span> <span class='ocrx_word' id='word_1_306' title='bbox 1214 3559 1265 3603; x_wconf 86' lang='lat' dir='ltr'><strong>Cfr.</strong></span> <span class='ocrx_word' id='word_1_307' title='bbox 1284 3559 1313 3603; x_wconf 91' lang='lat' dir='ltr'><strong>Z.</strong></span> <span class='ocrx_word' id='word_1_308' title='bbox 1331 3581 1365 3596; x_wconf 88' lang='lat'><strong>-·</strong></span> 
     </span>
    </p>

    <p class='ocr_par' dir='ltr' id='par_1_8' title="bbox 137 3637 1417 3942">
     <span class='ocr_line' id='line_1_38' title="bbox 137 3637 1364 3700; baseline -0.001 -16"><span class='ocrx_word' id='word_1_309' title='bbox 137 3684 145 3690; x_wconf 80' lang='grc'><strong>,</strong></span> <span class='ocrx_word' id='word_1_310' title='bbox 183 3642 206 3684; x_wconf 84' lang='lat' dir='ltr'><strong>si</strong></span> <span class='ocrx_word' id='word_1_311' title='bbox 221 3639 329 3698; x_wconf 83' lang='lat' dir='ltr'><strong>possunt]</strong></span> <span class='ocrx_word' id='word_1_312' title='bbox 349 3638 428 3698; x_wconf 81' lang='lat' dir='ltr'><strong>(Reg.</strong></span> <span class='ocrx_word' id='word_1_313' title='bbox 446 3639 514 3694; x_wconf 77' lang='lat' dir='ltr'><strong>Leid.</strong></span> <span class='ocrx_word' id='word_1_314' title='bbox 532 3637 569 3697; x_wconf 87' lang='lat' dir='ltr'><strong>Z.)</strong></span> <span class='ocrx_word' id='word_1_315' title='bbox 595 3652 658 3684; x_wconf 89' lang='lat' dir='ltr'><strong>nunc</strong></span> <span class='ocrx_word' id='word_1_316' title='bbox 674 3641 741 3693; x_wconf 85' lang='lat' dir='ltr'><strong>scil.;</strong></span> <span class='ocrx_word' id='word_1_317' title='bbox 769 3642 791 3683; x_wconf 77' lang='grc' dir='ltr'><strong>ιι·</strong></span> <span class='ocrx_word' id='word_1_318' title='bbox 804 3641 898 3695; x_wconf 76' lang='lat' dir='ltr'><strong>possint</strong></span> <span class='ocrx_word' id='word_1_319' title='bbox 914 3640 1019 3684; x_wconf 77' lang='lat' dir='ltr'><strong>fortasse</strong></span> <span class='ocrx_word' id='word_1_320' title='bbox 1036 3640 1184 3700; x_wconf 80' lang='lat' dir='ltr'><strong>aliquando,</strong></span> <span class='ocrx_word' id='word_1_321' title='bbox 1207 3640 1284 3685; x_wconf 83' lang='lat' dir='ltr'><strong>minus</strong></span> <span class='ocrx_word' id='word_1_322' title='bbox 1304 3645 1364 3697; x_wconf 81' lang='lat' dir='ltr'><strong>apto</strong></span> 
     </span>
     <span class='ocr_line' id='line_1_39' title="bbox 183 3719 1417 3780; baseline 0 -14"><span class='ocrx_word' id='word_1_323' title='bbox 183 3721 242 3768; x_wconf 79' lang='lat' dir='ltr'><strong>Era.</strong></span> <span class='ocrx_word' id='word_1_324' title='bbox 259 3744 294 3758; x_wconf 88' lang='lat'>-</span> <span class='ocrx_word' id='word_1_325' title='bbox 311 3719 375 3780; x_wconf 79' lang='grc' dir='ltr'>ιιαυὲ]</span> <span class='ocrx_word' id='word_1_326' title='bbox 393 3722 445 3765; x_wconf 80' lang='lat' dir='ltr'><strong>scii.</strong></span> <span class='ocrx_word' id='word_1_327' title='bbox 463 3721 606 3775; x_wconf 70' lang='lat' dir='ltr'><strong>faciundaes</strong></span> <span class='ocrx_word' id='word_1_328' title='bbox 641 3723 706 3780; x_wconf 81' lang='lat' dir='ltr'><strong>quod</strong></span> <span class='ocrx_word' id='word_1_329' title='bbox 732 3721 810 3779; x_wconf 84' lang='lat' dir='ltr'><strong>ipsum</strong></span> <span class='ocrx_word' id='word_1_330' title='bbox 832 3722 907 3778; x_wconf 74' lang='lat' dir='ltr'><strong>gloss.</strong></span> <span class='ocrx_word' id='word_1_331' title='bbox 932 3723 1009 3779; x_wconf 78' lang='lat' dir='ltr'><strong>volgo</strong></span> <span class='ocrx_word' id='word_1_332' title='bbox 1032 3721 1178 3768; x_wconf 79' lang='lat' dir='ltr'><strong>inculcatum</strong></span> <span class='ocrx_word' id='word_1_333' title='bbox 1201 3722 1326 3767; x_wconf 82' lang='lat' dir='ltr'><strong>omittitur</strong></span> <span class='ocrx_word' id='word_1_334' title='bbox 1349 3735 1365 3765; x_wconf 85' lang='grc' dir='ltr'><strong>ιι</strong></span> <span class='ocrx_word' id='word_1_335' title='bbox 1416 3735 1417 3766; x_wconf 77' lang='grc' dir='ltr'><strong>ι</strong></span> 
     </span>
     <span class='ocr_line' id='line_1_40' title="bbox 183 3801 1364 3863; baseline 0.001 -16"><span class='ocrx_word' id='word_1_336' title='bbox 183 3804 245 3861; x_wconf 77' lang='lat' dir='ltr'><strong>Bag.</strong></span> <span class='ocrx_word' id='word_1_337' title='bbox 264 3801 331 3847; x_wconf 85' lang='lat' dir='ltr'><strong>Leid.</strong></span> <span class='ocrx_word' id='word_1_338' title='bbox 345 3825 380 3837; x_wconf 92' lang='lat'><em>-</em></span> <span class='ocrx_word' id='word_1_339' title='bbox 392 3802 455 3862; x_wconf 73' lang='lat' dir='ltr'><strong>deon]</strong></span> <span class='ocrx_word' id='word_1_340' title='bbox 474 3804 536 3848; x_wconf 78' lang='lat' dir='ltr'><strong>haee</strong></span> <span class='ocrx_word' id='word_1_341' title='bbox 553 3802 627 3848; x_wconf 80' lang='lat' dir='ltr'><strong>lertio</strong></span> <span class='ocrx_word' id='word_1_342' title='bbox 645 3804 723 3848; x_wconf 82' lang='lat' dir='ltr'><strong>Codd.</strong></span> <span class='ocrx_word' id='word_1_343' title='bbox 747 3802 895 3847; x_wconf 82' lang='lat' dir='ltr'><strong>deteriorum</strong></span> <span class='ocrx_word' id='word_1_344' title='bbox 912 3803 970 3847; x_wconf 85' lang='lat' dir='ltr'><strong>satis</strong></span> <span class='ocrx_word' id='word_1_345' title='bbox 988 3806 1097 3850; x_wconf 84' lang='lat' dir='ltr'><strong>firmatur</strong></span> <span class='ocrx_word' id='word_1_346' title='bbox 1114 3805 1186 3863; x_wconf 78' lang='lat' dir='ltr'><strong>Regii</strong></span> <span class='ocrx_word' id='word_1_347' title='bbox 1204 3805 1364 3861; x_wconf 78' lang='lat' dir='ltr'><strong>corruptela:</strong></span> 
     </span>
     <span class='ocr_line' id='line_1_41' title="bbox 183 3883 1153 3942; baseline 0.001 -13"><span class='ocrx_word' id='word_1_348' title='bbox 183 3886 258 3938; x_wconf 82' lang='lat' dir='ltr'><strong>idem,</strong></span> <span class='ocrx_word' id='word_1_349' title='bbox 277 3883 382 3942; x_wconf 86' lang='lat' dir='ltr'><strong>quaein</strong></span> <span class='ocrx_word' id='word_1_350' title='bbox 400 3885 486 3930; x_wconf 81' lang='lat' dir='ltr'><strong>ceteris</strong></span> <span class='ocrx_word' id='word_1_351' title='bbox 504 3884 655 3941; x_wconf 78' lang='lat' dir='ltr'><strong>melioribus,</strong></span> <span class='ocrx_word' id='word_1_352' title='bbox 673 3884 749 3930; x_wconf 80' lang='lat' dir='ltr'><strong>etium</strong></span> <span class='ocrx_word' id='word_1_353' title='bbox 765 3884 837 3929; x_wconf 83' lang='lat' dir='ltr'><strong>Leid.</strong></span> <span class='ocrx_word' id='word_1_354' title='bbox 854 3890 965 3929; x_wconf 82' lang='lat' dir='ltr'><strong>correcta</strong></span> <span class='ocrx_word' id='word_1_355' title='bbox 984 3890 1019 3929; x_wconf 84' lang='lat' dir='ltr'><strong>est</strong></span> <span class='ocrx_word' id='word_1_356' title='bbox 1037 3899 1061 3931; x_wconf 82' lang='lat' dir='ltr'><strong>v.</strong></span> <span class='ocrx_word' id='word_1_357' title='bbox 1078 3888 1110 3929; x_wconf 80' lang='lat' dir='ltr'><strong>sit</strong></span> <span class='ocrx_word' id='word_1_358' title='bbox 1125 3886 1153 3930; x_wconf 87' lang='lat' dir='ltr'><strong>Z.</strong></span> 
     </span>
    </p>
   </div>
   <div class='ocr_carea' id='block_1_7' title="bbox 95 3987 1417 4296">
    <p class='ocr_par' dir='ltr' id='par_1_9' title="bbox 182 3987 1417 4133">
     <span class='ocr_line' id='line_1_42' title="bbox 192 3987 1417 4052; baseline 0.002 -18"><span class='ocrx_word' id='word_1_359' title='bbox 192 4025 194 4034; x_wconf 76' lang='grc'>,</span> <span class='ocrx_word' id='word_1_360' title='bbox 250 3988 320 4050; x_wconf 66' lang='lat' dir='ltr'><strong>§2st</strong></span> <span class='ocrx_word' id='word_1_361' title='bbox 339 3988 508 4052; x_wconf 80' lang='lat' dir='ltr'><strong>innumerum]</strong></span> <span class='ocrx_word' id='word_1_362' title='bbox 533 3991 574 4036; x_wconf 82' lang='lat' dir='ltr'><strong>Ex</strong></span> <span class='ocrx_word' id='word_1_363' title='bbox 597 3989 671 4036; x_wconf 87' lang='lat' dir='ltr'><strong>animi</strong></span> <span class='ocrx_word' id='word_1_364' title='bbox 694 3989 730 4034; x_wconf 87' lang='lat' dir='ltr'><strong>tui</strong></span> <span class='ocrx_word' id='word_1_365' title='bbox 748 3987 875 4033; x_wconf 84' lang='lat' dir='ltr'><strong>sententia.</strong></span> <span class='ocrx_word' id='word_1_366' title='bbox 910 3990 1034 4047; x_wconf 85' lang='lat' dir='ltr'><strong>Sumptum</strong></span> <span class='ocrx_word' id='word_1_367' title='bbox 1061 3991 1092 4035; x_wconf 86' lang='lat' dir='ltr'><strong>ab</strong></span> <span class='ocrx_word' id='word_1_368' title='bbox 1118 3989 1289 4046; x_wconf 80' lang='lat' dir='ltr'><strong>histrionibus,</strong></span> <span class='ocrx_word' id='word_1_369' title='bbox 1321 4001 1378 4036; x_wconf 53' lang='lat' dir='ltr'><strong>nus</strong></span> <span class='ocrx_word' id='word_1_370' title='bbox 1416 3993 1417 4016; x_wconf 63' lang='lat'>¹</span> 
     </span>
     <span class='ocr_line' id='line_1_43' title="bbox 182 4067 1365 4133; baseline 0.003 -19"><span class='ocrx_word' id='word_1_371' title='bbox 182 4083 273 4114; x_wconf 82' lang='lat' dir='ltr'><strong>morum</strong></span> <span class='ocrx_word' id='word_1_372' title='bbox 286 4068 366 4127; x_wconf 79' lang='lat' dir='ltr'><strong>(Turi)</strong></span> <span class='ocrx_word' id='word_1_373' title='bbox 379 4070 402 4117; x_wconf 87' lang='lat' dir='ltr'><strong>in</strong></span> <span class='ocrx_word' id='word_1_374' title='bbox 414 4076 482 4117; x_wconf 84' lang='lat' dir='ltr'><strong>motu</strong></span> <span class='ocrx_word' id='word_1_375' title='bbox 494 4069 652 4117; x_wconf 80' lang='lat' dir='ltr'><strong>servantibus.</strong></span> <span class='ocrx_word' id='word_1_376' title='bbox 671 4069 742 4113; x_wconf 73' lang='lat' dir='ltr'><strong>Mm.</strong></span> <span class='ocrx_word' id='word_1_377' title='bbox 750 4094 782 4104; x_wconf 91' lang='lat'>—</span> <span class='ocrx_word' id='word_1_378' title='bbox 790 4067 951 4128; x_wconf 76' lang='lat' dir='ltr'><strong>commodasti]</strong></span> <span class='ocrx_word' id='word_1_379' title='bbox 965 4070 1082 4133; x_wconf 79' lang='lat' dir='ltr'><strong>beneficio</strong></span> <span class='ocrx_word' id='word_1_380' title='bbox 1097 4086 1140 4116; x_wconf 89' lang='lat' dir='ltr'><strong>eos</strong></span> <span class='ocrx_word' id='word_1_381' title='bbox 1152 4071 1264 4117; x_wconf 77' lang='lat' dir='ltr'><strong>affecisti.</strong></span> <span class='ocrx_word' id='word_1_382' title='bbox 1274 4071 1317 4117; x_wconf 82' lang='lat' dir='ltr'><strong>In.</strong></span> <span class='ocrx_word' id='word_1_383' title='bbox 1330 4097 1365 4110; x_wconf 81' lang='lat'><strong>.-</strong></span> 
     </span>
    </p>

    <p class='ocr_par' dir='ltr' id='par_1_10' title="bbox 95 4142 1361 4296">
     <span class='ocr_line' id='line_1_44' title="bbox 95 4142 1361 4211; baseline 0 -16"><span class='ocrx_word' id='word_1_384' title='bbox 95 4158 96 4161; x_wconf 76' lang='grc'>’</span> <span class='ocrx_word' id='word_1_385' title='bbox 182 4153 243 4209; x_wconf 79' lang='lat' dir='ltr'><strong>quod</strong></span> <span class='ocrx_word' id='word_1_386' title='bbox 260 4151 296 4196; x_wconf 87' lang='lat' dir='ltr'><strong>bis</strong></span> <span class='ocrx_word' id='word_1_387' title='bbox 313 4159 349 4197; x_wconf 86' lang='lat' dir='ltr'><strong>est</strong></span> <span class='ocrx_word' id='word_1_388' title='bbox 366 4156 486 4208; x_wconf 82' lang='lat' dir='ltr'><strong>quotenus,</strong></span> <span class='ocrx_word' id='word_1_389' title='bbox 505 4153 529 4194; x_wconf 82' lang='lat' dir='ltr'><strong>r&#39;n</strong></span> <span class='ocrx_word' id='word_1_390' title='bbox 547 4157 670 4208; x_wconf 84' lang='lat' dir='ltr'><strong>quantum,</strong></span> <span class='ocrx_word' id='word_1_391' title='bbox 689 4150 713 4193; x_wconf 84' lang='grc' dir='ltr'><strong>ιἰι</strong></span> <span class='ocrx_word' id='word_1_392' title='bbox 731 4151 772 4193; x_wconf 72' lang='lat' dir='ltr'><strong>wie</strong></span> <span class='ocrx_word' id='word_1_393' title='bbox 784 4148 850 4206; x_wconf 77' lang='lat' dir='ltr'><strong>forn.</strong></span> <span class='ocrx_word' id='word_1_394' title='bbox 869 4149 929 4206; x_wconf 79' lang='lat' dir='ltr'><strong>quod</strong></span> <span class='ocrx_word' id='word_1_395' title='bbox 947 4150 1022 4205; x_wconf 79' lang='lat' dir='ltr'><strong>ipsum</strong></span> <span class='ocrx_word' id='word_1_396' title='bbox 1039 4149 1056 4195; x_wconf 90' lang='lat' dir='ltr'><strong>i.</strong></span> <span class='ocrx_word' id='word_1_397' title='bbox 1071 4142 1092 4195; x_wconf 76' lang='lat' dir='ltr'><strong>o.</strong></span> <span class='ocrx_word' id='word_1_398' title='bbox 1110 4151 1268 4205; x_wconf 82' lang='lat' dir='ltr'><strong>frumentum,</strong></span> <span class='ocrx_word' id='word_1_399' title='bbox 1289 4154 1361 4211; x_wconf 86' lang='lat' dir='ltr'><strong>qnod</strong></span> 
     </span>
     <span class='ocr_line' id='line_1_45' title="bbox 182 4229 542 4296; baseline 0.003 -23"><span class='ocrx_word' id='word_1_400' title='bbox 182 4232 241 4277; x_wconf 84' lang='lat' dir='ltr'><strong>dure</strong></span> <span class='ocrx_word' id='word_1_401' title='bbox 258 4232 377 4296; x_wconf 81' lang='lat' dir='ltr'><strong>debebant</strong></span> <span class='ocrx_word' id='word_1_402' title='bbox 394 4229 542 4276; x_wconf 86' lang='lat' dir='ltr'><strong>Mamertini.</strong></span> 
     </span>
    </p>
   </div>
   <div class='ocr_carea' id='block_1_8' title="bbox 0 0 1430 4759">
    <p class='ocr_par' dir='ltr' id='par_1_11' title="bbox 0 0 1430 4759">
     <span class='ocr_line' id='line_1_46' title="bbox 0 0 1430 4759; baseline 0 3"><span class='ocrx_word' id='word_1_403' title='bbox 0 0 1430 4759; x_wconf 95' lang='lat' dir='ltr'><strong> </strong></span> 
     </span>
    </p>
   </div>
  </div>
 </body>
</html>
