2850 4759
192 267 360 337 ORATIO
380 268 468 336 PRO
494 267 614 338 LEGE
633 270 1000 349 alaN1L1a‚o.aer
1022 274 1051 343 3.
1101 314 1106 323 -
1152 275 1209 337 las
1277 304 1282 313 ·

49 424 162 495 derate.
207 425 359 493 Primum
387 424 467 492 mitri
501 428 635 493 ridetur
660 426 702 492 dc
727 447 852 506 genere
884 426 979 504 betti,
1014 427 1135 494 deiude
1168 428 1210 497 dc

50 524 279 603 magnitudine,
306 538 376 593 tum
403 525 443 590 de
472 528 679 607 imperatore
706 526 886 605 deligendo
911 549 987 594 esse
1015 527 1209 593 dicendum.
1299 576 1303 581 -

47 627 150 693 Genus
169 639 222 695 est
239 628 327 693 enim
348 625 425 691 belii
441 629 628 702 eiusmodi,
651 626 741 709 quod
762 631 910 695 maxime
928 641 1060 695 vestros
1078 630 1210 695 animos

47 727 184 792 excitare
213 739 317 809 atque
340 727 552 795 inflammare
577 727 618 792 ad
646 728 872 808 persequendi
894 728 1045 795 studium
1072 727 1212 806 debeam

47 828 152 907 inquo
174 822 286 907 a'gitur
307 826 424 909 populi
446 829 589 895 Romani
611 827 740 907 gioria,
775 849 861 909 quac
878 830 974 895 robis
992 849 1010 893 a
1025 829 1215 895 >maioribus

49 946 115 991 cum
140 949 267 1007 magna
294 930 327 994 iu
358 929 514 995 ornnibus
540 929 658 1005 rebus,
690 942 763 996 tuni
791 951 927 997 summa
955 935 988 995 in
1013 950 1050 995 re
1076 929 1212 995 militari

52 1026 159 1093 tradita
182 1040 257 1106 cst3
277 1030 389 1108 agitur
409 1028 503 1096 salus
521 1031 695 1096 sociorum
716 1041 817 1111 atquc
834 1031 1041 1105 arideorum,
1065 1052 1127 1111 pro
1149 1053 1214 1111 qua

51 1129 140 1193 muita
160 1130 309 1194 maiores
332 1129 434 1193 vestri
455 1150 578 1207 magna
597 1142 631 1195 et
649 1131 766 1208 gravia
786 1129 870 1195 bciia
888 1142 1086 1208 gesserunt3
1107 1151 1215 1208 agun-

52 1239 98 1291 tur
120 1229 308 1297 certissima
327 1227 444 1309 populi
472 1230 616 1297 Romani
642 1229 819 1309 vectigalia
845 1242 879 1295 et
903 1231 1072 1309 manirera,
1094 1231 1214 1310 quibus

50 1328 167 1394 amissis
188 1340 223 1393 et
244 1328 337 1408 pacis
356 1341 555 1394 ornamenta
577 1342 611 1395 ct
629 1329 780 1397 subsidia
799 1330 876 1395 belii
892 1332 1090 1410 requiretis,
1111 1352 1216 1408 agun-

50 1438 97 1490 tur
118 1428 201 1495 bona
227 1427 417 1495 multorum
444 1431 589 1507 civium,
611 1430 733 1512 quibus
758 1441 810 1496 est
838 1450 859 1496 a
882 1431 978 1496 vobis
1003 1442 1037 1495 et
1060 1430 1214 1511 ipsorum

51 1538 79 1591 et
104 1529 148 1592 rei
180 1528 338 1610 publicae
368 1550 472 1596 causa
502 1529 764 1596 consulendum.

116 1630 176 1693 lli.
219 1630 267 1695 Et
284 1631 442 1711 qnoniam
464 1649 601 1711 semper
612 1643 815 1712 appetentes
831 1630 960 1712 gloriae
978 1643 1111 1711 praeter
1126 1643 1216 1696 cete·
1239 1628 1258 1688 7

51 1747 96 1794 ras
113 1740 229 1808 gentes
244 1742 345 1812 atque
364 1729 452 1796 avidi
468 1728 578 1797 laudis
594 1732 724 1808 fuistis,
744 1730 887 1798 delenda
904 1733 998 1798 robis
1014 1743 1065 1798 est
1077 1732 1134 1799 itta
1147 1752 1218 1796 ma·

52 1827 116 1894 cuia
130 1828 365 1895 Mitiu·idatico
383 1828 471 1895 betto
487 1831 665 1911 superiore
679 1844 860 1912 suscepta:
892 1853 977 1913 quae
994 1832 1128 1910 penitus
1152 1833 1217 1897 ianr

52 1928 159 1995 insedit
172 1950 212 1996 ac·
228 1929 329 1996 nimis
345 1928 548 1994 inveteravit
563 1931 596 1995 in
612 1929 729 2010 popuii
740 1933 883 1997 Romani
896 1932 1049 1997 nomine:
1070 1930 1161 2011 quod
1178 1932 1217 2005 is,

53 2030 98 2107 qui
111 2037 174 2097 tirio
192 2030 266 2107 die,
289 2030 361 2095 toia
375 2029 455 2095 Asia
462 2075 470 2105 ,
487 2040 539 2095 tot
551 2031 584 2096 iu
601 2030 806 2106 civitatibus,
822 2053 889 2096 uno
902 2032 1020 2096 nuntio
1036 2041 1138 2110 atque
1152 2052 1219 2094 urm

53 2129 283 2207 significatione
295 2128 485 2197 litterarum
499 2131 593 2196 cives
608 2132 781 2196 Romanos
797 2128 967 2196 necandos
984 2124 1221 2195 trucidandos·

55 2250 108 2307 que
127 2230 316 2302 denotavit.
339 2252 408 2295 non
428 2228 532 2296 modo
554 2229 666 2294 adhuc
686 2248 833 2309 poenam
850 2227 978 2294 nullam
1002 2248 1065 2293 suo
1082 2228 1219 2306 dignam

54 2328 165 2396 sceiere
179 2330 350 2410 suscepit,
366 2328 426 2394 sed
442 2327 554 2395 abillo
572 2340 726 2408 temporo
742 2349 867 2392 annum
885 2328 950 2390 iarn
962 2332 1104 2395 ¹tertium
1121 2338 1155 2391 ct
1171 2327 1219 2390 vi·

56 2429 202 2495 cesimum
221 2441 361 2508 regnac,
378 2440 412 2493 et
429 2431 477 2493 ita
494 2440 632 2506 regnat,
649 2439 687 2492 ut
704 2450 741 2495 sc
758 2450 826 2494 non
844 2428 951 2493 Ponto
967 2447 1074 2506 neque
1091 2427 1222 2507 Cappa·

56 2526 157 2596 dociae
180 2530 322 2598 latebris
349 2527 522 2594 occultare
546 2527 640 2604 velit,
664 2527 724 2593 sed
749 2547 925 2606 emergere
947 2527 1091 2607 epatrio
1113 2547 1220 2606 reguo

56 2643 141 2712 atque
167 2634 199 2698 in
231 2632 355 2698 vestris
388 2618 629 2707 vectigalibus,
662 2629 822 2703 honest,
858 2629 890 2692 in
915 2629 1017 2693 Asiae
1042 2625 1117 2692 lnce
1146 2649 1222 2692 rcr-

56 2734 122 2797 sari.
150 2732 297 2798 Etenim
325 2728 438 2796 adhuc
462 2730 507 2795 ita
536 2728 646 2797 nostri
667 2750 746 2794 curn
774 2728 832 2795 iiio
862 2748 943 2808 rcge
974 2716 1263 2795 corriendcruntss

56 2866 272 2882 Μαι-

111 2947 121 3007 0
141 2949 163 2994 7.
187 2950 250 2994 delio
268 2949 431 2993 Mithridatico
455 2946 484 2993 Ρ.
502 2973 535 2988 -
559 2948 653 2994 Firmnt
669 2948 775 3004 'suscepta
793 2947 821 2992 P.
841 2952 948 3003 concepta
967 2947 995 2991 E.
1013 2945 1123 3004 Madvig.
1143 2972 1173 2983 -
1196 2960 1223 2990 nc

58 3027 124 3088 rimu]
141 3031 170 3076 E.
187 3035 256 3090 nique
268 3030 328 3091 (Ρ.)
341 3030 398 3077 Ero.
407 3054 440 3067 -
449 3032 511 3088 quod
523 3033 563 3088 qarr'
579 3031 607 3074 P.
617 3054 651 3065 -
664 3033 712 3077 tota
726 3031 750 3071 in
761 3028 820 3073 Asia
834 3029 862 3072 E.
875 3033 936 3086 (noo
948 3025 989 3084 Ρ.)
998 3051 1031 3062 -
1042 3029 1103 3083 sign.
1116 3025 1173 3084 litt]
1193 3027 1222 3071 E.
1320 3020 1323 3027 '

56 3109 95 3154 titt.
109 3114 167 3170 rign.
184 3110 250 3175 (Ρ.)
266 3114 324 3157 Ειιι.
337 3107 520 3172 -deuotarit].
556 3111 645 3155 Mirum
663 3110 687 3154 in
706 3111 804 3154 modum
822 3110 871 3154 duo
888 3110 963 3168 gloss.
982 3107 1078 3153 diversa
1090 3108 1181 3154 habeut
1194 3109 1223 3154 Ρ.

60 3196 79 3233 et
93 3193 133 3246 us
149 3196 191 3242 itte
208 3197 344 3251 mandarit,
362 3194 401 3239 iric
419 3196 516 3238 errarit.
532 3217 565 3228 -
585 3193 659 3235 Ponti
677 3192 704 3236 B.
724 3204 772 3235 non
790 3191 819 3235 Ρ.

114 3282 124 3343 i
143 3285 166 3330 S.
186 3289 263 3332 raostrr'
281 3285 342 3346 cum]
360 3285 390 3331 Ε.
410 3284 549 3328 restrictam
566 3280 595 3326 P.
614 3281 671 3329 Era.
691 3307 727 3320 -
743 3294 792 3328 orn.
812 3283 857 3324 oiri
874 3282 902 3327 Ρ.

62 3398 275 3423 m

116 3482 166 3542 07.
186 3488 350 3531 Mithridatico
368 3488 428 3532 ictio
445 3487 576 3548 superlore]
606 3489 678 3541 Quod
702 3487 862 3537 imtauratum
885 3493 921 3532 est
945 3501 969 3531 a.
987 3500 1011 3531 ιι.
1029 3500 1050 3531 c.
1070 3487 1128 3532 606.
1163 3487 1226 3532 Nam

61 3559 121 3609 initio
139 3566 189 3612 eius
206 3568 265 3614 belii
284 3569 312 3620 Q.
326 3567 435 3627 Oppium
452 3582 500 3626 pro
518 3575 658 3627 praetorem
677 3570 743 3628 cepit
760 3576 785 3614 et
803 3569 826 3614 in
845 3569 941 3614 vincula
958 3567 1074 3620 conieci13
1093 3567 1135 3611 Μ’.
1150 3569 1227 3628 Aqui·

63 3641 111 3688 tium
127 3649 195 3695 asino
214 3649 356 3695 insidentem
374 3650 522 3708 Pergamum
545 3664 619 3709 usque
637 3649 724 3695 deduci
743 3649 810 3693 iussit
828 3648 910 3707 ibique
928 3647 951 3692 ei
968 3660 1053 3690 aurum
1070 3646 1228 3704 liquefactum

62 3722 82 3767 in
97 3741 123 3773 us
139 3730 231 3779 infundi
250 3731 331 3786 iussit3
350 3732 484 3789 praefectis
500 3731 587 3776 deiude
601 3730 677 3775 Arius
694 3729 811 3775 universis
828 3727 967 3783 mandevit,
985 3735 1011 3772 ut
1028 3726 1093 3771 intra
1106 3727 1169 3771 diem
1187 3728 1229 3771 tri-

62 3804 164 3857 gesimum
182 3809 308 3855 Romanos
333 3818 358 3856 et
375 3811 455 3856 italos
473 3823 556 3855 omues
573 3813 606 3855 ad
624 3825 696 3856 unum
720 3811 785 3856 ricus
803 3809 914 3854 mutieres
933 3822 1037 3865 pueros,
1067 3808 1151 3868 quiin
1168 3808 1230 3852 Asin

64 3895 143 3944 eueni,
160 3890 310 3937 trucidarent
328 3897 352 3936 et
370 3897 472 3936 necatos
489 3905 519 3936 ne
537 3891 683 3948 sepelirent,
701 3893 744 3936 sed
767 3905 851 3937 eorum
875 3903 984 3946 corpore
1006 3887 1064 3933 feris
1087 3889 1229 3933 obiicerem.

64 3964 160 4025 Appiam
178 3973 288 4018 Mithrid.
306 3974 339 4017 2⁰
357 3987 424 4033 seqq.
472 3972 563 4018 Occisa
581 3972 670 4018 civium
690 3973 739 4016 uo.
760 3971 868 4017 150000.
883 3969 957 4014 -ΡΙιιῑ,
976 3970 1043 4013 Sulla
1058 3970 1099 4013 24.
1125 3969 1175 4014 Dio
1186 3970 1230 4023 34,

68 4045 115 4093 ¹36·
131 4054 168 4097 rei
186 4054 280 4098 80000.
298 4054 423 4099 Memnon.
436 4054 475 4098 11.
492 4053 549 4098 Vel.
569 4054 639 4098 Max.
651 4054 681 4109 9,
699 4052 730 4105 2,
743 4049 767 4094 3.
785 4048 888 4093 Horou.

123 4139 173 4198 58.
192 4144 219 4187 L.
234 4145 300 4188 Sulla
322 4150 346 4188 ut
366 4144 393 4188 Ι..
409 4144 512 4189 Murena
535 4143 713 4201 triumpharunt
733 4142 764 4185 de
785 4139 868 4184 utitur.
886 4153 910 4182 a.
931 4151 954 4182 n.
976 4151 997 4182 c.
1015 4134 1121 4180 sis...
1136 4147 1173 4177 res
1185 4146 1231 4188 pr·

67 4213 131 4282 Mira]
149 4202 267 4282 oppressa
285 4225 337 4270 scit.
357 4240 372 4268 a
391 4224 472 4271 Mario
492 4232 515 4270 et
534 4224 612 4270 Cinna
629 4231 653 4269 et
672 4223 786 4269 Carbone
804 4236 827 4267 a.
845 4235 869 4266 u.
888 4235 909 4266 e.
927 4219 985 4265 61⁰.
