<?xml version="1.0" encoding="UTF-8"?>
<!DOCTYPE html PUBLIC "-//W3C//DTD XHTML 1.0 Transitional//EN"
    "http://www.w3.org/TR/xhtml1/DTD/xhtml1-transitional.dtd">
<html xmlns="http://www.w3.org/1999/xhtml" xml:lang="en" lang="en">
 <head>
  <title>
</title>
<meta http-equiv="Content-Type" content="text/html;charset=utf-8" />
  <meta name='ocr-system' content='tesseract 3.04.00' />
  <meta name='ocr-capabilities' content='ocr_page ocr_carea ocr_par ocr_line ocrx_word'/>
</head>
<body>
  <div class='ocr_page' id='page_1' title='image "./mtulliiciceroni00orelgoog_0158.png"; bbox 0 0 2850 4759; ppageno 0'>
   <div class='ocr_carea' id='block_1_1' title="bbox 138 264 881 341">
    <p class='ocr_par' dir='ltr' id='par_1_1' title="bbox 138 264 881 341">
     <span class='ocr_line' id='line_1_1' title="bbox 138 264 881 341; baseline -0.004 0"><span class='ocrx_word' id='word_1_1' title='bbox 138 278 143 283; x_wconf 84' lang='lat'>&#39;</span> <span class='ocrx_word' id='word_1_2' title='bbox 166 271 227 341; x_wconf 80' lang='lat' dir='ltr'><strong>tas</strong></span> <span class='ocrx_word' id='word_1_3' title='bbox 386 306 390 315; x_wconf 92' lang='lat'><em>·</em></span> <span class='ocrx_word' id='word_1_4' title='bbox 642 264 881 341; x_wconf 73' lang='lat' dir='ltr'><strong>ctcnttouts</strong></span> 
     </span>
    </p>
   </div>
   <div class='ocr_carea' id='block_1_2' title="bbox 116 427 1374 2436">
    <p class='ocr_par' dir='ltr' id='par_1_2' title="bbox 116 427 1374 2436">
     <span class='ocr_line' id='line_1_2' title="bbox 167 427 1362 513; baseline -0.003 -13"><span class='ocrx_word' id='word_1_5' title='bbox 167 453 281 513; x_wconf 79' lang='lat' dir='ltr'><strong>mum,</strong></span> <span class='ocrx_word' id='word_1_6' title='bbox 303 429 530 508; x_wconf 81' lang='lat' dir='ltr'><strong>nobilissimas</strong></span> <span class='ocrx_word' id='word_1_7' title='bbox 548 431 670 505; x_wconf 85' lang='lat' dir='ltr'><strong>urbes,</strong></span> <span class='ocrx_word' id='word_1_8' title='bbox 691 428 1022 511; x_wconf 80' lang='lat' dir='ltr'>innumerabilesque</span> <span class='ocrx_word' id='word_1_9' title='bbox 1039 427 1122 496; x_wconf 84' lang='lat' dir='ltr'><strong>alias</strong></span> <span class='ocrx_word' id='word_1_10' title='bbox 1142 437 1260 510; x_wconf 83' lang='lat' dir='ltr'><strong>captas</strong></span> <span class='ocrx_word' id='word_1_11' title='bbox 1279 447 1362 496; x_wconf 86' lang='lat' dir='ltr'><strong>esse</strong></span> 
     </span>
     <span class='ocr_line' id='line_1_3' title="bbox 168 530 1357 614; baseline -0.005 -13"><span class='ocrx_word' id='word_1_12' title='bbox 168 553 457 610; x_wconf 69' lang='lat' dir='ltr'><strong>commemorem,</strong></span> <span class='ocrx_word' id='word_1_13' title='bbox 477 554 557 599; x_wconf 89' lang='lat' dir='ltr'><strong>cum</strong></span> <span class='ocrx_word' id='word_1_14' title='bbox 574 544 708 601; x_wconf 86' lang='lat' dir='ltr'><strong>vestros</strong></span> <span class='ocrx_word' id='word_1_15' title='bbox 726 544 866 614; x_wconf 84' lang='lat' dir='ltr'><strong>portus,</strong></span> <span class='ocrx_word' id='word_1_16' title='bbox 887 542 989 613; x_wconf 86' lang='lat' dir='ltr'><strong>atque</strong></span> <span class='ocrx_word' id='word_1_17' title='bbox 1007 551 1066 597; x_wconf 89' lang='lat' dir='ltr'><strong>eos</strong></span> <span class='ocrx_word' id='word_1_18' title='bbox 1086 542 1217 610; x_wconf 56' lang='lat' dir='ltr'><strong>portus&lt;</strong></span> <span class='ocrx_word' id='word_1_19' title='bbox 1229 530 1357 611; x_wconf 82' lang='lat' dir='ltr'><strong>quibus</strong></span> 
     </span>
     <span class='ocr_line' id='line_1_4' title="bbox 125 633 1360 717; baseline -0.002 -16"><span class='ocrx_word' id='word_1_20' title='bbox 125 660 132 664; x_wconf 52' lang='lat'><em>⁷</em></span> <span class='ocrx_word' id='word_1_21' title='bbox 169 636 274 702; x_wconf 80' lang='lat' dir='ltr'><strong>vitam</strong></span> <span class='ocrx_word' id='word_1_22' title='bbox 305 646 339 702; x_wconf 90' lang='lat' dir='ltr'><strong>et</strong></span> <span class='ocrx_word' id='word_1_23' title='bbox 367 636 525 717; x_wconf 87' lang='lat' dir='ltr'><strong>spiritum</strong></span> <span class='ocrx_word' id='word_1_24' title='bbox 556 634 707 709; x_wconf 85' lang='lat' dir='ltr'><strong>ducitis,</strong></span> <span class='ocrx_word' id='word_1_25' title='bbox 738 633 772 699; x_wconf 88' lang='lat' dir='ltr'><strong>iu</strong></span> <span class='ocrx_word' id='word_1_26' title='bbox 804 633 1015 715; x_wconf 85' lang='lat' dir='ltr'><strong>praedonum</strong></span> <span class='ocrx_word' id='word_1_27' title='bbox 1044 633 1151 701; x_wconf 82' lang='lat' dir='ltr'><strong>luisse</strong></span> <span class='ocrx_word' id='word_1_28' title='bbox 1182 643 1360 713; x_wconf 81' lang='lat' dir='ltr'><strong>potestate</strong></span> 
     </span>
     <span class='ocr_line' id='line_1_5' title="bbox 169 732 1358 815; baseline -0.005 -10"><span class='ocrx_word' id='word_1_29' title='bbox 169 736 315 805; x_wconf 65' lang='lat' dir='ltr'><strong>sciatis?</strong></span> <span class='ocrx_word' id='word_1_30' title='bbox 336 738 390 802; x_wconf 80' lang='lat' dir='ltr'><strong>An</strong></span> <span class='ocrx_word' id='word_1_31' title='bbox 415 755 497 801; x_wconf 81' lang='lat' dir='ltr'><strong>veno</strong></span> <span class='ocrx_word' id='word_1_32' title='bbox 518 736 682 813; x_wconf 80' lang='lat' dir='ltr'><strong>ignoratis</strong></span> <span class='ocrx_word' id='word_1_33' title='bbox 707 748 845 815; x_wconf 85' lang='lat' dir='ltr'><strong>portum</strong></span> <span class='ocrx_word' id='word_1_34' title='bbox 869 732 1005 801; x_wconf 79' lang='lat' dir='ltr'><strong>Caietae</strong></span> <span class='ocrx_word' id='word_1_35' title='bbox 1027 732 1292 799; x_wconf 87' lang='lat' dir='ltr'><strong>celeberrimum</strong></span> <span class='ocrx_word' id='word_1_36' title='bbox 1314 753 1358 799; x_wconf 84' lang='lat' dir='ltr'><strong>ac</strong></span> 
     </span>
     <span class='ocr_line' id='line_1_6' title="bbox 169 834 1361 921; baseline -0.005 -19"><span class='ocrx_word' id='word_1_37' title='bbox 169 834 406 921; x_wconf 78' lang='lat' dir='ltr'><strong>plenissimum</strong></span> <span class='ocrx_word' id='word_1_38' title='bbox 422 837 560 905; x_wconf 86' lang='lat' dir='ltr'><strong>navium</strong></span> <span class='ocrx_word' id='word_1_39' title='bbox 580 838 792 918; x_wconf 69' lang='lat' dir='ltr'>inspectante</span> <span class='ocrx_word' id='word_1_40' title='bbox 809 843 966 917; x_wconf 85' lang='lat' dir='ltr'><strong>praetore</strong></span> <span class='ocrx_word' id='word_1_41' title='bbox 985 856 1005 900; x_wconf 89' lang='lat' dir='ltr'><strong>a</strong></span> <span class='ocrx_word' id='word_1_42' title='bbox 1026 834 1254 915; x_wconf 76' lang='lat' dir='ltr'><strong>praedonibus</strong></span> <span class='ocrx_word' id='word_1_43' title='bbox 1278 852 1361 898; x_wconf 87' lang='lat' dir='ltr'><strong>esse</strong></span> 
     </span>
     <span class='ocr_line' id='line_1_7' title="bbox 171 935 1361 1019; baseline -0.004 -11"><span class='ocrx_word' id='word_1_44' title='bbox 171 936 371 1019; x_wconf 68' lang='lat' dir='ltr'><strong>direptum?</strong></span> <span class='ocrx_word' id='word_1_45' title='bbox 402 959 446 1003; x_wconf 83' lang='lat' dir='ltr'><strong>ex</strong></span> <span class='ocrx_word' id='word_1_46' title='bbox 470 939 606 1009; x_wconf 87' lang='lat' dir='ltr'><strong>Miseno</strong></span> <span class='ocrx_word' id='word_1_47' title='bbox 641 948 756 1005; x_wconf 89' lang='lat' dir='ltr'><strong>antem</strong></span> <span class='ocrx_word' id='word_1_48' title='bbox 784 938 857 1003; x_wconf 89' lang='lat' dir='ltr'><strong>eius</strong></span> <span class='ocrx_word' id='word_1_49' title='bbox 886 937 991 1017; x_wconf 86' lang='lat' dir='ltr'><strong>ipsius</strong></span> <span class='ocrx_word' id='word_1_50' title='bbox 1016 936 1158 1012; x_wconf 78' lang='lat' dir='ltr'><strong>liberos,</strong></span> <span class='ocrx_word' id='word_1_51' title='bbox 1188 935 1245 1015; x_wconf 81' lang='lat' dir='ltr'><strong>qui</strong></span> <span class='ocrx_word' id='word_1_52' title='bbox 1276 936 1361 1003; x_wconf 84' lang='lat' dir='ltr'><strong>o&#39;um</strong></span> 
     </span>
     <span class='ocr_line' id='line_1_8' title="bbox 171 1036 1362 1121; baseline -0.005 -16"><span class='ocrx_word' id='word_1_53' title='bbox 171 1038 402 1121; x_wconf 82' lang='lat' dir='ltr'><strong>praedonibus</strong></span> <span class='ocrx_word' id='word_1_54' title='bbox 431 1051 529 1106; x_wconf 85' lang='lat' dir='ltr'><strong>antea</strong></span> <span class='ocrx_word' id='word_1_55' title='bbox 554 1040 598 1105; x_wconf 88' lang='lat' dir='ltr'><strong>ibi</strong></span> <span class='ocrx_word' id='word_1_56' title='bbox 623 1037 749 1107; x_wconf 84' lang='lat' dir='ltr'><strong>bellurn</strong></span> <span class='ocrx_word' id='word_1_57' title='bbox 772 1050 940 1117; x_wconf 81' lang='lat' dir='ltr'><strong>gesserat,</strong></span> <span class='ocrx_word' id='word_1_58' title='bbox 977 1057 996 1102; x_wconf 85' lang='lat' dir='ltr'><strong>a</strong></span> <span class='ocrx_word' id='word_1_59' title='bbox 1022 1036 1252 1117; x_wconf 85' lang='lat' dir='ltr'><strong>praedonibus</strong></span> <span class='ocrx_word' id='word_1_60' title='bbox 1280 1055 1362 1102; x_wconf 85' lang='lat' dir='ltr'><strong>esse</strong></span> 
     </span>
     <span class='ocr_line' id='line_1_9' title="bbox 172 1135 1363 1222; baseline -0.005 -15"><span class='ocrx_word' id='word_1_61' title='bbox 172 1138 353 1207; x_wconf 61' lang='lat' dir='ltr'><strong>sublatos?</strong></span> <span class='ocrx_word' id='word_1_62' title='bbox 373 1140 462 1209; x_wconf 86' lang='lat' dir='ltr'><strong>Natu</strong></span> <span class='ocrx_word' id='word_1_63' title='bbox 484 1139 563 1222; x_wconf 84' lang='lat' dir='ltr'><strong>qnid</strong></span> <span class='ocrx_word' id='word_1_64' title='bbox 587 1161 651 1219; x_wconf 78' lang='lat' dir='ltr'><strong>ego</strong></span> <span class='ocrx_word' id='word_1_65' title='bbox 675 1140 833 1207; x_wconf 82' lang='lat' dir='ltr'><strong>Ostiense</strong></span> <span class='ocrx_word' id='word_1_66' title='bbox 855 1138 1114 1205; x_wconf 87' lang='lat' dir='ltr'><strong>incommodum</strong></span> <span class='ocrx_word' id='word_1_67' title='bbox 1137 1149 1237 1218; x_wconf 89' lang='lat' dir='ltr'><strong>atque</strong></span> <span class='ocrx_word' id='word_1_68' title='bbox 1261 1135 1363 1201; x_wconf 82' lang='lat' dir='ltr'><strong>illem</strong></span> 
     </span>
     <span class='ocr_line' id='line_1_10' title="bbox 171 1238 1363 1323; baseline -0.005 -16"><span class='ocrx_word' id='word_1_69' title='bbox 171 1239 283 1309; x_wconf 87' lang='lat' dir='ltr'><strong>labem</strong></span> <span class='ocrx_word' id='word_1_70' title='bbox 315 1252 418 1323; x_wconf 89' lang='lat' dir='ltr'><strong>atquc</strong></span> <span class='ocrx_word' id='word_1_71' title='bbox 448 1242 668 1322; x_wconf 84' lang='lat' dir='ltr'><strong>ignominiam</strong></span> <span class='ocrx_word' id='word_1_72' title='bbox 698 1241 747 1306; x_wconf 88' lang='lat' dir='ltr'><strong>rei</strong></span> <span class='ocrx_word' id='word_1_73' title='bbox 781 1238 937 1320; x_wconf 88' lang='lat' dir='ltr'><strong>publicae</strong></span> <span class='ocrx_word' id='word_1_74' title='bbox 964 1260 1107 1321; x_wconf 83' lang='lat' dir='ltr'><strong>querar,</strong></span> <span class='ocrx_word' id='word_1_75' title='bbox 1140 1259 1219 1306; x_wconf 89' lang='lat' dir='ltr'><strong>cum</strong></span> <span class='ocrx_word' id='word_1_76' title='bbox 1247 1257 1363 1317; x_wconf 86' lang='lat' dir='ltr'><strong>prope</strong></span> 
     </span>
     <span class='ocr_line' id='line_1_11' title="bbox 173 1337 1366 1425; baseline -0.006 -16"><span class='ocrx_word' id='word_1_77' title='bbox 173 1342 453 1423; x_wconf 72' lang='lat' dir='ltr'><strong>inspectantibus</strong></span> <span class='ocrx_word' id='word_1_78' title='bbox 472 1344 568 1409; x_wconf 83' lang='lat' dir='ltr'><strong>vobis</strong></span> <span class='ocrx_word' id='word_1_79' title='bbox 591 1340 710 1411; x_wconf 80' lang='lat' dir='ltr'><strong>classis</strong></span> <span class='ocrx_word' id='word_1_80' title='bbox 735 1360 799 1425; x_wconf 82' lang='lat' dir='ltr'><strong>ea,</strong></span> <span class='ocrx_word' id='word_1_81' title='bbox 833 1343 890 1408; x_wconf 90' lang='lat' dir='ltr'><strong>eui</strong></span> <span class='ocrx_word' id='word_1_82' title='bbox 917 1339 1037 1408; x_wconf 88' lang='lat' dir='ltr'><strong>consul</strong></span> <span class='ocrx_word' id='word_1_83' title='bbox 1068 1337 1184 1421; x_wconf 84' lang='lat' dir='ltr'><strong>populi</strong></span> <span class='ocrx_word' id='word_1_84' title='bbox 1212 1338 1366 1404; x_wconf 85' lang='lat' dir='ltr'><strong>Rornani</strong></span> 
     </span>
     <span class='ocr_line' id='line_1_12' title="bbox 174 1439 1365 1525; baseline -0.003 -18"><span class='ocrx_word' id='word_1_85' title='bbox 174 1445 392 1524; x_wconf 85' lang='lat' dir='ltr'><strong>praepositus</strong></span> <span class='ocrx_word' id='word_1_86' title='bbox 418 1455 527 1519; x_wconf 87' lang='lat' dir='ltr'><strong>essct,</strong></span> <span class='ocrx_word' id='word_1_87' title='bbox 548 1466 567 1510; x_wconf 87' lang='lat' dir='ltr'><strong>a</strong></span> <span class='ocrx_word' id='word_1_88' title='bbox 591 1441 821 1525; x_wconf 80' lang='lat' dir='ltr'><strong>praedonibus</strong></span> <span class='ocrx_word' id='word_1_89' title='bbox 847 1455 946 1524; x_wconf 89' lang='lat' dir='ltr'><strong>capta</strong></span> <span class='ocrx_word' id='word_1_90' title='bbox 964 1454 1065 1522; x_wconf 82' lang='lat' dir='ltr'><strong>atque</strong></span> <span class='ocrx_word' id='word_1_91' title='bbox 1091 1460 1258 1520; x_wconf 87' lang='lat' dir='ltr'><strong>oppressa</strong></span> <span class='ocrx_word' id='word_1_92' title='bbox 1284 1439 1365 1505; x_wconf 72' lang='lat' dir='ltr'><strong>est?</strong></span> 
     </span>
     <span class='ocr_line' id='line_1_13' title="bbox 135 1539 1369 1613; baseline 0.001 -7"><span class='ocrx_word' id='word_1_93' title='bbox 135 1558 137 1561; x_wconf 80' lang='grc'><strong><em>·</em></strong></span> <span class='ocrx_word' id='word_1_94' title='bbox 174 1542 243 1607; x_wconf 85' lang='lat' dir='ltr'><strong>Pro</strong></span> <span class='ocrx_word' id='word_1_95' title='bbox 268 1541 313 1607; x_wconf 87' lang='lat' dir='ltr'><strong>dii</strong></span> <span class='ocrx_word' id='word_1_96' title='bbox 340 1542 568 1612; x_wconf 84' lang='lat' dir='ltr'><strong>immortales!</strong></span> <span class='ocrx_word' id='word_1_97' title='bbox 591 1556 763 1613; x_wconf 80' lang='lat' dir='ltr'><strong>tantamne</strong></span> <span class='ocrx_word' id='word_1_98' title='bbox 788 1545 889 1611; x_wconf 89' lang='lat' dir='ltr'><strong>unius</strong></span> <span class='ocrx_word' id='word_1_99' title='bbox 918 1542 1067 1609; x_wconf 83' lang='lat' dir='ltr'><strong>hominis</strong></span> <span class='ocrx_word' id='word_1_100' title='bbox 1091 1539 1301 1608; x_wconf 85' lang='lat' dir='ltr'><strong>incredibilis</strong></span> <span class='ocrx_word' id='word_1_101' title='bbox 1321 1561 1369 1607; x_wconf 86' lang='lat' dir='ltr'><strong>ao</strong></span> 
     </span>
     <span class='ocr_line' id='line_1_14' title="bbox 176 1639 1369 1727; baseline 0 -21"><span class='ocrx_word' id='word_1_102' title='bbox 176 1639 291 1715; x_wconf 86' lang='lat' dir='ltr'><strong>divina</strong></span> <span class='ocrx_word' id='word_1_103' title='bbox 318 1643 427 1711; x_wconf 85' lang='lat' dir='ltr'><strong>virtus</strong></span> <span class='ocrx_word' id='word_1_104' title='bbox 448 1654 518 1711; x_wconf 88' lang='lat' dir='ltr'><strong>tarn</strong></span> <span class='ocrx_word' id='word_1_105' title='bbox 545 1646 639 1711; x_wconf 84' lang='lat' dir='ltr'><strong>brevi</strong></span> <span class='ocrx_word' id='word_1_106' title='bbox 665 1657 820 1727; x_wconf 82' lang='lat' dir='ltr'><strong>tempore</strong></span> <span class='ocrx_word' id='word_1_107' title='bbox 844 1644 1107 1711; x_wconf 72' lang='lat' dir='ltr'><strong>lucemalierre</strong></span> <span class='ocrx_word' id='word_1_108' title='bbox 1132 1642 1180 1707; x_wconf 86' lang='lat' dir='ltr'><strong>rei</strong></span> <span class='ocrx_word' id='word_1_109' title='bbox 1203 1640 1369 1722; x_wconf 80' lang='lat' dir='ltr'><strong>publicae</strong></span> 
     </span>
     <span class='ocr_line' id='line_1_15' title="bbox 176 1741 1369 1827; baseline 0 -18"><span class='ocrx_word' id='word_1_110' title='bbox 176 1745 306 1824; x_wconf 84' lang='lat' dir='ltr'><strong>potuit,</strong></span> <span class='ocrx_word' id='word_1_111' title='bbox 338 1755 378 1809; x_wconf 89' lang='lat' dir='ltr'><strong>ut</strong></span> <span class='ocrx_word' id='word_1_112' title='bbox 406 1765 489 1822; x_wconf 87' lang='lat' dir='ltr'><strong>vos,</strong></span> <span class='ocrx_word' id='word_1_113' title='bbox 520 1747 576 1827; x_wconf 88' lang='lat' dir='ltr'><strong>qui</strong></span> <span class='ocrx_word' id='word_1_114' title='bbox 608 1745 712 1813; x_wconf 89' lang='lat' dir='ltr'><strong>modo</strong></span> <span class='ocrx_word' id='word_1_115' title='bbox 736 1758 813 1813; x_wconf 85' lang='lat' dir='ltr'><strong>ante</strong></span> <span class='ocrx_word' id='word_1_116' title='bbox 839 1747 965 1814; x_wconf 86' lang='lat' dir='ltr'><strong>ostium</strong></span> <span class='ocrx_word' id='word_1_117' title='bbox 988 1745 1187 1813; x_wconf 77' lang='lat' dir='ltr'><strong>Tiberinum</strong></span> <span class='ocrx_word' id='word_1_118' title='bbox 1212 1741 1369 1809; x_wconf 83' lang='lat' dir='ltr'><strong>classem</strong></span> 
     </span>
     <span class='ocr_line' id='line_1_16' title="bbox 177 1839 1370 1923; baseline 0.002 -15"><span class='ocrx_word' id='word_1_119' title='bbox 177 1839 329 1909; x_wconf 84' lang='lat' dir='ltr'><strong>hostium</strong></span> <span class='ocrx_word' id='word_1_120' title='bbox 352 1843 534 1920; x_wconf 80' lang='lat' dir='ltr'><strong>videbatis,</strong></span> <span class='ocrx_word' id='word_1_121' title='bbox 554 1866 645 1912; x_wconf 87' lang='lat' dir='ltr'><strong>nune</strong></span> <span class='ocrx_word' id='word_1_122' title='bbox 662 1845 793 1913; x_wconf 88' lang='lat' dir='ltr'><strong>nullam</strong></span> <span class='ocrx_word' id='word_1_123' title='bbox 811 1847 900 1913; x_wconf 84' lang='lat' dir='ltr'><strong>intra</strong></span> <span class='ocrx_word' id='word_1_124' title='bbox 920 1846 1045 1913; x_wconf 84' lang='lat' dir='ltr'><strong>Oceani</strong></span> <span class='ocrx_word' id='word_1_125' title='bbox 1062 1842 1194 1912; x_wconf 86' lang='lat' dir='ltr'><strong>ostium</strong></span> <span class='ocrx_word' id='word_1_126' title='bbox 1216 1843 1370 1923; x_wconf 80' lang='lat' dir='ltr'><strong>praedo-</strong></span> 
     </span>
     <span class='ocr_line' id='line_1_17' title="bbox 116 1943 1370 2030; baseline 0 -20"><span class='ocrx_word' id='word_1_127' title='bbox 116 1949 156 2010; x_wconf 76' lang='lat'><strong>34</strong></span> <span class='ocrx_word' id='word_1_128' title='bbox 176 1964 259 2011; x_wconf 84' lang='lat' dir='ltr'><strong>uum</strong></span> <span class='ocrx_word' id='word_1_129' title='bbox 280 1964 401 2010; x_wconf 87' lang='lat' dir='ltr'><strong>navem</strong></span> <span class='ocrx_word' id='word_1_130' title='bbox 423 1966 501 2012; x_wconf 89' lang='lat' dir='ltr'><strong>esse</strong></span> <span class='ocrx_word' id='word_1_131' title='bbox 521 1945 694 2014; x_wconf 69' lang='lat' dir='ltr'><strong>audiatis?</strong></span> <span class='ocrx_word' id='word_1_132' title='bbox 735 1951 849 2030; x_wconf 77' lang='lat' dir='ltr'><strong>Atque</strong></span> <span class='ocrx_word' id='word_1_133' title='bbox 874 1947 959 2015; x_wconf 90' lang='lat' dir='ltr'><strong>haee</strong></span> <span class='ocrx_word' id='word_1_134' title='bbox 985 1967 1051 2027; x_wconf 88' lang='lat' dir='ltr'><strong>qua</strong></span> <span class='ocrx_word' id='word_1_135' title='bbox 1071 1943 1243 2011; x_wconf 86' lang='lat' dir='ltr'><strong>celeritate</strong></span> <span class='ocrx_word' id='word_1_136' title='bbox 1263 1956 1370 2022; x_wconf 79' lang='lat' dir='ltr'><strong>gesta</strong></span> 
     </span>
     <span class='ocr_line' id='line_1_18' title="bbox 177 2043 1371 2128; baseline 0.001 -17"><span class='ocrx_word' id='word_1_137' title='bbox 177 2043 265 2121; x_wconf 82' lang='lat' dir='ltr'><strong>sint,</strong></span> <span class='ocrx_word' id='word_1_138' title='bbox 281 2065 486 2128; x_wconf 85' lang='lat' dir='ltr'><strong>quamquam</strong></span> <span class='ocrx_word' id='word_1_139' title='bbox 504 2046 650 2122; x_wconf 77' lang='lat' dir='ltr'><strong>uidetis,</strong></span> <span class='ocrx_word' id='word_1_140' title='bbox 667 2060 780 2121; x_wconf 81' lang='lat' dir='ltr'><strong>tamen</strong></span> <span class='ocrx_word' id='word_1_141' title='bbox 796 2070 816 2114; x_wconf 83' lang='lat' dir='ltr'><strong>a</strong></span> <span class='ocrx_word' id='word_1_142' title='bbox 830 2070 884 2115; x_wconf 90' lang='lat' dir='ltr'><strong>me</strong></span> <span class='ocrx_word' id='word_1_143' title='bbox 902 2049 937 2116; x_wconf 91' lang='lat' dir='ltr'><strong>in</strong></span> <span class='ocrx_word' id='word_1_144' title='bbox 955 2047 1098 2113; x_wconf 87' lang='lat' dir='ltr'><strong>dicendo</strong></span> <span class='ocrx_word' id='word_1_145' title='bbox 1112 2044 1371 2125; x_wconf 84' lang='lat' dir='ltr'><strong>praetereunda</strong></span> 
     </span>
     <span class='ocr_line' id='line_1_19' title="bbox 176 2147 1374 2236; baseline -0.002 -23"><span class='ocrx_word' id='word_1_146' title='bbox 176 2166 247 2213; x_wconf 87' lang='lat' dir='ltr'><strong>non</strong></span> <span class='ocrx_word' id='word_1_147' title='bbox 269 2158 362 2213; x_wconf 86' lang='lat' dir='ltr'><strong>sunt.</strong></span> <span class='ocrx_word' id='word_1_148' title='bbox 406 2147 494 2236; x_wconf 79' lang='lat' dir='ltr'><strong>Quis</strong></span> <span class='ocrx_word' id='word_1_149' title='bbox 515 2150 605 2215; x_wconf 87' lang='lat' dir='ltr'><strong>enirn</strong></span> <span class='ocrx_word' id='word_1_150' title='bbox 630 2171 779 2231; x_wconf 89' lang='lat' dir='ltr'><strong>unquam</strong></span> <span class='ocrx_word' id='word_1_151' title='bbox 804 2162 863 2216; x_wconf 91' lang='lat' dir='ltr'><strong>aut</strong></span> <span class='ocrx_word' id='word_1_152' title='bbox 886 2148 1031 2217; x_wconf 87' lang='lat' dir='ltr'><strong>obeundi</strong></span> <span class='ocrx_word' id='word_1_153' title='bbox 1052 2147 1180 2226; x_wconf 79' lang='lat' dir='ltr'><strong>negotii</strong></span> <span class='ocrx_word' id='word_1_154' title='bbox 1202 2156 1262 2211; x_wconf 91' lang='lat' dir='ltr'><strong>aut</strong></span> <span class='ocrx_word' id='word_1_155' title='bbox 1279 2160 1374 2211; x_wconf 84' lang='lat' dir='ltr'><strong>con-</strong></span> 
     </span>
     <span class='ocr_line' id='line_1_20' title="bbox 176 2244 1371 2330; baseline -0.003 -16"><span class='ocrx_word' id='word_1_156' title='bbox 176 2246 340 2329; x_wconf 80' lang='lat' dir='ltr'><strong>sequendi</strong></span> <span class='ocrx_word' id='word_1_157' title='bbox 366 2259 508 2330; x_wconf 83' lang='lat' dir='ltr'><strong>questus</strong></span> <span class='ocrx_word' id='word_1_158' title='bbox 532 2249 655 2318; x_wconf 74' lang='lat' dir='ltr'><strong>studio.</strong></span> <span class='ocrx_word' id='word_1_159' title='bbox 673 2263 741 2317; x_wconf 83' lang='lat' dir='ltr'><strong>tam</strong></span> <span class='ocrx_word' id='word_1_160' title='bbox 768 2252 862 2318; x_wconf 89' lang='lat' dir='ltr'><strong>brevi</strong></span> <span class='ocrx_word' id='word_1_161' title='bbox 888 2262 1043 2330; x_wconf 87' lang='lat' dir='ltr'><strong>ternpore</strong></span> <span class='ocrx_word' id='word_1_162' title='bbox 1073 2260 1125 2314; x_wconf 91' lang='lat' dir='ltr'><strong>tot</strong></span> <span class='ocrx_word' id='word_1_163' title='bbox 1150 2246 1228 2313; x_wconf 86' lang='lat' dir='ltr'><strong>loca</strong></span> <span class='ocrx_word' id='word_1_164' title='bbox 1243 2244 1371 2323; x_wconf 81' lang='lat' dir='ltr'><strong>adire,</strong></span> 
     </span>
     <span class='ocr_line' id='line_1_21' title="bbox 180 2348 1370 2436; baseline 0.001 -23"><span class='ocrx_word' id='word_1_165' title='bbox 180 2357 293 2414; x_wconf 88' lang='lat' dir='ltr'><strong>tantos</strong></span> <span class='ocrx_word' id='word_1_166' title='bbox 315 2368 437 2414; x_wconf 86' lang='lat' dir='ltr'><strong>cursus</strong></span> <span class='ocrx_word' id='word_1_167' title='bbox 460 2350 628 2417; x_wconf 84' lang='lat' dir='ltr'><strong>conficere</strong></span> <span class='ocrx_word' id='word_1_168' title='bbox 649 2353 778 2433; x_wconf 88' lang='lat' dir='ltr'><strong>potuit,</strong></span> <span class='ocrx_word' id='word_1_169' title='bbox 807 2373 908 2436; x_wconf 87' lang='lat' dir='ltr'><strong>quam</strong></span> <span class='ocrx_word' id='word_1_170' title='bbox 933 2349 1090 2417; x_wconf 83' lang='lat' dir='ltr'><strong>celeriter</strong></span> <span class='ocrx_word' id='word_1_171' title='bbox 1111 2349 1173 2414; x_wconf 89' lang='lat' dir='ltr'><strong>Cn.</strong></span> <span class='ocrx_word' id='word_1_172' title='bbox 1197 2348 1370 2428; x_wconf 84' lang='lat' dir='ltr'><strong>Pompeio</strong></span> 
     </span>
    </p>
   </div>
   <div class='ocr_carea' id='block_1_3' title="bbox 72 2445 1375 2935">
    <p class='ocr_par' dir='ltr' id='par_1_3' title="bbox 72 2445 1373 2834">
     <span class='ocr_line' id='line_1_22' title="bbox 72 2445 1370 2539; baseline 0.007 -32"><span class='ocrx_word' id='word_1_173' title='bbox 72 2502 76 2507; x_wconf 88' lang='lat'><strong>.</strong></span> <span class='ocrx_word' id='word_1_174' title='bbox 137 2536 142 2539; x_wconf 30' lang='grc'>-</span> <span class='ocrx_word' id='word_1_175' title='bbox 178 2445 267 2513; x_wconf 88' lang='lat' dir='ltr'><strong>duce</strong></span> <span class='ocrx_word' id='word_1_176' title='bbox 286 2448 372 2513; x_wconf 83' lang='lat' dir='ltr'><strong>tenti</strong></span> <span class='ocrx_word' id='word_1_177' title='bbox 397 2446 475 2516; x_wconf 89' lang='lat' dir='ltr'><strong>belli</strong></span> <span class='ocrx_word' id='word_1_178' title='bbox 494 2450 642 2529; x_wconf 80' lang='lat' dir='ltr'><strong>impetus</strong></span> <span class='ocrx_word' id='word_1_179' title='bbox 663 2452 866 2529; x_wconf 62' lang='lat' dir='ltr'><strong>navigavit?</strong></span> <span class='ocrx_word' id='word_1_180' title='bbox 897 2453 953 2533; x_wconf 90' lang='lat' dir='ltr'><strong>qui</strong></span> <span class='ocrx_word' id='word_1_181' title='bbox 976 2451 1128 2529; x_wconf 84' lang='lat' dir='ltr'><strong>nondum</strong></span> <span class='ocrx_word' id='word_1_182' title='bbox 1157 2451 1370 2530; x_wconf 87' lang='lat' dir='ltr'><strong>tempestivo</strong></span> 
     </span>
     <span class='ocr_line' id='line_1_23' title="bbox 174 2545 1372 2630; baseline 0.003 -17"><span class='ocrx_word' id='word_1_183' title='bbox 174 2545 221 2613; x_wconf 82' lang='lat' dir='ltr'><strong>ad</strong></span> <span class='ocrx_word' id='word_1_184' title='bbox 243 2546 575 2625; x_wconf 77' lang='lat' dir='ltr'><strong>navigandumnrari</strong></span> <span class='ocrx_word' id='word_1_185' title='bbox 593 2548 740 2618; x_wconf 86' lang='lat' dir='ltr'><strong>Siciliam</strong></span> <span class='ocrx_word' id='word_1_186' title='bbox 761 2550 860 2628; x_wconf 88' lang='lat' dir='ltr'><strong>adiit,</strong></span> <span class='ocrx_word' id='word_1_187' title='bbox 884 2550 1264 2630; x_wconf 84' lang='lat' dir='ltr'><strong>Africamexploravit,</strong></span> <span class='ocrx_word' id='word_1_188' title='bbox 1287 2549 1372 2616; x_wconf 85' lang='lat' dir='ltr'><strong>inde</strong></span> 
     </span>
     <span class='ocr_line' id='line_1_24' title="bbox 179 2644 1373 2732; baseline 0.008 -20"><span class='ocrx_word' id='word_1_189' title='bbox 179 2644 369 2715; x_wconf 82' lang='lat' dir='ltr'><strong>Sardiniam</strong></span> <span class='ocrx_word' id='word_1_190' title='bbox 389 2667 467 2712; x_wconf 90' lang='lat' dir='ltr'><strong>cum</strong></span> <span class='ocrx_word' id='word_1_191' title='bbox 490 2645 600 2719; x_wconf 80' lang='lat' dir='ltr'><strong>classe,</strong></span> <span class='ocrx_word' id='word_1_192' title='bbox 620 2650 831 2732; x_wconf 76' lang='lat' dir='ltr'><strong>renitetque</strong></span> <span class='ocrx_word' id='word_1_193' title='bbox 852 2652 936 2718; x_wconf 84' lang='lat' dir='ltr'><strong>lraee</strong></span> <span class='ocrx_word' id='word_1_194' title='bbox 957 2654 1021 2717; x_wconf 90' lang='lat' dir='ltr'><strong>tria</strong></span> <span class='ocrx_word' id='word_1_195' title='bbox 1040 2653 1266 2718; x_wconf 83' lang='lat' dir='ltr'><strong>frumentaria</strong></span> <span class='ocrx_word' id='word_1_196' title='bbox 1283 2653 1373 2721; x_wconf 84' lang='lat' dir='ltr'><strong>sub-</strong></span> 
     </span>
     <span class='ocr_line' id='line_1_25' title="bbox 179 2744 1372 2834; baseline 0.005 -20"><span class='ocrx_word' id='word_1_197' title='bbox 179 2746 266 2814; x_wconf 83' lang='lat' dir='ltr'><strong>sidia</strong></span> <span class='ocrx_word' id='word_1_198' title='bbox 286 2746 334 2811; x_wconf 86' lang='lat' dir='ltr'><strong>rei</strong></span> <span class='ocrx_word' id='word_1_199' title='bbox 355 2744 512 2826; x_wconf 86' lang='lat' dir='ltr'><strong>publicae</strong></span> <span class='ocrx_word' id='word_1_200' title='bbox 532 2748 737 2817; x_wconf 79' lang='lat' dir='ltr'><strong>firmissimis</strong></span> <span class='ocrx_word' id='word_1_201' title='bbox 758 2753 934 2830; x_wconf 84' lang='lat' dir='ltr'><strong>praesidiis</strong></span> <span class='ocrx_word' id='word_1_202' title='bbox 957 2751 1190 2834; x_wconf 88' lang='lat' dir='ltr'><strong>classibusque</strong></span> <span class='ocrx_word' id='word_1_203' title='bbox 1206 2755 1372 2821; x_wconf 82' lang='lat' dir='ltr'><strong>nurnivit.</strong></span> 
     </span>
    </p>

    <p class='ocr_par' dir='ltr' id='par_1_4' title="bbox 120 2845 1375 2935">
     <span class='ocr_line' id='line_1_26' title="bbox 120 2845 1375 2935; baseline 0.006 -20"><span class='ocrx_word' id='word_1_204' title='bbox 120 2851 159 2915; x_wconf 71' lang='lat'><strong>35</strong></span> <span class='ocrx_word' id='word_1_205' title='bbox 179 2845 264 2912; x_wconf 90' lang='lat' dir='ltr'><strong>Inde</strong></span> <span class='ocrx_word' id='word_1_206' title='bbox 284 2867 363 2913; x_wconf 90' lang='lat' dir='ltr'><strong>cum</strong></span> <span class='ocrx_word' id='word_1_207' title='bbox 384 2867 424 2914; x_wconf 85' lang='lat' dir='ltr'><strong>se</strong></span> <span class='ocrx_word' id='word_1_208' title='bbox 443 2849 476 2914; x_wconf 89' lang='lat' dir='ltr'><strong>in</strong></span> <span class='ocrx_word' id='word_1_209' title='bbox 493 2848 625 2916; x_wconf 82' lang='lat' dir='ltr'><strong>ltaliam</strong></span> <span class='ocrx_word' id='word_1_210' title='bbox 645 2853 851 2934; x_wconf 81' lang='lat' dir='ltr'><strong>recepisset,</strong></span> <span class='ocrx_word' id='word_1_211' title='bbox 873 2853 1003 2923; x_wconf 82' lang='lat' dir='ltr'><strong>duabus</strong></span> <span class='ocrx_word' id='word_1_212' title='bbox 1019 2854 1189 2935; x_wconf 82' lang='lat' dir='ltr'><strong>Hispaniis</strong></span> <span class='ocrx_word' id='word_1_213' title='bbox 1207 2867 1242 2923; x_wconf 88' lang='lat' dir='ltr'><strong>et</strong></span> <span class='ocrx_word' id='word_1_214' title='bbox 1257 2854 1375 2923; x_wconf 82' lang='lat' dir='ltr'><strong>Gellia</strong></span> 
     </span>
    </p>
   </div>
   <div class='ocr_carea' id='block_1_4' title="bbox 160 3030 1378 4325">
    <p class='ocr_par' dir='ltr' id='par_1_5' title="bbox 160 3030 1374 3177">
     <span class='ocr_line' id='line_1_27' title="bbox 179 3030 1374 3094; baseline 0.008 -18"><span class='ocrx_word' id='word_1_215' title='bbox 179 3032 216 3076; x_wconf 75' lang='lat' dir='ltr'><strong>rer·</strong></span> <span class='ocrx_word' id='word_1_216' title='bbox 232 3031 341 3087; x_wconf 75' lang='lat' dir='ltr'><strong>publicae</strong></span> <span class='ocrx_word' id='word_1_217' title='bbox 357 3030 444 3089; x_wconf 64' lang='lat' dir='ltr'><strong>afferre</strong></span> <span class='ocrx_word' id='word_1_218' title='bbox 461 3032 491 3077; x_wconf 87' lang='lat' dir='ltr'><strong>P.</strong></span> <span class='ocrx_word' id='word_1_219' title='bbox 509 3057 545 3069; x_wconf 94' lang='lat'><em>-</em></span> <span class='ocrx_word' id='word_1_220' title='bbox 559 3030 629 3093; x_wconf 80' lang='lat' dir='ltr'><strong>nunc]</strong></span> <span class='ocrx_word' id='word_1_221' title='bbox 647 3032 677 3078; x_wconf 86' lang='lat' dir='ltr'><strong>P.</strong></span> <span class='ocrx_word' id='word_1_222' title='bbox 694 3031 725 3085; x_wconf 83' lang='grc' dir='ltr'><strong>Ε.</strong></span> <span class='ocrx_word' id='word_1_223' title='bbox 743 3034 763 3085; x_wconf 79' lang='lat' dir='ltr'><strong>ii</strong></span> <span class='ocrx_word' id='word_1_224' title='bbox 779 3045 839 3082; x_wconf 79' lang='lat' dir='ltr'><strong>auae</strong></span> <span class='ocrx_word' id='word_1_225' title='bbox 855 3032 914 3087; x_wconf 79' lang='lat' dir='ltr'><strong>Ero,</strong></span> <span class='ocrx_word' id='word_1_226' title='bbox 932 3036 952 3078; x_wconf 75' lang='grc' dir='ltr'><strong>εἰ·</strong></span> <span class='ocrx_word' id='word_1_227' title='bbox 969 3033 1065 3087; x_wconf 83' lang='lat' dir='ltr'><strong>vldetnr</strong></span> <span class='ocrx_word' id='word_1_228' title='bbox 1080 3039 1161 3080; x_wconf 83' lang='lat' dir='ltr'><strong>ortum</strong></span> <span class='ocrx_word' id='word_1_229' title='bbox 1174 3050 1188 3082; x_wconf 88' lang='lat' dir='ltr'><strong>e</strong></span> <span class='ocrx_word' id='word_1_230' title='bbox 1199 3034 1374 3094; x_wconf 76' lang='lat' dir='ltr'><strong>geminatione</strong></span> 
     </span>
     <span class='ocr_line' id='line_1_28' title="bbox 160 3108 1279 3177; baseline 0.004 -17"><span class='ocrx_word' id='word_1_231' title='bbox 160 3172 162 3177; x_wconf 33' lang='grc' dir='ltr'>Ι</span> <span class='ocrx_word' id='word_1_232' title='bbox 180 3113 228 3160; x_wconf 86' lang='lat' dir='ltr'><strong>ltu.</strong></span> <span class='ocrx_word' id='word_1_233' title='bbox 246 3117 268 3159; x_wconf 75' lang='lat' dir='ltr'><strong>ie</strong></span> <span class='ocrx_word' id='word_1_234' title='bbox 285 3120 310 3160; x_wconf 83' lang='lat' dir='ltr'><strong>et</strong></span> <span class='ocrx_word' id='word_1_235' title='bbox 327 3128 351 3160; x_wconf 85' lang='lat' dir='ltr'><strong>n.</strong></span> <span class='ocrx_word' id='word_1_236' title='bbox 386 3113 537 3168; x_wconf 81' lang='lat' dir='ltr'><strong>Cfr,‘tamen</strong></span> <span class='ocrx_word' id='word_1_237' title='bbox 555 3115 567 3176; x_wconf 55' lang='grc' dir='ltr'><strong>ξ</strong></span> <span class='ocrx_word' id='word_1_238' title='bbox 585 3115 625 3165; x_wconf 75' lang='grc'><strong>55.</strong></span> <span class='ocrx_word' id='word_1_239' title='bbox 643 3117 761 3160; x_wconf 72' lang='grc' dir='ltr'><strong>ηοευὲἱ.</strong></span> <span class='ocrx_word' id='word_1_240' title='bbox 778 3136 810 3152; x_wconf 90' lang='lat'><strong>·-</strong></span> <span class='ocrx_word' id='word_1_241' title='bbox 828 3116 883 3159; x_wconf 88' lang='lat' dir='ltr'><strong>Om.</strong></span> <span class='ocrx_word' id='word_1_242' title='bbox 900 3129 940 3162; x_wconf 79' lang='lat' dir='ltr'><strong>vv.</strong></span> <span class='ocrx_word' id='word_1_243' title='bbox 959 3108 1021 3161; x_wconf 75' lang='lat' dir='ltr'><strong>iutra</strong></span> <span class='ocrx_word' id='word_1_244' title='bbox 1043 3116 1130 3162; x_wconf 82' lang='lat' dir='ltr'><strong>Oceani</strong></span> <span class='ocrx_word' id='word_1_245' title='bbox 1147 3122 1232 3163; x_wconf 83' lang='lat' dir='ltr'><strong>ortium</strong></span> <span class='ocrx_word' id='word_1_246' title='bbox 1247 3119 1279 3164; x_wconf 90' lang='lat' dir='ltr'><strong>P.</strong></span> 
     </span>
    </p>

    <p class='ocr_par' dir='ltr' id='par_1_6' title="bbox 247 3193 1022 3257">
     <span class='ocr_line' id='line_1_29' title="bbox 247 3193 1022 3257; baseline 0.005 -17"><span class='ocrx_word' id='word_1_247' title='bbox 247 3193 259 3255; x_wconf 56' lang='grc' dir='ltr'><strong><em>ἦ</em></strong></span> <span class='ocrx_word' id='word_1_248' title='bbox 277 3195 318 3241; x_wconf 76' lang='lat' dir='ltr'><strong>sl.</strong></span> <span class='ocrx_word' id='word_1_249' title='bbox 338 3197 398 3241; x_wconf 80' lang='lat' dir='ltr'><strong>lonla&#39;</strong></span> <span class='ocrx_word' id='word_1_250' title='bbox 415 3197 470 3242; x_wconf 78' lang='lat' dir='ltr'><strong>tetta·</strong></span> <span class='ocrx_word' id='word_1_251' title='bbox 486 3197 516 3242; x_wconf 88' lang='lat' dir='ltr'><strong>E.</strong></span> <span class='ocrx_word' id='word_1_252' title='bbox 534 3198 609 3244; x_wconf 81' lang='lat' dir='ltr'><strong>Febr.</strong></span> <span class='ocrx_word' id='word_1_253' title='bbox 627 3198 690 3243; x_wconf 80' lang='lat' dir='ltr'><strong>Hirr.</strong></span> <span class='ocrx_word' id='word_1_254' title='bbox 708 3197 784 3243; x_wconf 81' lang='lat' dir='ltr'><strong>Verd.</strong></span> <span class='ocrx_word' id='word_1_255' title='bbox 802 3198 858 3242; x_wconf 79' lang='lat' dir='ltr'><strong>tent</strong></span> <span class='ocrx_word' id='word_1_256' title='bbox 881 3195 946 3257; x_wconf 87' lang='lat' dir='ltr'><strong>(P.)</strong></span> <span class='ocrx_word' id='word_1_257' title='bbox 964 3198 1022 3244; x_wconf 80' lang='lat' dir='ltr'><strong>Iirn.</strong></span> 
     </span>
    </p>

    <p class='ocr_par' dir='ltr' id='par_1_7' title="bbox 180 3274 1378 4000">
     <span class='ocr_line' id='line_1_30' title="bbox 248 3274 1375 3348; baseline 0.007 -26"><span class='ocrx_word' id='word_1_258' title='bbox 248 3275 316 3337; x_wconf 60' lang='lat'><strong>585.</strong></span> <span class='ocrx_word' id='word_1_259' title='bbox 334 3292 383 3322; x_wconf 82' lang='lat' dir='ltr'><strong>rum</strong></span> <span class='ocrx_word' id='word_1_260' title='bbox 401 3278 438 3348; x_wconf 81' lang='lat' dir='ltr'><strong>re]</strong></span> <span class='ocrx_word' id='word_1_261' title='bbox 456 3277 487 3323; x_wconf 88' lang='lat' dir='ltr'><strong>E.</strong></span> <span class='ocrx_word' id='word_1_262' title='bbox 505 3292 528 3332; x_wconf 77' lang='lat' dir='ltr'><strong>ee</strong></span> <span class='ocrx_word' id='word_1_263' title='bbox 546 3290 596 3328; x_wconf 79' lang='lat' dir='ltr'><strong>cum</strong></span> <span class='ocrx_word' id='word_1_264' title='bbox 612 3279 672 3335; x_wconf 75' lang='lat' dir='ltr'><strong>Ero·</strong></span> <span class='ocrx_word' id='word_1_265' title='bbox 682 3303 714 3317; x_wconf 90' lang='lat'><em>-</em></span> <span class='ocrx_word' id='word_1_266' title='bbox 725 3274 775 3331; x_wconf 71' lang='lat' dir='ltr'><strong>euin</strong></span> <span class='ocrx_word' id='word_1_267' title='bbox 792 3281 817 3331; x_wconf 75' lang='lat' dir='ltr'><strong>in</strong></span> <span class='ocrx_word' id='word_1_268' title='bbox 834 3282 932 3339; x_wconf 76' lang='lat' dir='ltr'><strong>Italiam</strong></span> <span class='ocrx_word' id='word_1_269' title='bbox 948 3295 972 3324; x_wconf 80' lang='lat' dir='ltr'><strong>se</strong></span> <span class='ocrx_word' id='word_1_270' title='bbox 989 3281 1065 3335; x_wconf 66' lang='lat'><strong>1³...</strong></span> <span class='ocrx_word' id='word_1_271' title='bbox 1078 3281 1245 3344; x_wconf 80' lang='lat' dir='ltr'><strong>Transalpina]</strong></span> <span class='ocrx_word' id='word_1_272' title='bbox 1262 3285 1295 3331; x_wconf 90' lang='lat' dir='ltr'><strong>E.</strong></span> <span class='ocrx_word' id='word_1_273' title='bbox 1317 3286 1375 3330; x_wconf 66' lang='lat' dir='ltr'><strong>Gr·</strong></span> 
     </span>
     <span class='ocr_line' id='line_1_31' title="bbox 180 3359 1375 3424; baseline 0.001 -17"><span class='ocrx_word' id='word_1_274' title='bbox 180 3360 263 3417; x_wconf 74' lang='lat' dir='ltr'><strong>alpina</strong></span> <span class='ocrx_word' id='word_1_275' title='bbox 281 3359 339 3404; x_wconf 84' lang='lat' dir='ltr'><strong>Em.</strong></span> <span class='ocrx_word' id='word_1_276' title='bbox 374 3359 508 3420; x_wconf 80' lang='lat' dir='ltr'><strong>Utrumque</strong></span> <span class='ocrx_word' id='word_1_277' title='bbox 520 3376 534 3406; x_wconf 87' lang='lat' dir='ltr'><strong>e</strong></span> <span class='ocrx_word' id='word_1_278' title='bbox 544 3362 619 3420; x_wconf 76' lang='lat' dir='ltr'><strong>gloss.</strong></span> <span class='ocrx_word' id='word_1_279' title='bbox 634 3387 669 3399; x_wconf 92' lang='lat'><em>-</em></span> <span class='ocrx_word' id='word_1_280' title='bbox 678 3363 823 3420; x_wconf 72' lang='lat' dir='ltr'><strong>confirmatis</strong></span> <span class='ocrx_word' id='word_1_281' title='bbox 840 3363 930 3409; x_wconf 88' lang='lat' dir='ltr'><strong>Colon.</strong></span> <span class='ocrx_word' id='word_1_282' title='bbox 942 3384 972 3401; x_wconf 61' lang='grc' dir='ltr'><strong>ι-</strong></span> <span class='ocrx_word' id='word_1_283' title='bbox 984 3362 1123 3424; x_wconf 79' lang='lat' dir='ltr'><strong>Brundisio]</strong></span> <span class='ocrx_word' id='word_1_284' title='bbox 1136 3365 1167 3410; x_wconf 80' lang='lat' dir='ltr'><strong>E.</strong></span> <span class='ocrx_word' id='word_1_285' title='bbox 1179 3382 1195 3410; x_wconf 85' lang='lat' dir='ltr'><em>a</em></span> <span class='ocrx_word' id='word_1_286' title='bbox 1208 3368 1249 3411; x_wconf 89' lang='lat' dir='ltr'><strong>Br.</strong></span> <span class='ocrx_word' id='word_1_287' title='bbox 1262 3365 1325 3412; x_wconf 85' lang='lat' dir='ltr'><strong>Em.</strong></span> <span class='ocrx_word' id='word_1_288' title='bbox 1335 3392 1375 3408; x_wconf 78' lang='grc'><strong>-</strong></span> 
     </span>
     <span class='ocr_line' id='line_1_32' title="bbox 181 3441 1316 3508; baseline 0.007 -22"><span class='ocrx_word' id='word_1_289' title='bbox 181 3454 303 3500; x_wconf 80' lang='lat' dir='ltr'><strong>omnesque</strong></span> <span class='ocrx_word' id='word_1_290' title='bbox 320 3443 362 3500; x_wconf 82' lang='lat' dir='ltr'><strong>qui</strong></span> <span class='ocrx_word' id='word_1_291' title='bbox 378 3443 413 3486; x_wconf 78' lang='lat' dir='ltr'><strong>itt</strong></span> <span class='ocrx_word' id='word_1_292' title='bbox 426 3456 466 3508; x_wconf 80' lang='lat' dir='ltr'><strong>pr.</strong></span> <span class='ocrx_word' id='word_1_293' title='bbox 484 3441 514 3489; x_wconf 88' lang='grc' dir='ltr'><strong>Ρ.</strong></span> <span class='ocrx_word' id='word_1_294' title='bbox 530 3464 566 3479; x_wconf 87' lang='lat'><strong>-·</strong></span> <span class='ocrx_word' id='word_1_295' title='bbox 582 3445 649 3497; x_wconf 64' lang='lat' dir='ltr'><strong>laius</strong></span> <span class='ocrx_word' id='word_1_296' title='bbox 665 3444 700 3505; x_wconf 86' lang='lat' dir='ltr'><strong>se]</strong></span> <span class='ocrx_word' id='word_1_297' title='bbox 717 3445 748 3492; x_wconf 86' lang='lat' dir='ltr'><strong>E.</strong></span> <span class='ocrx_word' id='word_1_298' title='bbox 766 3447 832 3490; x_wconf 74' lang='lat' dir='ltr'><strong>huius</strong></span> <span class='ocrx_word' id='word_1_299' title='bbox 848 3445 907 3492; x_wconf 82' lang='lat' dir='ltr'><strong>Em.</strong></span> <span class='ocrx_word' id='word_1_300' title='bbox 922 3471 955 3484; x_wconf 91' lang='lat'><em>-</em></span> <span class='ocrx_word' id='word_1_301' title='bbox 967 3447 1056 3505; x_wconf 61' lang='lat' dir='ltr'><strong>decim]</strong></span> <span class='ocrx_word' id='word_1_302' title='bbox 1073 3447 1103 3493; x_wconf 88' lang='grc' dir='ltr'><strong>Ε.</strong></span> <span class='ocrx_word' id='word_1_303' title='bbox 1120 3460 1144 3492; x_wconf 87' lang='lat' dir='ltr'><strong>re</strong></span> <span class='ocrx_word' id='word_1_304' title='bbox 1161 3450 1238 3494; x_wconf 79' lang='lat' dir='ltr'><strong>rlerlr&#39;rl.</strong></span> <span class='ocrx_word' id='word_1_305' title='bbox 1255 3448 1316 3496; x_wconf 83' lang='lat' dir='ltr'><strong>Em.</strong></span> 
     </span>
     <span class='ocr_line' id='line_1_33' title="bbox 181 3599 1375 3679; baseline 0.004 -23"><span class='ocrx_word' id='word_1_306' title='bbox 181 3599 229 3656; x_wconf 74' lang='grc' dir='ltr'><strong>οὖν</strong></span> <span class='ocrx_word' id='word_1_307' title='bbox 247 3607 276 3655; x_wconf 75' lang='grc' dir='ltr'><strong>αἱ</strong></span> <span class='ocrx_word' id='word_1_308' title='bbox 293 3609 340 3679; x_wconf 70' lang='grc' dir='ltr'><strong>μὲν</strong></span> <span class='ocrx_word' id='word_1_309' title='bbox 359 3603 490 3672; x_wconf 68' lang='grc' dir='ltr'><strong><em>λῃστρίδες</em></strong></span> <span class='ocrx_word' id='word_1_310' title='bbox 510 3600 566 3667; x_wconf 71' lang='grc' dir='ltr'><strong>νῆες</strong></span> <span class='ocrx_word' id='word_1_311' title='bbox 585 3599 649 3669; x_wconf 70' lang='grc' dir='ltr'><strong>ὑπὲρ</strong></span> <span class='ocrx_word' id='word_1_312' title='bbox 666 3604 764 3667; x_wconf 71' lang='grc' dir='ltr'><strong><em>χιλίας,</em></strong></span> <span class='ocrx_word' id='word_1_313' title='bbox 784 3608 813 3654; x_wconf 76' lang='grc' dir='ltr'><strong>αἱ</strong></span> <span class='ocrx_word' id='word_1_314' title='bbox 830 3600 966 3657; x_wconf 72' lang='grc' dir='ltr'><strong><em>δ’ἇλοῦσαι</em></strong></span> <span class='ocrx_word' id='word_1_315' title='bbox 978 3601 1065 3663; x_wconf 79' lang='grc' dir='ltr'><strong><em>πόλεις</em></strong></span> <span class='ocrx_word' id='word_1_316' title='bbox 1082 3601 1124 3657; x_wconf 78' lang='grc' dir='ltr'><strong>ὑπ’</strong></span> <span class='ocrx_word' id='word_1_317' title='bbox 1146 3605 1231 3659; x_wconf 71' lang='grc' dir='ltr'><em>αὐτῶν</em></span> <span class='ocrx_word' id='word_1_318' title='bbox 1243 3608 1375 3676; x_wconf 78' lang='grc' dir='ltr'><strong><em>τετρακό-</em></strong></span> 
     </span>
     <span class='ocr_line' id='line_1_34' title="bbox 181 3682 1375 3753; baseline 0.004 -17"><span class='ocrx_word' id='word_1_319' title='bbox 181 3702 246 3741; x_wconf 81' lang='lat' dir='ltr'><strong>ouu.</strong></span> <span class='ocrx_word' id='word_1_320' title='bbox 260 3712 295 3733; x_wconf 72' lang='grc' dir='ltr'><strong>-ι-</strong></span> <span class='ocrx_word' id='word_1_321' title='bbox 318 3689 408 3742; x_wconf 80' lang='lat' dir='ltr'><strong>Oaielo,</strong></span> <span class='ocrx_word' id='word_1_322' title='bbox 425 3682 550 3753; x_wconf 80' lang='lat' dir='ltr'><strong>promont.</strong></span> <span class='ocrx_word' id='word_1_323' title='bbox 560 3694 585 3733; x_wconf 80' lang='lat' dir='ltr'><strong>et</strong></span> <span class='ocrx_word' id='word_1_324' title='bbox 593 3701 655 3747; x_wconf 88' lang='lat' dir='ltr'><strong>opp.</strong></span> <span class='ocrx_word' id='word_1_325' title='bbox 665 3687 689 3732; x_wconf 87' lang='lat' dir='ltr'><strong>in</strong></span> <span class='ocrx_word' id='word_1_326' title='bbox 698 3686 831 3742; x_wconf 82' lang='lat' dir='ltr'><strong>Auruncis,</strong></span> <span class='ocrx_word' id='word_1_327' title='bbox 849 3690 873 3734; x_wconf 84' lang='lat' dir='ltr'><strong>lr.</strong></span> <span class='ocrx_word' id='word_1_328' title='bbox 883 3690 964 3737; x_wconf 74' lang='lat' dir='ltr'><strong>Gaetu.</strong></span> <span class='ocrx_word' id='word_1_329' title='bbox 974 3714 1006 3728; x_wconf 88' lang='lat'><em>-</em></span> <span class='ocrx_word' id='word_1_330' title='bbox 1013 3695 1124 3751; x_wconf 73' lang='lat' dir='ltr'><strong>praetore</strong></span> <span class='ocrx_word' id='word_1_331' title='bbox 1131 3693 1261 3751; x_wconf 74' lang='lat' dir='ltr'><strong>significari</strong></span> <span class='ocrx_word' id='word_1_332' title='bbox 1271 3694 1375 3741; x_wconf 78' lang='lat' dir='ltr'><strong>videtur</strong></span> 
     </span>
     <span class='ocr_line' id='line_1_35' title="bbox 183 3769 1376 3834; baseline 0.004 -18"><span class='ocrx_word' id='word_1_333' title='bbox 183 3773 219 3825; x_wconf 82' lang='grc' dir='ltr'><strong>Μ.</strong></span> <span class='ocrx_word' id='word_1_334' title='bbox 236 3770 358 3824; x_wconf 82' lang='lat' dir='ltr'><strong>Antonius</strong></span> <span class='ocrx_word' id='word_1_335' title='bbox 370 3770 492 3827; x_wconf 83' lang='lat' dir='ltr'><strong>Creticus,</strong></span> <span class='ocrx_word' id='word_1_336' title='bbox 512 3771 621 3823; x_wconf 81' lang='lat' dir='ltr'><strong>oratoris</strong></span> <span class='ocrx_word' id='word_1_337' title='bbox 637 3770 714 3826; x_wconf 83' lang='lat' dir='ltr'><strong>lilius,</strong></span> <span class='ocrx_word' id='word_1_338' title='bbox 731 3769 852 3816; x_wconf 85' lang='lat' dir='ltr'><strong>triumviri</strong></span> <span class='ocrx_word' id='word_1_339' title='bbox 870 3777 949 3827; x_wconf 84' lang='lat' dir='ltr'><strong>pater.</strong></span> <span class='ocrx_word' id='word_1_340' title='bbox 985 3775 1112 3829; x_wconf 70' lang='lat' dir='ltr'><strong>Murcum,</strong></span> <span class='ocrx_word' id='word_1_341' title='bbox 1130 3787 1193 3832; x_wconf 86' lang='lat' dir='ltr'><strong>opp.</strong></span> <span class='ocrx_word' id='word_1_342' title='bbox 1203 3775 1376 3834; x_wconf 72' lang='lat' dir='ltr'><strong>Campaniae,</strong></span> 
     </span>
     <span class='ocr_line' id='line_1_36' title="bbox 186 3847 1378 3910; baseline 0.011 -15"><span class='ocrx_word' id='word_1_343' title='bbox 186 3854 250 3910; x_wconf 78' lang='lat' dir='ltr'><strong>capo</strong></span> <span class='ocrx_word' id='word_1_344' title='bbox 272 3854 371 3906; x_wconf 59' lang='lat' dir='ltr'><strong>murno,</strong></span> <span class='ocrx_word' id='word_1_345' title='bbox 390 3876 424 3897; x_wconf 74' lang='grc' dir='ltr'><strong>«ι,-</strong></span> <span class='ocrx_word' id='word_1_346' title='bbox 451 3848 563 3910; x_wconf 69' lang='lat' dir='ltr'><strong>oretum]</strong></span> <span class='ocrx_word' id='word_1_347' title='bbox 581 3851 631 3896; x_wconf 87' lang='lat' dir='ltr'><strong>Dio</strong></span> <span class='ocrx_word' id='word_1_348' title='bbox 649 3851 719 3897; x_wconf 82' lang='lat' dir='ltr'><strong>Cass.</strong></span> <span class='ocrx_word' id='word_1_349' title='bbox 737 3852 784 3907; x_wconf 75' lang='lat'><strong>36,</strong></span> <span class='ocrx_word' id='word_1_350' title='bbox 803 3852 827 3896; x_wconf 84' lang='lat'><strong>5.</strong></span> <span class='ocrx_word' id='word_1_351' title='bbox 845 3852 888 3900; x_wconf 74' lang='lat' dir='ltr'><strong>utel</strong></span> <span class='ocrx_word' id='word_1_352' title='bbox 903 3854 929 3909; x_wconf 65' lang='grc' dir='ltr'><strong>ἐς</strong></span> <span class='ocrx_word' id='word_1_353' title='bbox 944 3848 1012 3903; x_wconf 73' lang='grc' dir='ltr'><strong>αὐτὰ</strong></span> <span class='ocrx_word' id='word_1_354' title='bbox 1028 3850 1063 3904; x_wconf 77' lang='grc' dir='ltr'><strong>τὰ</strong></span> <span class='ocrx_word' id='word_1_355' title='bbox 1078 3847 1310 3906; x_wconf 48' lang='lat' dir='ltr'><strong>&amp;terminantem</strong></span> <span class='ocrx_word' id='word_1_356' title='bbox 1326 3861 1378 3908; x_wconf 71' lang='lat' dir='ltr'><strong>nat</strong></span> 
     </span>
     <span class='ocr_line' id='line_1_37' title="bbox 182 3927 1195 4000; baseline -0.001 -16"><span class='ocrx_word' id='word_1_357' title='bbox 182 3931 229 3995; x_wconf 75' lang='lat' dir='ltr'><strong>teir,-</strong></span> <span class='ocrx_word' id='word_1_358' title='bbox 243 3954 271 3989; x_wconf 72' lang='lat' dir='ltr'><strong>rs</strong></span> <span class='ocrx_word' id='word_1_359' title='bbox 285 3931 346 3993; x_wconf 76' lang='grc' dir='ltr'><strong>ναῦς</strong></span> <span class='ocrx_word' id='word_1_360' title='bbox 362 3937 447 3989; x_wconf 66' lang='grc' dir='ltr'><strong><em>ἔκαιον</em></strong></span> <span class='ocrx_word' id='word_1_361' title='bbox 467 3927 608 3985; x_wconf 70' lang='grc' dir='ltr'><strong>καὶπάνθ’</strong></span> <span class='ocrx_word' id='word_1_362' title='bbox 626 3927 751 4000; x_wconf 75' lang='grc' dir='ltr'><strong>ἥρπαζον,</strong></span> <span class='ocrx_word' id='word_1_363' title='bbox 769 3936 849 3984; x_wconf 81' lang='lat' dir='ltr'><strong>consul</strong></span> <span class='ocrx_word' id='word_1_364' title='bbox 865 3934 918 3993; x_wconf 82' lang='lat' dir='ltr'><strong>quis</strong></span> <span class='ocrx_word' id='word_1_365' title='bbox 935 3937 1021 3991; x_wconf 83' lang='lat' dir='ltr'><strong>fuerit,</strong></span> <span class='ocrx_word' id='word_1_366' title='bbox 1046 3937 1195 3996; x_wconf 76' lang='lat' dir='ltr'><strong>ignoramus.</strong></span> 
     </span>
    </p>

    <p class='ocr_par' dir='ltr' id='par_1_8' title="bbox 183 4013 1378 4325">
     <span class='ocr_line' id='line_1_38' title="bbox 192 4013 1375 4080; baseline 0.004 -19"><span class='ocrx_word' id='word_1_367' title='bbox 192 4062 195 4067; x_wconf 72' lang='grc'>,</span> <span class='ocrx_word' id='word_1_368' title='bbox 249 4019 261 4080; x_wconf 64' lang='lat' dir='ltr'><strong>t</strong></span> <span class='ocrx_word' id='word_1_369' title='bbox 277 4018 319 4073; x_wconf 73' lang='grc'><strong>35.</strong></span> <span class='ocrx_word' id='word_1_370' title='bbox 335 4013 427 4079; x_wconf 76' lang='lat' dir='ltr'><strong>Gpllr&#39;e]</strong></span> <span class='ocrx_word' id='word_1_371' title='bbox 446 4015 628 4074; x_wconf 75' lang='lat' dir='ltr'><strong>intelligendum</strong></span> <span class='ocrx_word' id='word_1_372' title='bbox 645 4018 675 4062; x_wconf 87' lang='lat' dir='ltr'><strong>de</strong></span> <span class='ocrx_word' id='word_1_373' title='bbox 687 4016 812 4075; x_wconf 79' lang='lat' dir='ltr'><strong>Ligustico</strong></span> <span class='ocrx_word' id='word_1_374' title='bbox 827 4016 880 4071; x_wconf 87' lang='lat' dir='ltr'><strong>sinu</strong></span> <span class='ocrx_word' id='word_1_375' title='bbox 892 4024 917 4065; x_wconf 86' lang='lat' dir='ltr'><strong>et</strong></span> <span class='ocrx_word' id='word_1_376' title='bbox 929 4018 1045 4074; x_wconf 68' lang='lat' dir='ltr'><strong>Gallico,</strong></span> <span class='ocrx_word' id='word_1_377' title='bbox 1064 4020 1153 4065; x_wconf 84' lang='lat' dir='ltr'><strong>Florus</strong></span> <span class='ocrx_word' id='word_1_378' title='bbox 1165 4020 1196 4078; x_wconf 80' lang='lat'><strong>8,</strong></span> <span class='ocrx_word' id='word_1_379' title='bbox 1209 4022 1239 4078; x_wconf 86' lang='lat'><strong>6,</strong></span> <span class='ocrx_word' id='word_1_380' title='bbox 1250 4021 1276 4067; x_wconf 85' lang='grc'><strong>9.</strong></span> <span class='ocrx_word' id='word_1_381' title='bbox 1296 4022 1375 4074; x_wconf 80' lang='lat' dir='ltr'><strong>Quod</strong></span> 
     </span>
     <span class='ocr_line' id='line_1_39' title="bbox 184 4100 1376 4165; baseline 0.003 -19"><span class='ocrx_word' id='word_1_382' title='bbox 184 4100 261 4160; x_wconf 72' lang='lat' dir='ltr'><strong>volgo</strong></span> <span class='ocrx_word' id='word_1_383' title='bbox 278 4100 415 4146; x_wconf 81' lang='lat' dir='ltr'><strong>inculcatur</strong></span> <span class='ocrx_word' id='word_1_384' title='bbox 432 4101 472 4146; x_wconf 83' lang='lat' dir='ltr'><strong>vel</strong></span> <span class='ocrx_word' id='word_1_385' title='bbox 493 4100 651 4157; x_wconf 76' lang='lat' dir='ltr'><strong>Transalpina</strong></span> <span class='ocrx_word' id='word_1_386' title='bbox 675 4100 715 4154; x_wconf 83' lang='lat' dir='ltr'><strong>vel</strong></span> <span class='ocrx_word' id='word_1_387' title='bbox 737 4100 857 4154; x_wconf 61' lang='lat' dir='ltr'><strong>Cisalpina</strong></span> <span class='ocrx_word' id='word_1_388' title='bbox 879 4100 927 4149; x_wconf 81' lang='lat' dir='ltr'><strong>del.</strong></span> <span class='ocrx_word' id='word_1_389' title='bbox 946 4107 991 4146; x_wconf 82' lang='lat' dir='ltr'><strong>est.</strong></span> <span class='ocrx_word' id='word_1_390' title='bbox 1012 4127 1045 4138; x_wconf 93' lang='lat'><strong>·-</strong></span> <span class='ocrx_word' id='word_1_391' title='bbox 1067 4103 1181 4146; x_wconf 64' lang='lat' dir='ltr'><strong>&amp;creares</strong></span> <span class='ocrx_word' id='word_1_392' title='bbox 1207 4102 1263 4163; x_wconf 80' lang='lat' dir='ltr'><strong>(cfr.</strong></span> <span class='ocrx_word' id='word_1_393' title='bbox 1284 4102 1376 4165; x_wconf 68' lang='lat'><strong>546.)</strong></span> 
     </span>
     <span class='ocr_line' id='line_1_40' title="bbox 183 4170 1378 4247; baseline 0.004 -19"><span class='ocrx_word' id='word_1_394' title='bbox 183 4178 301 4246; x_wconf 72' lang='grc' dir='ltr'><strong>(δευτέρα</strong></span> <span class='ocrx_word' id='word_1_395' title='bbox 329 4172 379 4246; x_wconf 73' lang='grc' dir='ltr'><strong>γάρ</strong></span> <span class='ocrx_word' id='word_1_396' title='bbox 403 4197 441 4234; x_wconf 76' lang='grc' dir='ltr'><strong>τις</strong></span> <span class='ocrx_word' id='word_1_397' title='bbox 467 4170 499 4241; x_wconf 73' lang='grc' dir='ltr'><strong>ἦν</strong></span> <span class='ocrx_word' id='word_1_398' title='bbox 527 4171 591 4240; x_wconf 79' lang='grc' dir='ltr'><em>αὕτη</em></span> <span class='ocrx_word' id='word_1_399' title='bbox 612 4175 662 4228; x_wconf 78' lang='grc' dir='ltr'><strong>τῶν</strong></span> <span class='ocrx_word' id='word_1_400' title='bbox 684 4180 854 4244; x_wconf 71' lang='grc' dir='ltr'><strong><em>πειρατηρίων</em></strong></span> <span class='ocrx_word' id='word_1_401' title='bbox 878 4177 946 4244; x_wconf 73' lang='grc' dir='ltr'><strong>πηγὴ</strong></span> <span class='ocrx_word' id='word_1_402' title='bbox 970 4177 1035 4245; x_wconf 73' lang='grc' dir='ltr'><strong>μετὰ</strong></span> <span class='ocrx_word' id='word_1_403' title='bbox 1050 4177 1096 4245; x_wconf 74' lang='grc' dir='ltr'><strong>τὴν</strong></span> <span class='ocrx_word' id='word_1_404' title='bbox 1114 4185 1141 4232; x_wconf 70' lang='grc' dir='ltr'><strong>ἓν</strong></span> <span class='ocrx_word' id='word_1_405' title='bbox 1161 4185 1276 4247; x_wconf 70' lang='grc' dir='ltr'><strong>Κιλικίᾳ.</strong></span> <span class='ocrx_word' id='word_1_406' title='bbox 1303 4186 1378 4243; x_wconf 66' lang='lat' dir='ltr'><strong>etur,</strong></span> 
     </span>
     <span class='ocr_line' id='line_1_41' title="bbox 184 4257 1376 4325; baseline 0.003 -18"><span class='ocrx_word' id='word_1_407' title='bbox 184 4261 274 4322; x_wconf 84' lang='lat' dir='ltr'><strong>Pomp.</strong></span> <span class='ocrx_word' id='word_1_408' title='bbox 296 4261 351 4322; x_wconf 70' lang='lat'><strong>24.)</strong></span> <span class='ocrx_word' id='word_1_409' title='bbox 375 4261 513 4324; x_wconf 75' lang='lat' dir='ltr'><strong>oppugnati</strong></span> <span class='ocrx_word' id='word_1_410' title='bbox 531 4276 546 4307; x_wconf 86' lang='lat' dir='ltr'><strong>e</strong></span> <span class='ocrx_word' id='word_1_411' title='bbox 564 4262 593 4315; x_wconf 85' lang='lat' dir='ltr'><strong>Q.</strong></span> <span class='ocrx_word' id='word_1_412' title='bbox 611 4261 714 4309; x_wconf 86' lang='lat' dir='ltr'><strong>Metello</strong></span> <span class='ocrx_word' id='word_1_413' title='bbox 736 4257 870 4321; x_wconf 82' lang='lat' dir='ltr'><strong>(Cretico)</strong></span> <span class='ocrx_word' id='word_1_414' title='bbox 896 4261 992 4323; x_wconf 75' lang='lat' dir='ltr'><strong>legator</strong></span> <span class='ocrx_word' id='word_1_415' title='bbox 1014 4264 1045 4308; x_wconf 84' lang='lat' dir='ltr'><strong>ed</strong></span> <span class='ocrx_word' id='word_1_416' title='bbox 1068 4263 1215 4322; x_wconf 85' lang='lat' dir='ltr'><strong>Pompeium</strong></span> <span class='ocrx_word' id='word_1_417' title='bbox 1238 4263 1376 4325; x_wconf 81' lang='lat' dir='ltr'><strong>miserant,</strong></span> 
     </span>
    </p>
   </div>
   <div class='ocr_carea' id='block_1_5' title="bbox 0 0 1446 4759">
    <p class='ocr_par' dir='ltr' id='par_1_9' title="bbox 0 0 1446 4759">
     <span class='ocr_line' id='line_1_42' title="bbox 0 0 1446 4759; baseline 0 0"><span class='ocrx_word' id='word_1_418' title='bbox 0 0 1446 4759; x_wconf 95' lang='lat' dir='ltr'><strong> </strong></span> 
     </span>
    </p>
   </div>
  </div>
 </body>
</html>
