2850 4759
152 266 444 387 accusantis
465 269 504 338 C.
526 268 717 339 VERREM
737 269 817 339 LIB.
841 270 906 353 lV,
928 292 958 342 c.
978 275 1018 339 il
1034 312 1071 327 -
1088 276 1140 342 ts.
1194 276 1233 342 tt

89 427 92 432 ’
131 425 292 493 XLVIII.
334 426 440 497 Vetus
462 438 514 495 est
534 427 619 496 baec
638 429 771 512 opinio,
802 429 950 512 iudices,
982 452 1068 516 quae
1094 431 1296 502 constatllifi

54 549 98 595 ex
121 527 368 610 antiquissimis
390 530 599 597 Graecorum
623 529 744 598 litteris
765 552 805 597 nc
822 536 1068 620 monumentis,
1089 536 1236 605 insulana

54 628 205 697 Siciliam
240 640 345 696 totam
378 651 452 697 esse
479 631 594 697 Cereri
628 644 663 698 et
689 633 831 699 Liberae
859 647 1108 703 consecratam.
1159 638 1236 706 Iioc

55 740 137 798 uum
173 741 308 797 ceterae
339 744 457 811 gentes
491 735 542 800 sic
569 735 796 811 arbitrantur,
832 746 903 802 turn
931 736 1013 817 ipsis
1041 734 1161 804 Siculis
1189 739 1235 806 ita
1280 763 1285 770 ·

58 854 262 915 persuasum
291 845 360 910 est,
390 835 486 900 utin
513 836 632 902 animis
659 856 778 902 eorum
800 835 938 902 insitum
961 849 1060 919 atque
1080 838 1235 905 innatum

59 955 137 1003 esse
158 933 322 1001 videatur.
378 935 465 1002 Nam
488 947 637 1004 striatas
658 957 735 1004 esse
761 935 821 1003 bas
843 938 876 1003 in
902 937 943 1003 iis
964 936 1048 1005 iocis
1071 937 1169 1015 deas,
1202 951 1236 1008 et

60 1038 177 1117 fruges
197 1038 231 1103 in
253 1057 292 1102 ea
314 1047 403 1104 terra
425 1038 571 1119 primum
594 1048 746 1119 repertas
768 1058 844 1105 esse
864 1040 1089 1118 arbitrantur,
1124 1052 1158 1107 ct
1184 1062 1237 1107 ra-

58 1148 149 1217 ptam
173 1158 250 1203 esse
271 1139 444 1214 Liberam,
474 1159 574 1221 quarn
598 1137 740 1206 eandem
760 1141 1000 1221 Proserpinam
1024 1154 1165 1221 vocant,
1193 1164 1238 1210 ex

56 1239 289 1305 Hennensium
317 1256 480 1319 nemore3
515 1241 571 1321 qui
601 1238 716 1319 locus,
753 1241 844 1324 quod
866 1242 900 1307 iu
921 1241 1032 1308 media
1054 1243 1237 1314 estinsula

58 1341 159 1416 situs,
190 1340 372 1408 umbilicus
393 1341 525 1409 Siciliae
545 1343 751 1410 nominatur.
796 1344 910 1432 Quam
933 1365 1010 1411 cum
1033 1345 1237 1426 investigare

57 1453 89 1507 et
115 1442 325 1524 conquirere
358 1445 459 1511 Ceres
489 1440 609 1522 veliet,
644 1443 769 1511 dicitur
794 1446 1025 1514 inflammasse
1054 1445 1169 1513 taedas
1195 1448 1236 1518 iia

57 1545 210 1623 ignibus,
246 1545 302 1627 qui
330 1564 375 1611 ex
400 1549 530 1611 Aetnae
559 1546 686 1613 vertice
713 1560 918 1629 erumpunt:
952 1568 1034 1630 quas
1064 1547 1126 1614 sibi
1154 1568 1232 1615 cum

59 1646 126 1727 ipsa
141 1646 352 1727 praeferret,
374 1648 491 1713 orbem
507 1648 658 1715 omnium
674 1669 876 1731 peragrasse
891 1660 1081 1717 terrarum
1113 1642 1297 1734 liennal⁰7

57 1751 188 1824 autern,
210 1748 267 1813 ubi
289 1768 346 1824 ea,
369 1768 457 1830 quae
479 1747 570 1825 dico,
593 1762 691 1829 gesta
711 1771 788 1818 esse
808 1762 1060 1829 memorantur,
1083 1763 1136 1818 cst
1155 1750 1233 1819 loco

57 1846 259 1930 perexcelso
281 1861 382 1932 atque
404 1850 513 1930 edito,
536 1873 603 1932 quo
626 1853 660 1919 in
680 1874 817 1920 summo
839 1864 890 1919 est
912 1864 1056 1934 arquata
1076 1853 1148 1932 agri
1163 1853 1234 1934 pla·

57 1953 155 2019 nities
184 1963 220 2017 et
247 1971 354 2032 aquae
384 1971 568 2032 perenness
600 1965 672 2020 tota
693 1976 776 2021 vero
799 1954 840 2021 ab
861 1955 952 2022 omni
974 1954 1067 2020 aditu
1089 1955 1238 2021 circum·

59 2055 143 2138 cisa,
176 2065 285 2134 atque·
301 2052 430 2119 directa
451 2066 519 2121 est:
554 2075 654 2136 quarn
675 2056 766 2122 circa
790 2055 886 2122 lacus
905 2054 1040 2139 lucique
1060 2067 1141 2123 sunt
1160 2055 1237 2139 plu·

59 2157 134 2222 rimi
166 2166 269 2236 atque
294 2153 470 2221 laetissimi
504 2155 608 2222 flores
638 2156 732 2222 omni
760 2167 916 2239 tempore
940 2158 1036 2233 aurai,
1067 2155 1164 2225 locus
1199 2170 1238 2226 ut

62 2256 133 2337 ipse
152 2267 288 2338 raptum
312 2254 409 2323 illurn
437 2256 596 2335 virginis,
628 2278 730 2338 quem
751 2257 857 2322 iama
884 2258 999 2337 pueris
1025 2259 1237 2339 accepimus,

61 2356 232 2424 declarare
261 2358 450 2427 videatur*
479 2357 616 2424 Etenim
640 2379 749 2440 prope
774 2369 829 2424 est
860 2356 1023 2439 spelunca
1051 2359 1237 2441 quaedam,
1282 2379 1287 2396 ·

56 2482 227 2527 conversa
241 2459 282 2556 ad
299 2458 507 2543 aquilonem,
529 2459 658 2526 infinita
674 2456 868 2537 altitudine,
892 2480 957 2542 qua
973 2461 1088 2535 Ditem
1103 2472 1237 2542 patrem

57 2563 174 2630 ferunt
198 2575 337 2645 repente
357 2584 435 2629 cum
458 2583 562 2628 curru
587 2561 743 2629 extitisse
767 2561 1009 2643 abreptamque
1029 2581 1073 2627 ex
1093 2582 1134 2629 eo
1159 2559 1236 2632 loco

58 2668 223 2747 virginem
244 2685 361 2737 secum
384 2677 597 2747 asportasse,
620 2662 788 2730 et'subito
806 2685 875 2729 non
899 2662 997 2742 longe
1018 2685 1037 2730 a
1058 2663 1236 2744 Syracusis
1337 2741 1342 2750 ,

57 2778 253 2849 penetrasse
270 2768 333 2834 sub
359 2765 672 2848 terrasiacumqoe
692 2765 727 2831 in
749 2785 789 2831 eo
809 2763 887 2836 locu
908 2777 1046 2847 repente
1065 2767 1238 2843 extitisse3

57 2869 113 2935 ubi
139 2890 249 2951 usque
273 2868 405 2936 adhoc
431 2880 566 2949 tempus
589 2867 792 2948 Syracusani
814 2867 923 2934 festos
945 2866 1016 2934 dies
1040 2866 1239 2932 anniversa-

58 2971 125 3038 rios
148 2983 256 3052 agunt
279 2970 502 3039 celeberrimo
527 2972 681 3036 virorum
703 2967 955 3050 mulierumque
976 2977 1159 3036 conventu.

95 3073 222 3141 XLIX.
264 3073 412 3154 Propter
431 3072 532 3141 huius
559 3071 726 3152 opinionis
749 3081 976 3148 vetustatem,
1004 3066 1095 3150 quod
1112 3065 1238 3134 horum

58 3176 91 3241 in
113 3177 154 3243 iis
171 3174 257 3243 loeis
276 3177 419 3255 vestigia
443 3194 483 3241 ae
501 3193 610 3256 prope
625 3169 830 3238 incunabula
846 3171 1064 3252 reperiuntur
1081 3168 1238 3248 deorum,

60 3279 145 3343 mira
171 3277 339 3361 quaedam
374 3288 446 3346 tota
476 3274 589 3345 Sicilia
615 3274 774 3357 privatim
805 3292 845 3339 ac
872 3269 1007 3354 publice
1036 3270 1156 3353 religio
1186 3282 1239 3340 est

62 3576 157 3635 quidem
173 3591 236 3637 opus
254 3582 306 3632 est,
323 3576 381 3638 quid
398 3583 459 3637 agat
476 3576 620 3623 accusatori
638 3575 719 3623 Iudex
737 3575 852 3622 sufficies
870 3575 897 3621 Z.
915 3572 1018 3636 (Graes.
1038 3576 1131 3622 eCod.
1149 3575 1237 3621 Franc.

61 3660 123 3707 hund
143 3659 216 3720 susp.)

129 3766 141 3827 I
162 3769 217 3821 106,
242 3767 343 3830 omnem]
369 3768 431 3828 ch.
447 3766 515 3815 Leid.
533 3767 560 3812 Z.
577 3765 657 3813 Minus
675 3766 794 3813 concione
817 3766 890 3813 olim:
907 3769 1017 3813 omniurn.

130 3873 141 3935 I
162 3875 218 3920 107,
236 3874 382 3936 perexcelso]
408 3875 469 3934 Reg.
495 3874 522 3919 Z.
550 3872 723 3932 (prouocatio
739 3872 820 3930 Laid.)
840 3877 961 3931 praecelso
987 3874 1044 3919 Era.
1069 3873 1158 3933 „quod
1178 3871 1239 3918 alibi

64 3958 130 4016 apud
160 3958 210 4005 Cic.
233 3972 282 4005 uon
308 3958 429 4006 iuvenitur
446 3964 478 4007 et
508 3956 608 4004 omnino
635 3959 765 4017 poetarum
791 3956 916 4004 videtur.“
940 3959 966 4003 Z.
990 3957 1041 4003 Cfr.
1059 3955 1168 4014 Madvig.
1190 3955 1238 4013 Ep.

65 4052 90 4096 p.
111 4031 151 4082 rr.
171 4061 205 4074 -
223 4036 323 4101 arrecta]
346 4040 408 4098 neg.
430 4024 498 4084 cern
518 4038 591 4097 sgan
614 4039 640 4084 z.
669 4041 730 4084 arari.
748 4041 850 4087 caeam
870 4041 899 4085 n.
921 4041 949 4086 c.
973 4042 1000 4096 r,
1017 4040 1059 4084 41.
1095 4042 1239 4102 praernprup

67 4131 130 4172 torna
146 4129 208 4179 nat,
234 4125 297 4168 omni
320 4137 350 4167 ea·
365 4126 435 4180 parte
455 4124 563 4168 directus.
589 4124 704 4179 diremptu
725 4120 783 4167 Era.
801 4143 837 4158 ι·-
852 4116 943 4180 prope]
961 4120 1023 4177 Reg.
1047 4117 1115 4162 Leid.
1135 4118 1162 4163 Ζ.
1179 4129 1238 4171 pro·

64 4208 119 4261 pter
137 4205 191 4253 Em.
226 4208 309 4261 Prope
331 4211 356 4251 et
376 4205 531 4265 praepositio
550 4213 575 4253 et
601 4205 742 4254 advechitur
766 4209 815 4259 esta
843 4207 944 4261 propter
967 4197 1121 4261 praepositIo
1145 4202 1238 4243 tantum

68 4293 93 4334 et
122 4302 197 4338 carum
222 4289 343 4337 adiectum
367 4289 485 4349 postulat.
509 4290 535 4335 Ζ.
