2850 4759
244 269 413 358 onnrto
437 288 498 362 111.
524 285 574 356 ιιι
597 285 869 373 canentum,
897 311 927 358 ο.
952 290 983 359 ι.
1139 289 1198 357 ιιι

52 461 108 518 tun
126 447 332 543 frequentem
354 446 527 526 celeriter,
548 461 587 517 ut
606 448 758 534 vidistis,
785 448 895 530 coegi.
935 450 1049 533 Atque
1069 451 1197 521 interes
1216 457 1237 517 8

49 553 145 621 stetim
169 551 341 621 admonitu
369 550 595 633 Allobrogum
621 554 659 620 c.
681 551 869 636 Sulpicium·
889 565 1102 640 praetorem,
1126 555 1197 623 ior-

48 670 103 725 tem
128 657 251 736 virum,
278 658 372 739 misi,
398 656 456 740 qui
479 678 524 722 ex
545 653 681 724 aedibus
707 655 866 743 Cethegi,
894 656 1023 741 siquid
1050 656 1195 738 telorum

48 772 138 840 esset,
164 761 317 840 effen-etr
345 781 392 828 ex·
413 759 533 845 quibus
556 757 612 827 ille
636 761 824 828 unanimum
846 760 994 830 sicarum
1015 783 1197 832 numerum

46 877 72 931 et
93 863 279 946 gladiorum
308 861 440 933 extulit.
879 923 881 927 a
1068 929 1076 944 ,
1192 916 1195 924 ·
1258 865 1260 868 ’

108 970 168 1035 IV.
206 968 387 1036 introduxi
403 966 616 1038 Volturcium
631 968 702 1036 sine
717 965 843 1049 Gallis,
861 965 961 1037 fidem
979 970 1010 1036 ei
1027 968 1197 1053 publicam

45 1072 126 1140 iussu
149 1084 287 1140 senatus
307 1071 404 1153 dedi;
430 1071 585 1142 hortatus
606 1093 701 1156 sunr,
731 1084 770 1139 ut
790 1093 842 1150 ca,
870 1094 955 1157 quae
978 1073 1097 1150 sciret,
1124 1074 1198 1142 sine

44 1187 125 1242 metu
142 1175 318 1243 indiceret.
350 1175 440 1244 Tum
458 1175 628 1260 illedixit,
647 1197 726 1243 cum
742 1178 800 1244 vix
815 1198 852 1246 se
869 1198 913 1244 ex
932 1198 1056 1259 magno
1076 1190 1198 1246 temore
1276 1209 1281 1246 J

44 1292 235 1366 recreasset,
267 1300 287 1345 a
312 1280 349 1347 P.
378 1277 521 1348 Lentulo
548 1300 586 1347 se
615 1279 739 1347 habere
765 1279 806 1348 ud
831 1280 1009 1348 Catilinam
1039 1279 1198 1349 mandata

42 1388 72 1449 et
84 1380 288 1469 litteras,'ut
302 1403 480 1452 servorum
496 1383 665 1466 praesidio
682 1395 837 1451 uteretur
851 1396 885 1451 ct
903 1383 945 1451 ad
963 1384 1080 1451 urbem
1095 1405 1198 1468 quem
1224 1445 1228 1464 ,
1272 1439 1274 1448 .

42 1487 173 1566 primunr
197 1508 278 1553 cum
307 1487 457 1556 exercitu
482 1485 679 1554 accederet:
702 1486 736 1554 id
754 1498 868 1554 autem
893 1508 933 1554 eo
957 1486 1118 1566 consilio,
1139 1499 1197 1565 ut,

44 1610 107 1655 eum
125 1591 242 1657 urbem
263 1611 307 1657 ex
327 1590 481 1657 omnibns
496 1590 666 1672 partibus,
687 1589 975 1673 quemadmodum
990 1590 1198 1673 descriptum

44 1689 309 1777 distributumque
324 1704 409 1772 erat,
430 1692 659 1761 incendissent
673 1693 879 1778 caedemque
893 1695 1057 1762 inlinitum
1073 1696 1198 1762 civium
1235 1777 1238 1783 Ι

43 1794 203 1875 iecissent,
225 1795 362 1880 praesto
387 1809 477 1866 esset
497 1794 571 1874 iile,
594 1798 649 1880 qni
669 1798 889 1880 etlugrentes
910 1799 1082 1881 exciperet
1105 1809 1139 1866 ct
1161 1818 1199 1865 se

44 1918 104 1963 eun
122 1899 172 1968 his
188 1901 325 1968 urbanis
339 1899 481 1970 ducibus
503 1900 737 1980 coniungeret.
778 1901 969 1990 introducti
983 1914 1095 1969 autem
1112 1899 1199 1980 Galli
1219 1910 1240 1975 9

42 2000 279 2072 iusiurandum
303 2004 366 2074 sibi
391 2015 425 2070 et
440 2002 570 2071 litteras
594 2002 792 2083 abunculo,
814 2005 984 2087 Cethego,
1005 2004 1135 2073 Statilio
1156 2003 1200 2073 ad

44 2123 124 2173 sunm
147 2120 286 2189 gentem
312 2106 407 2176 datas
431 2127 506 2175 esse
531 2107 707 2187 dixerunt,
740 2119 841 2191 etque
865 2108 912 2175 ita
935 2108 997 2175 sibi
1021 2110 1063 2175 ab
1090 2107 1142 2176 his
1166 2120 1201 2177 et

40 2288 115 2348 serrem
126 2295 154 2342 ii.
171 2296 262 2356 deferri
275 2296 332 2344 Era.
344 2295 472 2345 Gorrectio
491 2301 526 2343 est
543 2311 577 2343 ex
594 2310 661 2358 seqq.
672 2294 768 2355 Rqserrr'
782 2309 831 2342 non
848 2295 999 2352 „iitterus‚“
1015 2296 1057 2340 sed
1068 2293 1199 2355 significate

43 2377 168 2429 relationem
188 2397 205 2429 a
225 2395 268 2429 me
287 2382 385 2429 consule
407 2380 467 2428 lieri.
487 2406 521 2419 -
542 2395 591 2429 om.
614 2385 690 2426 tantus
706 2380 737 2428 P.
751 2405 786 2418 -
802 2396 817 2427 ιι
833 2395 870 2426 me
886 2382 963 2426 delete
980 2379 1012 2425 lt.
1028 2380 1090 2442 (uon
1107 2377 1149 2438 Τ.)
1167 2405 1201 2424 ι.

44 2476 81 2508 esre
94 2467 164 2526 miti]
180 2466 258 2514 unu.
274 2468 333 2512 midi
349 2480 396 2512 esse
412 2466 470 2512 Em.

97 2574 147 2637 58.
169 2578 215 2623 Gn.
240 2577 366 2633 Sulpicium
387 2573 440 2623 ΤΒ.
456 2601 491 2615 ·-
507 2575 578 2636 metu]
600 2572 629 2621 Τ.
652 2577 735 2623 timore
756 2576 787 2622 ll.
810 2574 867 2622 Ern.
886 2601 918 2613 -
936 2572 1071 2636 illedixit]
1089 2572 1142 2620 Tit.
1159 2575 1200 2619 tite

43 2653 131 2705 Em.-
148 2656 198 2707 cum
222 2660 263 2707 illc
286 2663 327 2707 vis
348 2659 379 2708 Τ.
393 2684 427 2700 ·-
442 2661 582 2721 recreasset]
599 2660 651 2708 Tit.
663 2665 798 2714 recreasset,
814 2663 878 2707 dixit
887 2658 1120 2708 Ere-seruorum
1132 2653 1201 2708 munti
1297 2683 1299 2686 ·

42 2740 66 2788 P.
74 2743 128 2806 (uon
139 2745 206 2807 ΤΒ.)
223 2770 259 2784 -
276 2750 302 2791 ut
317 2747 349 2791 nd
365 2746 443 2792 urbem
459 2745 533 2793 TliP.
546 2769 582 2782 -
594 2747 619 2792 id
631 2760 658 2791 eo
672 2750 747 2791 autem
764 2747 796 2792 lt.
808 2745 868 2808 (non
880 2744 922 2805 T.)
933 2769 966 2785 -·
978 2760 1008 2810 er
1021 2741 1200 2814 omnibns]11i.

41 2829 129 2875 cmiter
145 2846 174 2877 ec
190 2831 252 2878 Ern.
270 2855 304 2867 -
321 2831 415 2878 wionis
430 2832 468 2876 bis
484 2830 514 2877 P.
530 2856 565 2869 -
583 2832 688 2890 iungeret
703 2829 733 2876 P.

98 2936 109 2999 i
125 2940 149 2985 9.
166 2955 181 2985 ιι
198 2939 311 2999 Lentulo]
327 2937 379 2986 Til.
397 2954 412 2985 o
428 2941 460 2986 P.
477 2940 575 2985 Lentulo
592 2939 651 2986 Eru.
664 2963 698 2976 -
709 2950 763 2983 suns
778 2941 857 2996 gentes
873 2939 904 2986 li.
916 2937 975 2999 (uon
986 2936 1030 2999 Τ.)
1040 2964 1075 2977 -
1092 2955 1107 2985 ιι
1121 2940 1201 2996 Cassio

42 3017 85 3067 tu.
100 3048 131 3061 -
147 3025 192 3070 sibi
205 3025 326 3083 pedestres
342 3026 372 3070 R.
391 3023 451 3087 (nnn
469 3023 509 3084 T.)
526 3048 559 3061 -
577 3038 607 3069 ec
625 3023 756 3070 libris.Sib.
772 3023 802 3069 P.
820 3020 880 3082 (nou
897 3022 963 3080 Tit.)
980 3048 1014 3061 -
1030 3035 1077 3067 esse
1093 3020 1128 3085 se]
1146 3022 1200 3074 ΤΒ.

41 3115 61 3148 tr
74 3118 115 3153 csse
129 3107 188 3155 Em.
206 3133 241 3147 -
258 3110 393 3169 eundemque
410 3110 529 3175 Lentulum
546 3110 634 3154 wisse
650 3108 704 3153 Til.
721 3130 754 3143 -
772 3121 821 3153 οιιι.
838 3120 922 3152 annum
939 3107 970 3153 lt.

99 3279 110 3342 l
127 3282 150 3329 8.
172 3283 197 3330 C.
216 3283 332 3341 Sulpicius
349 3291 450 3344 praetor
463 3299 487 3331 s.
499 3299 522 3331 ιι.
534 3299 556 3331 c.
573 3285 631 3330 691.
647 3283 697 3329 lunc
711 3294 761 3328 uno
775 3283 833 3330 loeo
850 3296 867 3328 a
877 3279 996 3327 Cicerone
1014 3278 1112 3342 eiusque
1126 3279 1201 3330 riuti·

42 3374 184 3414 memoratur.
193 3392 229 3405 ·-
243 3368 355 3416 Ceterum
366 3384 463 3429 semper
470 3370 570 3417 miratus
582 3383 646 3422 sum.
664 3381 706 3416 cur
714 3372 801 3414 orstor
813 3355 965 3427 praeterierit
973 3366 1047 3412 ,iliudr
1066 3367 1200 3420 Lentulum

42 3451 93 3503 prod
102 3457 198 3507 praetor
212 3456 277 3507 emt,
294 3456 342 3511 ipsc
352 3467 421 3500 manu
432 3459 520 3509 tenens,
539 3457 564 3499 irr
578 3458 679 3499 senatum
691 3454 806 3510 perducit
816 3452 903 3500 salust.
919 3464 941 3497 c.
953 3450 1008 3508 46.,
1026 3452 1092 3512 quod
1103 3449 1201 3513 quidem

41 3539 61 3576 et
75 3535 215 3582 calamistris
232 3536 294 3583 inuri
311 3544 335 3584 et
353 3538 498 3599 amplificari
514 3539 612 3600 egregie
628 3541 737 3598 poteret.
772 3537 812 3583 An
825 3536 963 3596 ignorarit?
1000 3575 1002 3578 .

100 3623 110 3685 l
127 3626 152 3671 9.
169 3627 200 3673 L.
222 3627 313 3675 mmo.
329 3629 463 3687 Longinus,
483 3631 607 3678 Ciceronis
624 3630 772 3690 competitor
788 3613 817 3675 in*
831 3630 957 3677 consulatu
975 3630 1089 3689 petendo.
1108 3624 1199 3675 Asson.

40 3702 92 3753 Ped.
114 3708 138 3756 iu
162 3725 218 3771 arg.
245 3711 288 3759 Or.
311 3714 336 3759 in
357 3719 418 3774 toga
435 3716 505 3761 carrd.
524 3730 548 3775 p.
567 3716 607 3761 82.
626 3714 691 3761 Bait.
713 3715 829 3769 Cassium,
859 3717 899 3773 qui
916 3717 977 3760 iners
994 3728 1022 3758 ac
1038 3714 1135 3759 stolidus
1152 3718 1200 3759 tum

40 3794 104 3849 magis
127 3809 196 3852 quem
221 3798 338 3854 improbus
361 3802 490 3854 uideretur,
512 3805 568 3857 post
586 3812 674 3857 paucos
697 3786 786 3845 rrrertses⁴
807 3802 831 3846 in
848 3801 1005 3844 coniuratione
1025 3799 1137 3844 Catilinae
1153 3811 1205 3848 esce,

39 3881 140 3932 apparete
154 3894 184 3925 uc
201 3885 410 3931 crumtusrmurum
432 3888 593 3931 sententiarum
604 3886 680 3945 fuisse
701 3890 824 3930 auctorem.
845 3908 874 3925 ›-
895 3888 952 3942 post
972 3884 1092 3941 Virginem
1108 3884 1200 3928 atsere·

42 3957 126 4026 tionem]
144 3964 314 4013 incredibilem
331 3969 356 4014 in
374 3971 471 4017 modum
488 3970 561 4017 etiam
578 3968 733 4017 recentissimi
751 3969 859 4015 editores
874 3968 913 4014 iric
930 3967 1029 4013 miscent
1044 3966 1133 4013 inticis
1146 3966 1200 4012 Vir·

41 4042 113 4101 gluutn
132 4048 266 4097 Vestalium
283 4040 391 4111 dirersn,
417 4056 481 4101 adeo
499 4062 525 4102 ut
541 4062 665 4102 oratorem
683 4053 722 4099 hle
739 4054 814 4101 verba
838 4054 920 4100 facere
938 4057 1021 4112 putent
1045 4053 1075 4097 de
1092 4057 1143 4106 eo‚⁵
1162 4050 1200 4096 cui
1225 4053 1238 4081 ·'

41 4121 138 4183 praefuit
154 4135 183 4179 1..
202 4134 299 4183 (lessius
317 4138 451 4198 Longinus,
481 4140 556 4187 bomo
573 4138 749 4195 severissimus,
776 4145 878 4198 praetor
903 4153 926 4184 s.
945 4152 967 4183 ιι.
985 4151 1006 4191 c,
1025 4136 1083 4180 623.
1101 4137 1211 4195 dequo

42 4212 138 4277 iudicio,
155 4227 181 4267 ut
199 4222 330 4269 arbitratur
347 4223 460 4283 Pighius,
477 4238 501 4269 ιι.
521 4237 543 4269 ιι.
561 4237 582 4269 e.
599 4224 656 4269 640.
669 4223 739 4283 (641.
753 4223 837 4283 Varr.)
849 4224 946 4277 habito,
964 4222 989 4266 iu
1001 4234 1051 4281 quo
1063 4221 1200 4271 damnatae,

42 4311 84 4346 uon
100 4304 242 4365 absolutae,
270 4308 364 4354 Licinis
386 4315 411 4355 et
432 4307 540 4362 Murcia,
570 4306 614 4353 cir.
641 4306 731 4354 Ancon.
756 4306 858 4353 Pedian.
881 4306 905 4352 ln
923 4304 1009 4351 Milon.
1027 4317 1049 4348 c.
1070 4303 1112 4358 12,
1129 4300 1141 4361 5
1158 4301 1200 4348 62.
1235 4318 1239 4322 ’

43 4397 65 4441 p.
81 4386 120 4433 46.
137 4389 183 4437 Ed.
201 4391 301 4439 Bsiteri.
337 4392 426 4440 Verum
443 4406 496 4439 cum
513 4393 552 4438 iric
569 4392 652 4438 decem
669 4399 727 4439 aute
744 4391 812 4438 struis
826 4388 946 4437 eiusmodi
963 4385 1075 4433 iudicium
1092 4384 1200 4431 habitum
1265 4399 1270 4409 ¹

850 4495 887 4556 15
