2850 4759
242 296 412 367 cunno
433 294 491 365 ιν.
516 295 565 365 1u
590 295 863 376 curruum,
878 320 915 372 ιο.
940 300 988 364 ιι.
1147 300 1206 363 cn
1236 339 1238 342 -

43 480 117 527 nore
140 458 255 527 labore
281 470 397 539 tueor,
435 482 534 543 quam
560 480 739 542 comparo:
766 482 828 543 pro
853 456 906 526 his
925 461 1028 540 igitur
1049 460 1205 528 omnibns

41 566 153 641 rebus,
190 586 252 647 pro
283 565 368 632 meis
395 565 429 631 in
457 585 518 632 ros
539 563 773 644 singularibus
801 564 941 639 studiis,
976 585 1105 647 proque
1129 562 1205 640 hoc,
1309 653 1313 660 ἢ

41 690 132 750 quarn
153 668 367 749 conspicitis,
396 666 438 735 ed
461 666 730 736 correervarulam
749 690 820 735 rern
843 666 1012 751 publicam
1034 663 1207 746 diligentia
1296 700 1300 708 ·

40 769 113 839 nihil
136 792 156 838 a
178 773 274 840 vobis
303 773 375 842 nisi·
393 770 492 840 huius
522 772 686 855 temporis
718 772 887 855 totiusque
915 774 980 839 mei
1009 770 1205 839 consulatus

40 878 232 944 memoriam
251 873 408 958 postulo,
440 897 525 959 quae
547 871 627 942 dum
650 875 771 943 erit'in
793 877 912 944 vestris
935 877 1004 943 lina
1025 877 1205 963 mentibus,

40 980 200 1048 tutissimo
220 1004 274 1047 me
292 1003 390 1048 muro
410 993 565 1074 saeptum
586 1000 662 1046 esso
681 980 883 1046 arbitrabor.
927 979 1074 1071 Quodsi
1095 1003 1205 1049 meam

36 1104 124 1165 spem
140 1086 190 1151 vis
207 1084 441 1167 improborum
457 1082 617 1154 fefellerit
632 1096 732 1167 atque
747 1084 978 1166 superaverit,
1001 1086 1205 1152 commcndo

40 1189 126 1258 vobis
146 1202 291 1271 parvum
314 1211 427 1258 tuetun
457 1187 581 1266 filium,
602 1188 656 1255 cui
679 1187 835 1270 profecto
859 1188 940 1255 satis
962 1189 1027 1254 erit
1047 1189 1206 1271 praesidii

39 1313 98 1357 non
118 1290 229 1362 solutu
253 1291 294 1358 ad
316 1291 480 1371 salutem,
502 1313 619 1357 rerum
646 1293 748 1357 etiem
770 1291 811 1358 ad
832 1290 1101 1383 diguitaten1‚'si
1121 1295 1206 1373 eius,

40 1396 88 1477 qui
114 1394 197 1464 haee
226 1397 340 1463 omnia
374 1418 437 1463 sno
472 1393 577 1462 solius
609 1392 760 1476 periculo
797 1398 1068 1475 conservaverit,
1111 1397 1204 1465 illurn

41 1497 134 1565 lilium
153 1520 229 1567 esse
247 1501 480 1574 memineritis.
523 1500 742 1592 Quapropter
755 1497 797 1566 de
812 1520 948 1568 summa
966 1487 1075 1567 salute
1092 1513 1208 1569 vestre
1226 1514 1266 1577 24

43 1602 214 1687 populique
237 1606 399 1691 Rotnani„
422 1606 539 1670 Patres
567 1604 770 1686 conscripti,
791 1601 833 1672 de
858 1605 979 1671 vestris
1005 1605 1206 1683 coniugibus

44 1727 76 1773 ae
93 1705 224 1786 liberie,
248 1706 288 1774 de
310 1708 377 1775 aris
397 1729 436 1775 ac
455 1708 563 1786 focis,
585 1706 627 1773 de
648 1708 735 1774 fanis
751 1718 851 1789 atque
867 1706 1016 1790 templis,
1038 1706 1079 1775 de
1103 1710 1206 1777 totius

43 1811 122 1879 urbis
134 1813 234 1879 tectis
252 1833 290 1880 ac
303 1811 450 1888 sedibus,
469 1811 510 1878 de
521 1813 665 1895 imperio
679 1809 895 1890 aclibertate,
911 1808 1207 1891 desaluteltoliae,

44 1910 77 1978 de
105 1918 264 1983 universa
289 1935 327 1980 re
353 1912 487 1996 publica
518 1914 688 1982 decernite
714 1912 909 1996 diligenter,
941 1926 978 1981 ut
1003 1915 1208 1995 instituistis,

46 2036 79 2082 ac
103 2018 250 2085 fortiter.
294 2018 431 2088 Habetis
460 2040 537 2086 eum
567 2015 765 2092 consulem,
798 2018 853 2101 qni
878 2030 914 2085 et
939 2038 1062 2101 parere
1085 2019 1207 2086 vestris
1235 2071 1237 2075 v

44 2114 174 2187 decretis
202 2141 273 2188 non
301 2121 431 2189 dubitet
458 2134 492 2188 ct
519 2142 578 2201 ea,
613 2127 698 2205 quae
727 2121 934 2202 statueritis,
962 2121 1074 2205 quoad
1104 2112 1205 2200 viret,

47 2220 215 2292 defendere
238 2237 273 2293 et
294 2239 356 2309 pet·
379 2248 416 2295 se
439 2226 750 2310 ipsumfpraestare
773 2224 894 2308 possit.
972 2247 974 2251 ’
1164 2222 1165 2225 ’
1219 2212 1222 2220 “

48 2385 229 2401 ῃ

102 2488 168 2551 Μ.
187 2490 245 2536 orn.
268 2505 308 2538 vv.
328 2495 410 2548 potres
434 2491 560 2547 conscripti
583 2488 636 2536 ΤΗ.
654 2490 732 2534 -dc
755 2492 819 2540 aris,
848 2490 875 2534 dc
892 2488 959 2548 focis
981 2488 1010 2535 T.
1035 2488 1095 2550 (nou
1114 2487 1157 2549 li.)
1175 2514 1209 2528 -
1284 2519 1290 2536 ι

47 2559 218 2636 atqucmmplir]
238 2575 268 2621 T.
286 2590 314 2619 ac
331 2576 422 2632 templis
439 2575 470 2621 tt.
487 2574 545 2620 Ern.
562 2600 595 2613 -
614 2589 642 2619 ac
664 2559 779 2635 libertate]
798 2572 851 2620 ΤΒ.
869 2573 920 2620 Erf.
944 2575 972 2619 de
994 2575 1034 2620 tit.
1051 2574 1111 2619 Ero.
1129 2599 1163 2612 -
1179 2576 1208 2619 de

47 2656 414 2719 mv.]1'tt.Err.ctequ0nnto.
432 2658 489 2705 Ero.
508 2686 539 2697 -
557 2660 654 2704 Habetis
671 2657 732 2718 cusu]
750 2660 780 2704 T.
798 2658 850 2708 Eri.
867 2659 965 2705 Habetis
982 2662 1041 2703 enim
1060 2660 1089 2705 R·
1110 2659 1208 2708 Habetin

47 2744 97 2789 ento
112 2759 160 2791 oum
176 2745 237 2791 Ero.
255 2767 287 2781 -
306 2746 444 2802 „Fortem
460 2744 618 2792 omittendum
633 2747 739 2802 ponus-
757 2743 872 2792 Mtorto.
899 2742 947 2790 .Sic
960 2744 1033 2791 etiam
1045 2746 1207 2798 liotomnur.

48 2823 131 2898 Habent
148 2830 226 2878 cnud.
246 2829 307 2878 noti.
384 2880 387 2890 ¹
