2850 4759
342 292 429 362 PRO
460 293 502 358 A.
534 290 754 370 CAECINA,
784 308 817 359 e.
842 292 893 357 lt.
1163 294 1204 359 95

35 451 138 533 quise
159 451 206 516 ita
227 447 436 517 defenderit:
461 448 578 531 „Eieoi
599 472 662 531 ego
685 461 719 517 te
740 450 1111 533 armatis'hominibus,
1133 475 1201 522 nou

35 553 170 619 deieci:“
191 563 230 617 ut
250 561 382 618 tautum
405 552 537 620 lacinus
558 575 627 620 non
647 555 683 620 in
703 555 874 634 aequitate
894 552 1118 633 defensionis,
1140 556 1202 622 sed

16 656 63 720 >in
89 677 152 721 una
179 652 295 719 littera
320 651 462 721 latuisse
486 652 671 721 videatur?
705 654 855 721 Huiusce
883 655 934 721 rei
960 676 1023 723 vos
1044 657 1201 726 statuetis
1222 666 1261 728 39
1308 648 1312 653 ¹

35 753 152 821 nullam
173 774 250 822 esse
270 755 458 839 actionem,
492 753 624 821 nullum
653 755 855 838 experiundi
883 758 935 823 ius
956 757 1200 838 constitutum,

38 879 89 936 qur
110 856 278 925 obstiterit
298 856 436 922 armatis
458 854 670 932 hominibus,
691 857 749 938 qui
763 856 979 924 multitudine
1000 870 1120 927 coacta
1134 881 1201 925 non

39 958 187 1044 introitu,
227 956 287 1024 sed
317 958 456 1023 omnino
485 956 578 1023 aditu
605 958 798 1039 quempiam
824 959 1063 1040 prohibuerit?

44 1092 48 1110 ι
109 1059 196 1126 XlV.
217 1058 309 1148 Quid
321 1057 431 1138 ergo?
445 1055 511 1122 hoc
523 1077 623 1138 quam
635 1056 737 1125 habet
748 1059 830 1133 vim.
845 1070 883 1126 ut
893 1059 926 1126 id
939 1060 1064 1128 distare
1075 1060 1202 1144 aliquid

38 1171 88 1226 aut
102 1181 141 1225 ex
158 1160 272 1242 aliqua
284 1172 379 1242 parte
392 1160 528 1225 differre
539 1158 723 1226 videatur?
743 1171 877 1240 utrum,
893 1160 1013 1243 pedem
1024 1181 1102 1228 cum
1113 1163 1203 1228 intu-

36 1260 99 1327 lero
111 1274 210 1344 atque
221 1262 255 1329 in
267 1263 484 1344 possessione
499 1260 678 1340 vestigium
693 1259 828 1338 fecero,
846 1274 916 1329 tum
929 1261 1080 1345 expellar
1094 1283 1134 1330 ao
1145 1262 1202 1329 de·

35 1363 134 1429 iieiar:
154 1385 200 1429 an
221 1363 338 1431 eadem
360 1364 444 1430 vict
466 1361 585 1429 iisdem
606 1362 709 1430 armis
727 1362 808 1429 mihi
824 1375 902 1429 ante
916 1373 1137 1450 occurratur,
1158 1385 1201 1432 ne

36 1485 92 1529 uon
104 1462 208 1530 modo
221 1466 361 1549 intrare,
383 1483 502 1531 verum
518 1465 619 1530 etiam
638 1464 791 1546 aspicere
806 1476 865 1530 aut
878 1467 1029 1547 aspirare
1042 1466 1201 1548 possim?

36 1564 104 1644 quid
129 1565 199 1631 hoc
227 1567 267 1632 ab
288 1564 346 1631 illo
368 1562 509 1630 differt?
540 1576 577 1630 ut
597 1563 654 1631 ille
676 1576 822 1645 cogatur
842 1566 1039 1650 restituere,
1056 1597 1059 1604 ·
1075 1566 1131 1647 qui
1152 1565 1202 1632 in·

36 1685 182 1742 gressum
211 1665 401 1748 expulerit3
435 1662 507 1743 ille,
541 1667 598 1747 qui
625 1665 870 1746 ingredientem
897 1666 1100 1749 reppulerit,
1131 1689 1201 1734 nou
1227 1694 1230 1701 ’

36 1766 197 1845 cogatur-⁶?
218 1768 355 1846 Videte,
376 1788 438 1849 per
453 1767 536 1833 deos
552 1766 778 1835 immortales!
799 1768 890 1850 quod
905 1771 958 1836 ius
972 1767 1084 1844 nobis,
1098 1788 1199 1849 quam
1220 1772 1261 1836 tt

37 1867 262 1935 condicionem
291 1869 461 1935 vobismet
487 1868 587 1949 ipsis,
625 1890 728 1952 quam
758 1869 901 1951 denique
931 1868 1060 1936 civitati
1091 1868 1201 1948 legem

37 1973 234 2036 constituere
254 1968 377 2038 velitis.
419 1970 569 2037 Huiusce
596 1972 731 2051 generis
759 1991 827 2038 uua
854 1983 905 2038 est
933 1969 1021 2037 actio
1047 1987 1109 2050 per
1135 1965 1203 2033 boc

37 2070 265 2149 interdictum,
289 2062 356 2153 quo
378 2093 441 2138 nos
462 2075 515 2139 usi
536 2094 673 2151 sumus,
696 2073 900 2151 constituta3
920 2092 960 2138 ea
974 2072 1003 2138 si
1016 2068 1099 2136 nibil
1113 2066 1205 2135 valet

38 2184 89 2236 aut
107 2174 134 2239 si
154 2171 197 2238 ad
218 2172 306 2239 hanc
326 2193 398 2240 rem
420 2196 488 2241 uon
511 2175 673 2254 pertinet,
697 2173 776 2254 quid
796 2170 1021 2251 negligentius
1042 2182 1102 2238 aut
1122 2168 1204 2251 quid

37 2269 164 2338 stultius
185 2274 368 2341 maioribus
388 2277 515 2341 nostris
538 2275 603 2339 dici
618 2286 749 2355 potest,
772 2275 827 2356 qui
843 2286 903 2339 aut
916 2284 1029 2339 tantae
1043 2273 1091 2338 rei
1106 2291 1204 2353 prae·

39 2372 235 2440 termiseriut
256 2377 424 2447 actionem
446 2385 505 2441 aut
520 2395 594 2442 eam
611 2375 868 2451 constituerint,
890 2393 975 2455 quae
989 2391 1203 2455 nequaquam

38 2474 111 2542 satis
132 2476 242 2542 verbis
264 2497 402 2543 causam
425 2489 459 2543 et
480 2478 646 2543 rationem
667 2477 752 2544 iuris
780 2473 1071 2558 amplecteretur?
1107 2472 1202 2538 Peri·

39 2573 185 2641 eulosum
207 2586 260 2642 est
281 2575 420 2644 dissolvi
443 2577 509 2644 hoc
529 2578 764 2645 interdictum:
796 2589 850 2645 est
878 2576 1071 2660 captiosum
1097 2574 1206 2642 omni-

40 2674 111 2755 bus,
132 2697 205 2742 rem
227 2676 330 2746 ullam
355 2680 518 2746 constitui
539 2681 725 2758 eiusmodi,
748 2698 851 2762 quae,
882 2699 960 2745 eum
983 2677 1086 2746 arinis
1108 2688 1206 2756 gesta

39 2778 92 2855 sit,
119 2778 266 2845 rescindi
286 2780 360 2845 iure
381 2802 448 2846 non
468 2782 587 2861 possit.
629 2782 874 2847 Verumtamen
895 2781 1130 2862 turpissimum
1153 2791 1206 2846 est

38 2875 128 2957 illud,
157 2891 271 2946 tantae
292 2876 455 2947 stultitiae
476 2881 762 2964 prudentissimos
784 2882 940 2949 homines
962 2880 1204 2954 condemnari,

40 2991 72 3045 ut
90 3003 149 3048 vos
170 2981 346 3060 iudicetis,
381 2981 481 3049 huius
509 2985 558 3049 rei
585 2984 637 3050 ius
665 3002 766 3063 atque
796 2982 966 3048 actionem
993 2981 1029 3048 in
1054 2988 1206 3047 mentem

39 3083 213 3150 maioribus
235 3082 361 3150 nostris
382 3107 449 3151 non
472 3084 617 3150 venisse.
1153 3108 1156 3113 ’

111 3184 320 3274 Queramur,
344 3185 466 3266 inquit,
486 3184 581 3252 licet:
613 3196 727 3250 tamen
747 3182 816 3251 hoc
836 3180 1017 3251 interdicto
1038 3181 1205 3250 Aebutius
1226 3189 1266 3251 tt

41 3341 222 3358 ψ

103 3460 114 3521 l
132 3462 169 3507 ³9.
187 3459 286 3521 nullum]
305 3461 357 3506 Erf.
375 3461 433 3505 nulli
453 3458 583 3516 Palimps,
602 3461 628 3501 nt
640 3455 744 3503 videtur.
756 3455 840 3502 Lamb.
853 3457 941 3500 uultum
953 3456 975 3499 ei
987 3454 1043 3500 Rau
1055 3451 1115 3499 Var.
1128 3453 1206 3499 Lectt.

41 3542 87 3588 Cic.
107 3559 131 3603 p.
147 3546 185 3590 67.
204 3568 236 3581 -
253 3547 293 3605 qur·
310 3540 435 3602 obstiterit]
479 3540 517 3585 Sic
543 3539 616 3584 etium
633 3538 752 3597 Palimps.
770 3537 821 3582 Eri.
841 3549 888 3595 pro
908 3535 970 3593 quod
987 3534 1046 3580 obet.
1067 3533 1128 3579 Edd.
1149 3539 1207 3577 ante

41 3621 126 3671 Graev'.
148 3629 183 3670 eui
203 3627 261 3686 (=
278 3624 349 3685 quoi)
374 3625 428 3670 Rau
447 3624 464 3670 l.
483 3625 500 3675 l,
517 3621 615 3667 Malim:
644 3623 713 3678 quia,
738 3623 780 3665 soie
802 3622 878 3673 aicit,
906 3618 934 3663 ob
952 3619 1017 3662 nicht
1036 3618 1077 3662 der
1096 3617 1145 3659 e'cb
1165 3618 1209 3659 mit

41 3706 174 3764 lereqffueten
191 3710 279 3753 Leumn
293 3710 488 3765 enlgegeageselet
501 3706 573 3757 baba,
591 3705 633 3748 der
642 3718 665 3748 n.
674 3718 694 3748 e.
711 3716 742 3747 w.
751 3727 783 3739 -
796 3700 925 3746 bominibus
941 3700 975 3751 ie,
993 3699 1033 3755 qni
1050 3697 1106 3742 Rau
1122 3696 1138 3741 l.
1149 3697 1164 3740 l.
1174 3718 1209 3732 -

42 3790 65 3828 at
86 3789 110 3831 td
134 3790 218 3834 distare
244 3790 348 3846 aliquid,
376 3791 417 3831 aut
435 3800 465 3830 er
487 3788 566 3843 aliqua
588 3789 659 3842 parte
680 3784 776 3843 differre
800 3780 916 3842 utdeutrr]
943 3781 1041 3840 Peyron
1065 3794 1079 3826 o
1101 3779 1208 3837 vestigiis

42 3867 150 3928 Palimps.
165 3877 188 3916 et
209 3870 262 3915 Eri.
280 3875 305 3914 ut
323 3872 366 3915 illa
381 3883 419 3913 ree
434 3871 514 3925 aliqua
531 3882 561 3912 ex
577 3872 648 3925 parte
663 3868 686 3913 d.
707 3883 730 3911 u.
747 3867 779 3911 0.
790 3891 825 3904 -
839 3862 994 3925 possessione]
1017 3861 1135 3920 Palimps.
1150 3872 1208 3917 pot·

42 3953 156 3996 sessionem
169 3954 219 3998 nef.
242 3953 273 3998 Ο.
288 3978 320 3988 -
338 3950 376 4011 ac]
399 3951 516 4009 Palimps.
532 3951 583 3996 Erf.
601 3955 668 4008 atque
691 3951 722 3995 Ο.

107 4038 171 4101 ΜΟ.
195 4045 352 4101 turpissimum
378 4046 412 4085 est
437 4040 506 4102 illud]
531 4041 582 4088 Erf.
608 4046 643 4084 est
664 4042 822 4098 turpissimum
845 4040 903 4084 iltuit
925 4037 956 4084 0.
975 4063 1010 4075 -
1031 4037 1066 4081 rei
1086 4036 1122 4079 e'rrs
1141 4037 1208 4089 utque

43 4124 160 4185 actionem]
183 4126 234 4172 Eri.
249 4128 285 4170 rei
304 4130 372 4183 utque
392 4127 491 4169 actionis
509 4123 540 4170 0.
575 4125 661 4169 Utrum
678 4122 796 4179 Palimpe.
818 4119 923 4175 habeat,
949 4124 976 4163 ut
994 4115 1106 4161 Olivetus
1120 4118 1144 4157 et
1161 4111 1206 4154 Ed.

44 4204 103 4251 Ver.
123 4208 204 4254 tatu:
228 4211 263 4254 rei
283 4209 429 4253 interdictum
446 4211 513 4266 atque
529 4209 656 4261 actionem,
681 4218 758 4251 necne
781 4203 886 4256 habeat,
911 4200 1008 4247 dubium
1028 4203 1071 4243 est.

109 4295 122 4357 b
141 4297 178 4344 tt.
190 4297 292 4359 sactum]
318 4298 370 4344 Erf.
386 4313 431 4344 esee
443 4297 536 4356 jactum
557 4298 588 4344 0.
