2850 4759
244 290 412 362 ORATIO
432 292 494 362 111.
514 291 563 360 ΙΝ
582 290 852 379 CATILINAM,
874 312 906 360 c.
929 294 979 357 11.
1137 296 1196 362 237

42 451 83 519 rei
94 450 433 536 publieae'quoesivit,
444 451 610 522 eiusmodi
621 453 778 533 luerunt,
794 465 831 522 ut
843 474 910 522 non
921 451 1195 524 reconciliatione

41 555 249 643 concordiae,
283 555 343 626 sed
369 556 598 626 internecione
628 549 751 624 civium
790 555 991 625 diiudicatae
1021 558 1102 626 sint.
1154 560 1195 630 lu

39 662 95 729 hoc
122 673 235 729 eutem
261 684 329 728 uno
362 672 442 744 post
464 661 639 728 bominum
667 663 867 729 memoriam
894 662 1044 728 maximo
1073 664 1195 732 crude·

39 764 221 850 lissimoque
248 764 356 840 bello,
377 762 475 848 quale
498 761 625 833 bellurn
649 761 742 831 inulla
762 785 909 847 unquam
936 766 1089 833 barbaria
1114 790 1194 838 eum
1236 777 1240 783 '

39 892 88 936 sua
119 882 220 950 gente
248 870 368 951 gessit,
408 892 476 952 quo
509 866 655 936 inbelle
690 865 749 935 lex
781 866 864 935 haee
890 863 955 936 fuit
982 890 1001 936 a
1030 869 1193 952 Lentulo,

40 972 181 1053 Catilina,
212 973 361 1054 Cethego
384 986 418 1041 et
433 973 551 1040 Cassio
568 973 772 1051 constituta,
800 984 839 1038 ut
856 992 993 1050 omnes,
1022 974 1077 1056 qui
1098 972 1194 1043 salva

39 1078 108 1143 urbe
137 1076 221 1144 salvi
261 1098 335 1145 esse
367 1088 521 1161 possent,
550 1076 584 1142 in
617 1073 766 1145 bostium
798 1096 941 1142 numero
974 1076 1193 1157 ducerentur,

39 1182 75 1246 ita
95 1202 145 1258 me
162 1179 272 1262 gessi,
306 1181 477 1271 Quirites,
511 1193 549 1248 ut
569 1199 690 1248 ornnes
705 1176 790 1246 salvi
811 1181 1114 1259 consoranensium
1145 1193 1193 1261 et,

40 1308 101 1352 cum
121 1284 237 1352 hostes
263 1285 367 1352 vestri
392 1296 523 1352 tantum
548 1284 671 1352 civium
696 1283 953 1365 superfuturum
977 1304 1051 1352 esse
1074 1296 1193 1367 putas·

40 1406 114 1465 sent,
141 1400 305 1472 quantum
319 1388 468 1455 infinitae
482 1386 576 1454 caedi
590 1387 790 1465 restitisset,
815 1398 946 1470 tanturn
961 1399 1074 1455 autem
1089 1390 1193 1468 urbis,

40 1503 182 1572 qrrantum
211 1491 350 1558 flamma
379 1492 473 1559 obire
502 1513 571 1559 nou
601 1490 787 1573 potuisset,
826 1502 861 1558 et
886 1491 1006 1559 urbem
1036 1503 1070 1559 et
1098 1492 1192 1564 cives

38 1593 171 1677 integros
192 1594 449 1678 incolumesque
470 1595 618 1662 servavi.

101 1700 159 1768 XI.
200 1700 338 1793 Quibus
363 1722 425 1782 pro
451 1700 551 1767 tantis
573 1699 691 1777 rebus,
724 1697 893 1790 Quirites,
926 1696 1057 1770 nullum
1081 1718 1144 1781 ego
1171 1698 1253 1769 ars

40 1803 118 1871 robis
145 1806 335 1887 praemium
367 1803 518 1881 virtutis,
551 1799 680 1869 nullum
708 1803 848 1883 insigue-
865 1800 1022 1881 honoris,
1059 1803 1192 1874 nullum

41 1922 280 1976 monumentum
297 1907 406 1976 laudis
423 1904 600 1990 postulabo
617 1920 852 1988 praeterquam
868 1906 966 1975 buius
982 1908 1046 1975 diei
1062 1929 1192 1990 meme·

40 2012 108 2077 riam
127 2014 381 2096 sempiternam.
422 2010 461 2077 Iu
485 2010 605 2078 animis
627 2031 689 2090 ego
710 2010 833 2077 vestris
858 2030 976 2077 omnes
1001 2008 1190 2094 triumphos

41 2133 136 2193 oreas,
163 2115 279 2183 omnia
300 2126 498 2182 estromenta
519 2114 676 2192 honoris,
707 2123 926 2198 monumenta
946 2111 1092 2193 gloriae,
1117 2113 1190 2181 lau·

41 2216 80 2282 dis
95 2218 251 2300 insignia,
277 2219 376 2285 condi
393 2232 426 2285 et
442 2215 604 2285 collocari
623 2214 713 2285 volo.
748 2214 839 2283 Nihil
856 2237 910 2282 me
927 2228 1057 2284 mutum
1077 2229 1191 2299 potest

41 2319 206 2401 delectare,
253 2321 333 2390 nihil
367 2324 526 2398 tacitum,
573 2318 654 2387 nibil
688 2317 832 2401 denique
866 2318 1052 2397 eiusmodi,
1097 2320 1191 2402 quod

41 2425 132 2492 etiam.
147 2428 259 2494 minus
286 2427 378 2505 digeri
403 2425 536 2509 assequi
557 2425 699 2507 possint.
751 2423 920 2490 Memoria
941 2436 1070 2502 vestra,
1104 2424 1189 2516 Qui·

40 2528 122 2607 rites,
153 2543 293 2599 nostrae
310 2550 365 2595 res
387 2527 536 2606 alentur,
560 2528 773 2595 sermonibus
795 2538 969 2606 crescent,
997 2527 1190 2596 litterarum

41 2621 248 2701 inenumentis
277 2634 525 2701 inveterascent
552 2643 584 2698 et
613 2632 942 2699 corroborabuntur:
980 2630 1189 2714 eandemque

42 2730 111 2802 diem
136 2736 307 2817 intelligo,
345 2757 446 2820 quarn
478 2756 578 2818 spero
609 2746 782 2804 aeternam
810 2735 885 2801 fore
912 2731 1016 2802 etad
1043 2732 1189 2802 salutern

40 2839 115 2907 urbis
132 2854 164 2910 et
182 2840 224 2908 ad
245 2842 444 2908 memoriam
468 2837 665 2907 consulatus
688 2840 752 2908 mei
771 2851 994 2922 propagatam
1012 2844 1036 2915 †
1053 2859 1189 2921 unoque
1284 2865 1288 2874 ¹

42 2942 174 3026 tempore
202 2946 236 3013 in
261 2944 325 3012 bac
354 2965 390 3011 re
417 2940 552 3030 publica
579 2940 664 3009 duos
690 2944 781 3009 eires
815 2943 1003 3018 exstitisse,
1041 2965 1189 3025 quorum

40 3040 108 3111 alter
126 3049 207 3137 lines
229 3050 334 3116 vestri
353 3047 483 3130 imperii
498 3068 566 3113 non
583 3056 710 3121 terrae,
739 3042 799 3112 sed
818 3042 902 3111 caeli
916 3045 1104 3124 regionibns
1120 3056 1189 3109 ter·

40 3148 182 3232 minaret,
203 3150 288 3220 alter
299 3148 449 3222 eiusdem
465 3149 595 3232 imperii
608 3146 815 3216 doirricilium
830 3146 1011 3231 sedemque
1022 3160 1188 3218 servaret.

40 3293 246 3315 Qun-...-

94 3384 158 3447 126.
175 3384 308 3452 postulabo]
326 3387 379 3435 Tit.
392 3390 487 3446 postulo
503 3387 562 3434 Ero.
574 3390 717 3446 -proelcr
734 3388 800 3432 lruiies
817 3386 847 3433 R.
867 3383 929 3449 (non
947 3382 993 3449 T.)
1010 3412 1045 3424 -
1062 3387 1190 3448 eiusmodi]
1216 3405 1218 3412 ‚

39 3462 81 3514 lt.
96 3472 220 3519 huiusmodi
240 3473 299 3529 Ern.
315 3498 349 3511 ·-
368 3478 468 3532 possunt
489 3474 542 3520 Tu.
559 3499 593 3511 -
610 3474 730 3529 eademque
753 3472 814 3516 diem
837 3468 895 3532 (sie)
913 3471 942 3517 Τ.
960 3496 992 3510 -
1009 3477 1142 3531 propagate
1159 3473 1189 3520 T.

39 3561 174 3611 propagatam
191 3559 261 3618 ponit
278 3564 335 3605 ente
352 3574 391 3607 vr.
414 3561 437 3603 et
458 3559 489 3604 ed
511 3558 541 3604 P.
558 3582 590 3594 -
609 3570 653 3614 qao
672 3570 759 3623 quoque
776 3558 807 3603 R.
824 3555 884 3617 (non
901 3554 942 3615 T.)
960 3557 1127 3615 (propagatam
1143 3570 1191 3601 esse

40 3638 57 3677 et
70 3639 95 3682 od
109 3643 199 3686 salutem
217 3645 279 3689 urbis
296 3649 318 3688 et
333 3645 364 3690 od
381 3644 514 3689 memoriam
532 3643 660 3687 consuletur
678 3643 738 3695 mei,
770 3643 875 3700 omnique
892 3647 994 3699 tempore
1011 3637 1075 3704 [boc
1092 3641 1191 3701 proedi-

41 3726 107 3768 tetum
121 3723 161 3782 iri',
186 3726 272 3788 simul]
296 3730 321 3772 ia
337 3730 380 3772 lice
397 3743 422 3773 rc
441 3727 536 3785 publiea
552 3725 661 3785 Madvig.
679 3727 784 3786 Opasce.
803 3727 911 3772 scudem.
929 3742 954 3786 p.
975 3726 1031 3772 191.
1050 3726 1105 3773 scit.
1124 3711 1191 3773 ordi·

41 3814 84 3850 neu
98 3810 200 3867 praefert
212 3810 290 3858 codd.
302 3810 332 3857 P.
350 3810 439 3858 Coloe.
456 3809 541 3858 Duisb.
558 3811 663 3869 omnique
680 3815 716 3857 est
733 3810 757 3855 in
776 3810 853 3857 Codri.
866 3811 967 3856 Oxouu.
986 3809 1068 3857 Verba
1086 3810 1129 3856 illa
1146 3812 1192 3855 lioc

39 3900 70 3941 Pr·
86 3893 126 3948 iri,
150 3897 218 3941 simul
240 3896 279 3944 vel
304 3895 391 3942 similia
408 3894 528 3942 excidisse
545 3895 685 3943 arbitretur.
703 3920 735 3935 -
753 3897 811 3941 duos
826 3896 875 3941 dies
890 3893 944 3941 Tu.
962 3918 994 3933 ·-
1011 3897 1082 3941 neem
1098 3896 1192 3954 imperii

42 3978 99 4020 wlsi
113 3991 156 4024 sorr
172 3981 202 4027 R.
221 4006 253 4020 ·-
270 3982 374 4041 milesque
392 3980 423 4027 ll.
466 3993 468 3997 ’

46 4106 244 4125 Ὢ-

98 4213 108 4276 l
130 4218 169 4264 26.
186 4220 243 4263 coeli
266 4217 408 4280 regionibus]
438 4217 529 4265 similla
545 4220 599 4267 leus
616 4218 866 4279 Pompeio-tribuitur
882 4218 906 4265 in
923 4219 1010 4281 fragm.
1028 4233 1066 4267 or.
1087 4221 1117 4266 de
1133 4225 1191 4268 aete

45 4292 112 4344 aliene
134 4301 230 4350 Milonis
252 4305 280 4361 1¹,
296 4305 336 4351 4.s
361 4308 400 4364 qui
417 4305 501 4363 populi
520 4305 620 4354 Romani
635 4296 768 4363 imperium‘
782 4318 829 4350 aon
848 4308 962 4351 terrerum
981 4304 1128 4364 regionibus,
1151 4306 1191 4349 sed

45 4381 93 4425 cccli
106 4385 203 4440 portibus
220 4389 356 4435 terminavit.
