2850 4759
150 257 436 329 recussum
458 258 498 326 c.
520 257 712 328 ruuuuu
736 258 819 328 cru.
842 258 898 336 ιν,
921 280 951 325 0.
975 260 1126 326 su-n.
1188 215 1229 328 us
1262 229 1284 345 ,ζ-
1387 281 1390 287 -

59 420 97 486 de
116 428 175 484 tuo
201 416 392 488 clarissimo·
416 415 714 501 prrlrherrimoque
743 429 982 487 momumentor
1014 442 1083 508 npn
1105 415 1228 496 iudicis

54 520 159 594 solutu
183 521 400 588 severitatem
426 520 458 586 in
484 517 549 585 hoc
574 519 729 597 crimine,
763 519 823 588 sed
846 542 952 602 prope
976 522 1102 588 inimici
1126 535 1228 606 atque

54 623 261 690 accusatorio
292 623 361 690 viru
396 622 571 703 suscipere
606 621 721 690 (lebes.
777 622 873 689 Tuus
907 625 996 690 euim
1031 622 1141 691 honos
1169 625 1226 692 illo
1311 693 1314 697 ,

30 722 177 806 vtemplo
208 736 346 793 senatus
385 721 569 805 populique
606 725 747 789 llourani
781 725 961 802 beneficio,
1001 737 1047 791 trn
1081 727 1227 798 nominis

57 839 187 894 aeterua
217 825 380 894 memoria
405 823 507 896 simul
535 846 612 892 curn
643 825 771 907 templo
805 826 861 893 illo
892 840 1131 895 uorrsecratur:
1168 829 1227 904 tihi

57 926 137 993 haec
165 949 245 994 cura
276 925 512 1008 suscipienda,
549 929 606 992 tihi
641 924 725 991 hacc
758 949 861 1009 npcra
887 929 1054 996 sumenda
1087 941 1155 1007 cst,
1191 944 1244 1012 ut

57 1028 287 1111 Capitulium,¹
308 1026 600 1112 quemadmodum
630 1029 902 1108 ruagnilrccntius
928 1043 981 1098 est
1015 1034 1227 1109 restitutum,

54 1134 99 1200 sic
124 1133 297 1214 copiosius
321 1144 480 1200 ornatum
508 1133 571 1208 sit,
602 1152 705 1214 quam
730 1132 814 1210 fuit3
845 1144 883 1199 ut
907 1131 963 1199 illa
982 1134 1120 1199 flumme
1142 1132 1228 1200 diri·

54 1235 138 1301 nitus
157 1236 313 1304 extitisse
334 1233 508 1312 rideatur,
537 1255 605 1300 non
629 1254 716 1316 quae
737 1232 866 1302 deleret
886 1234 978 1304 lovis
1001 1235 1128 1315 Optimi
1150 1237 1227 1302 hle·

54 1337 130 1402 xirni
155 1335 339 1418 ternplum,
371 1334 432 1403 sed
463 1356 549 1418 quse
574 1333 782 1418 praeclarius
807 1336 1147 1420 magnificentiusque
1164 1321 1228 1410 'rte-

55 1450 218 1518 posccrct.
262 1435 418 1515 Audisti,
440 1436 491 1528 Q
521 1438 713 1503 Minucium
738 1436 853 1503 dicere
877 1438 969 1504 domi
997 1459 1079 1512 surae
1106 1439 1227 1506 dever·
1249 1450 1288 1513 70

56 1552 159 1608 saturn
181 1559 262 1607 esse
286 1537 495 1620 Antiochum
522 1559 639 1620 regem
666 1539 861 1621 Syracusis:
893 1559 930 1608 se
958 1538 1039 1607 illud
1068 1542 1157 1608 seire
1185 1541 1228 1607 ad

55 1641 150 1710 istum
166 1662 245 1710 esse
260 1641 430 1710 delatum:
450 1662 488 1708 se
507 1643 596 1710 scire
614 1664 683 1709 non
705 1639 893 1708 redditum:
916 1642 1038 1710 audisti
1057 1642 1228 1714 etnudies

56 1745 141 1811 omni
161 1765 179 1812 e
200 1754 374 1810 conventu
398 1743 613 1825 Syracusano
639 1745 696 1826 qui
722 1745 768 1808 itu
797 1743 931 1823 dicant,
963 1766 1040 1813 sese
1061 1746 1227 1835 audienti·

55 1844 112 1915 hus
127 1845 210 1913 illud
235 1845 308 1912 lovi
328 1846 467 1928 Optimo
488 1845 645 1915 Maximo
664 1844 809 1911 dicatum
826 1866 936 1914 esses
957 1867 1037 1926 rege
1054 1843 1230 1920 Antiocho

55 1959 85 2014 ct
100 1959 354 2030 consecratum.
393 1948 427 2015 Si
450 1947 553 2016 iudex
576 1970 646 2016 nen
667 1968 777 2025 essee,
813 1959 848 2014 et
872 1948 956 2015 hacc
988 1948 1028 2015 ad
1057 1962 1089 2016 te
1116 1936 1229 2030 deluto

54 2062 231 2130 recesset,
252 2062 288 2117 te
314 2049 529 2133 potissimum
559 2048 628 2117 hoe
650 2050 826 2132 persequi,
849 2061 881 2115 te
905 2062 1041 2131 petere,
1070 2045 1107 2117 te
1124 2050 1228 2131 agere

16 2215 17 2222 ,
56 2165 235 2234 oporteret.
275 2150 393 2242 Quare
416 2173 484 2220 uun
509 2151 646 2229 dubito,
668 2175 736 2235 quo
763 2152 875 2218 auimo
899 2146 1008 2220 ‘iudex
1027 2146 1135 2220 [huius
1160 2154 1228 2218 cri·

16 2293 18 2324 :
57 2253 153 2321 minis
172 2274 247 2323 csse
277 2253 419 2331 debeas,
450 2254 507 2337 qui
536 2252 627 2335 apud
657 2252 763 2320 olium
790 2250 938 2319 iudicem
963 2251 1072 2318 multo
1096 2243 1228 2329 acrior,

55 2374 149 2438 quern
165 2375 232 2437 ego
255 2376 352 2441 sum,
373 2366 472 2422 setor
496 2363 744 2435 accusatorque
770 2373 844 2420 esse
873 2345 1049 2422 deberes‘

124 2456 283 2525 xxxtt.
324 2455 429 2524 Vobis
447 2467 580 2532 autem.
598 2452 746 2533 iudices,
768 2454 849 2538 quid
873 2454 940 2523 hoc
962 2453 1149 2535 indignius,
1170 2466 1229 2542 aut
1249 2476 1288 2539 τι

54 2556 126 2641 quid
149 2560 265 2628 minus
287 2556 465 2626 serendum
491 2555 598 2624 videri
619 2556 763 2638 potest?
787 2556 956 2624 Verresne
979 2556 1114 2625 habehit
1134 2554 1229 2624 domi

53 2680 128 2732 suae
156 2659 403 2730 candelabrum
431 2659 541 2737 loris,
588 2677 608 2724 e
639 2659 786 2738 gemmis
819 2678 975 2743 auroque
1005 2659 1228 2745 perfectum?

54 2763 144 2840 cuius
164 2762 304 2845 fulgore
320 2761 494 2834 collucere
510 2771 613 2843 etque
634 2758 800 2830 illustrari
818 2762 910 2829 lovis
929 2761 1058 2844 Optimi
1081 2761 1229 2830 Maximi

55 2864 218 2948 templum
240 2864 445 2949 oportebat,
462 2860 512 2929 'id
533 2862 633 2945 ‘apud
666 2863 771 2930 istum
800 2862 835 2928 iu
867 2862 1035 2930 eiusmodi
1060 2853 1229 2934 conviviis
1265 2921 1270 2928 .

54 2969 299 3047 commiretur,
319 2986 406 3048 quse
430 2965 629 3034 domesticis
646 2966 774 3046 stupris
792 2964 995 3046 flagitiisque
1011 2961 1229 3056 flagrabunt?
1289 2983 1293 2990 ·

53 3066 90 3135 lu
110 3069 214 3140 istius
242 3066 375 3143 lenonis
404 3067 592 3151 turpissimi
616 3065 721 3134 doure
748 3063 850 3136 simul
872 3084 953 3148 eum
974 3061 1096 3128 ceteris
1119 3059 1232 3130 cheu,

55 3169 146 3240 denis
165 3169 383 3242 hereditariis
403 3169 613 3238 ornamentis
629 3164 789 3252 Capitolii
811 3176 1012 3234 ornamenta
1031 3163 1230 3244 ponentur?

55 3270 140 3362 Quid
160 3271 244 3339 huic
265 3272 355 3338 sacri
374 3290 524 3352 uuquam
551 3268 645 3348 fore,
677 3280 736 3335 aut
756 3267 837 3351 quid
865 3266 1016 3347 religiosi
1041 3265 1147 3333 fuisse
1168 3287 1232 3347 pu·

54 3374 145 3453 tutis,
166 3374 225 3456 qui
246 3393 338 3439 nuuc
359 3384 454 3439 tanto
475 3368 606 3446 scelere
626 3391 664 3437 se
686 3370 889 3447 obstrictum
905 3388 981 3435 esse
996 3390 1064 3433 uon
1079 3366 1231 3434 sentiut'?

54 3475 161 3556 quiin
180 3472 348 3540 iudicium
369 3472 500 3550 veniat,
528 3472 649 3538 ubine
676 3472 808 3553 precari
838 3469 973 3552 quidem
994 3468 1113 3536 Iorem
1135 3469 1231 3554 Opti-

16 3639 17 3642 ,
55 3596 142 3641 nunu
165 3576 363 3641 Maximum
384 3584 486 3655 atque
507 3573 547 3638 ah
567 3593 611 3636 eo
635 3570 800 3637 auxilium
822 3583 1057 3651 peteremore
1077 3571 1239 3637 omnium'

54 3678 188 3755 possit?
213 3697 232 3740 a
256 3697 322 3757 quo
345 3674 446 3739 etiam
470 3674 513 3737 dii
536 3669 742 3739 immortales
764 3693 826 3737 sua
847 3681 1005 3752 repetunt
1026 3671 1060 3734 in
1082 3691 1121 3734 eo
1143 3671 1230 3733 indi-

56 3777 121 3863 cio,
144 3775 241 3859 quod
263 3774 452 3841 horninibus
475 3772 516 3839 ad
538 3794 616 3839 suus
638 3794 692 3840 rcs
713 3773 915 3854 repetendas
932 3771 1232 3844 estconstitutm‘u'.

16 3933 18 3936 .
57 3932 250 3949 —0-.....„

16 4101 17 4104 Ἰ
117 4040 184 4100 570.
209 4036 463 4101 Q.1t1tnnctsm]cum
483 4054 508 4084 re
527 4053 584 4084 reru
605 4040 684 4095 plures
703 4040 732 4090 Q.
751 4037 851 4082 Minucii
870 4038 923 4081 Rufi
943 4034 1021 4093 (alise
1037 4029 1106 4080 erunt
1123 4035 1230 4081 familiae

16 4149 18 4188 3
56 4121 221 4168 hliuuciorum
237 4122 419 4180 Augurinomm
437 4126 462 4165 ct
472 4115 644 4174 Thermorunr)
663 4121 825 4163 memorentur
843 4117 911 4173 apud
927 4116 1021 4173 seriptt.
1039 4123 1064 4161 et
1081 4117 1106 4160 ln
1123 4117 1230 4168 nummis,

57 4215 87 4247 ex
103 4201 203 4248 scholio
222 4202 306 4261 atiquo
325 4203 365 4248 rel
381 4199 520 4248 moriter
538 4212 554 4244 ι
573 4197 675 4248 librarlo
697 4198 722 4243 in
739 4198 876 4255 archetypo
894 4195 973 4243 cedd.
992 4197 1140 4244 deteriorum
1156 4196 1231 4240 incul-

16 4279 18 4318 l
58 4289 134 4331 ectum
151 4288 191 4331 est
209 4282 304 4339 Rususu.
