2850 4759
194 274 253 341 lli
351 330 356 339 .
546 326 550 333 ,
667 265 904 338 CICERONIS

194 432 255 500 des
283 430 443 498 divinit-us
472 416 632 496 adiuncta
663 427 812 494 fortuna.
866 427 917 495 De
946 427 1046 496 huius
1079 436 1194 494 autem
1213 427 1367 496 ‘bominis

193 533 372 609 felicitate,
404 531 447 598 de
467 553 534 614 quo
553 530 655 597 ‘nunc
681 532 835 610 agimus,
866 528 930 596 bac
957 543 1035 596 utar
1063 528 1304 607 moderatione
1325 529 1368 596 di·

193 634 309 714 cendi,
339 656 410 701 non
444 643 483 698 ut
516 632 550 698 in
582 629 673 698 illius
702 641 873 712 potestate
905 631 1080 699 fortunam
1114 632 1266 713 positam
1303 652 1367 698 esse

193 737 324 817 dicam,
353 736 413 804 sed
438 747 476 801 ut
502 734 686 816 praeterita
706 733 920 811 meminisse,
942 730 1072 814 reliqua
1095 751 1237 814 sperare
1263 735 1367 800 vides·

193 858 290 915 ιιιιιι,
320 858 364 904 ne
389 848 448 902 aut
471 834 579 903 inrisa
608 832 670 902 diis
698 834 948 903 immortalibus
975 834 1085 901 oratio
1105 846 1227 902 nostra
1246 848 1308 902 aut
1326 836 1368 900 in-

132 945 172 1007 48
193 952 292 1020 grata
313 958 388 1006 esse
409 936 575 1003 videatur.
626 936 745 1018 ltaque
766 958 834 1004 non
861 957 939 1004 sum
963 933 1246 1018 praedicaturus,
1273 956 1368 1018 quan-

194 1055 246 1110 tas
265 1039 321 1107 ille
339 1061 394 1108 res
417 1038 509 1106 dorni
530 1037 685 1114 militiae,
715 1048 805 1104 terra
826 1037 978 1119 marique
1001 1047 1193 1120 quantaque
1213 1035 1368 1103 felicitate

193 1144 355 1224 gesserit,
376 1153 414 1208 ut
435 1140 506 1208 eius
525 1158 661 1221 semper
683 1138 917 1206 voluntatibus
934 1148 1003 1206 riou
1023 1137 1128 1206 modo
1150 1139 1244 1205 cives
1262 1158 1369 1204 assen·

141 1254 143 1261 ‘
193 1245 318 1323 serint,
352 1244 437 1311 socii
466 1241 753 1325 obtemperarint,
788 1238 904 1308 hostes
933 1239 1143 1319 obedierint,
1178 1239 1241 1307 sed
1278 1241 1367 1306 etiam

193 1347 285 1413 uenti
310 1355 597 1427 tempestatesque
622 1338 904 1410 obsecundarint:
935 1339 1003 1408 hoc
1025 1341 1226 1408 brevissime
1248 1340 1367 1417 dican,

1412 3264 1418 3389 l

192 1448 363 1513 nerninem
385 1466 534 1528 unquam
560 1456 629 1511 tam
650 1442 883 1526 impudentem
908 1442 1033 1523 fuisse,
1069 1442 1126 1524 qui
1151 1441 1192 1508 ab
1222 1442 1291 1510 diis
1314 1445 1369 1508 im·

194 1547 394 1615 mortalibus
420 1558 472 1612 tot
493 1557 529 1612 et
548 1557 737 1614 tentasses
763 1542 886 1610 tacitus
912 1541 1053 1608 auderet
1077 1553 1212 1624 optare,
1231 1554 1320 1625 qrrot
1340 1552 1368 1611 et

194 1659 336 1733 quantas
359 1648 405 1714 dii
428 1644 640 1714 immortales
665 1645 707 1713 ad
734 1647 794 1714 Cn.
820 1644 1021 1726 Pompeium
1043 1642 1253 1710 detulerunt:
1286 1644 1368 1728 quod

193 1763 232 1816 ut
252 1748 300 1815 illi
321 1749 498 1831 proprium
526 1768 566 1814 ac
589 1759 793 1829 perpetuum
820 1745 882 1824 sit,
913 1744 1086 1835 Quirites,
1117 1765 1196 1812 cum
1218 1764 1369 1812 commu-

194 1851 246 1919 nis
271 1849 390 1917 salutis
414 1861 515 1932 atque
537 1848 687 1930 imperii,
721 1859 794 1913 tum
818 1846 923 1930 ipsius
948 1844 1096 1914 hominis
1120 1865 1244 1924 eausa,
1276 1846 1368 1914 sicuti

194 1952 324 2029 facitis,
357 1949 446 2017 velie
464 1961 499 2017 et
521 1960 639 2032 optare
661 1946 802 2015 debetis,

134 2052 173 2116 ts
203 2093 208 2099 -
274 2051 391 2143 Quare
421 2060 563 2117 sumet
591 2047 715 2116 bellum
745 2051 791 2116 sit
818 2048 865 2115 ita
894 2050 1145 2135 necessarium,
1180 2060 1221 2115 ut
1251 2047 1369 2130 negligi

194 2172 264 2220 non
284 2152 428 2234 possit,
442 2152 489 2218 ita
513 2171 694 2231 magnum,
727 2162 765 2216 ut
789 2152 1045 2218 accuratissime
1069 2152 1114 2217 sit
1138 2149 1358 2218 administren

195 2252 296 2333 dum,
327 2265 460 2321 etcum
481 2255 512 2320 ei
534 2254 776 2335 imperatorem
796 2252 981 2333 praeficere
1001 2252 1161 2334 possitis,
1189 2252 1224 2318 in
1244 2275 1312 2335 quo
1332 2252 1370 2318 sit

195 2357 320 2425 eximia
341 2354 420 2424 belli
440 2353 600 2430 scientia,
622 2351 803 2433 singularis
823 2356 949 2433 virtus,
971 2352 1157 2421 clarissima
1176 2354 1370 2433 auctoritas,

195 2460 332 2539 egregia
351 2457 502 2535 fortuma,
525 2453 733 2530 dubitabitis,
758 2453 921 2541 Quirites,
943 2456 1022 2540 quin
1043 2442 1110 2522 lroc
1133 2467 1267 2522 tantum
1285 2456 1369 2528 boni,

195 2559 285 2642 quod
313 2559 409 2625 vobis
438 2558 479 2623 ab
505 2554 567 2622 dris
592 2554 841 2622 immortalibus
867 2556 1019 2625 oblatum
1043 2568 1077 2623 et
1098 2553 1217 2622 datum
1241 2569 1313 2633 est,
1339 2558 1369 2621 in

146 2720 151 2727 .
194 2657 471 2743 rempublicam
507 2655 777 2725 conservandam
811 2668 914 2739 atque
951 2656 1225 2741 amplificandam
1263 2658 1370 2727 consc-

194 2760 306 2829 ratis?

134 2867 174 2931 tu
274 2861 385 2930 xvlt.
429 2861 530 2953 Quod
564 2865 594 2929 si
612 2863 754 2928 vRomae
786 2860 1065 2944 Cn..Pompeius
1096 2863 1251 2943 privatus
1285 2872 1370 2930 esset

195 2963 261 3032 boc
283 2976 457 3047 tempore,
488 2975 601 3030 tamen
631 2961 673 3029 ad
702 2972 833 3028 tautum
859 2959 985 3029 bellum
1017 2964 1046 3030 is
1074 2976 1146 3030 erat
1175 2963 1369 3044 deligendus

195 3076 296 3149 atque
320 3063 519 3133 mittendus.
560 3065 679 3140 Nunc,
700 3084 778 3130 cum
808 3061 850 3129 ad
875 3075 1007 3132 ceteras
1031 3086 1184 3132 summas
1211 3065 1368 3132 utilitates

194 3166 281 3234 haec
305 3187 440 3249 quoque
463 3168 700 3248 opportunitas
728 3164 946 3243 adiungatur,
982 3176 1019 3231 ut
1046 3166 1080 3231 in
1110 3168 1150 3233 iis
1173 3168 1264 3248 'ipsis
1288 3166 1367 3233 locis

195 3267 361 3345 adsit„ut
375 3265 498 3333 habeat
521 3267 728 3345 exercitum,
757 3277 796 3333 ut
814 3266 856 3331 ab
880 3265 942 3343 iis,
971 3266 1026 3348 qui
1048 3265 1189 3344 habent,
1219 3269 1367 3349 accipere

197 3369 312 3436 statim
339 3367 467 3449 possit,
485 3367 570 3449 ‘'quid
595 3365 864 3451 exspectamus?
886 3378 945 3435 aut
969 3388 1031 3433 cur
1052 3390 1122 3435 rron
1147 3369 1286 3435 ducibus
1307 3368 1366 3432 diis

194 3466 443 3535 immortalibus
466 3468 594 3546 cidem,
630 3471 685 3536 cni
709 3481 824 3549 cetera
846 3488 981 3534 summa
996 3489 1084 3535 ¹cum
1109 3469 1220 3536 salute
1245 3470 1290 3536 rei
1308 3487 1366 3551 pu·

194 3565 301 3635 blicae
326 3570 511 3637 commissa
538 3580 636 3647 sunt,
666 3568 733 3636 boe
753 3589 890 3650 quoque
911 3567 1039 3637 bellum
1061 3571 1195 3650 regium
1217 3570 1366 3638 commit·

195 3670 336 3737 tamus?

261 3854 332 3916 ΜΒ.
346 3856 536 3918 praedicaturus]
555 3857 585 3904 Ε.
601 3860 795 3917 praedicaturus,
821 3861 922 3914 Quirites
939 3861 997 3907 Ern.
1010 3886 1043 3899 -
1057 3859 1166 3920 militiae]
1186 3861 1215 3907 E.
1233 3859 1366 3915 militiaeque

192 3937 251 3983 Ern.
268 3963 302 3978 -
319 3943 404 3998 quauta
423 3938 493 3997 selim
519 3941 593 3987 Liber
615 3938 787 4002 N'rimbergsri.
805 3968 840 3980 -
857 3947 883 3988 ul
904 3945 953 3989 eires
975 3944 1129 3989 uoluntatibus
1151 3957 1198 3988 uou
1221 3944 1286 3988 modo
1307 3943 1364 3984 cicer

192 4032 282 4078 seraper
299 4022 410 4081 qffuerr'rrt
424 4022 455 4068 P.
471 4047 507 4060 —
524 4025 571 4068 boc·
585 4025 684 4070 breuiter
700 4025 731 4070 P.
749 4050 781 4062 -
799 4023 839 4085 ob]
857 4023 887 4070 E.
905 4040 920 4070 o
936 4025 996 4072 Eru.
1013 4050 1048 4063 -·
1064 4027 1209 4071 coutulerunt
1223 4025 1252 4070 Ρ.

260 4103 272 4166 5
295 4105 336 4152 ts.
354 4107 387 4150 rit
402 4107 436 4152 ita
452 4103 512 4167 ηοω]
530 4106 560 4152 Ε.
585 4109 618 4153 ita
636 4122 684 4153 nec.
712 4111 747 4153 sit
760 4107 818 4154 Em.
843 4109 877 4153 tra
894 4109 926 4152 sit
941 4119 989 4155 nee.
1008 4107 1037 4155 P.
1054 4132 1090 4145 -·
1105 4109 1215 4154 dubitatis
1231 4107 1259 4152 Ρ.
1276 4130 1305 4143 -
1323 4101 1362 4162 al]

191 4189 222 4236 P.
238 4187 269 4235 Ε.
286 4203 301 4233 a
317 4188 376 4235 Em.
928 4189 930 4193 ’

260 4270 272 4332 l
291 4270 333 4317 bo.
352 4271 532 4333 committamus]
550 4271 580 4317 P.
598 4271 627 4317 E.
646 4273 809 4317 committimus
826 4271 885 4318 Em,
