2850 4759
181 290 350 361 ORATIO
373 288 460 360 PRO
482 286 604 357 LEGE
624 288 841 365 Maureta,
862 309 895 357 c.
909 290 948 353 15
963 300 998 358 et
1016 291 1064 357 to.
1158 292 1216 355 ltt

38 449 220 519 attulisset.
261 448 372 517 Huius
405 447 574 516 adventus
600 459 635 514 et
660 447 909 516 Mithridatem
924 446 1060 516 insolita
1085 448 1216 519 inflam-

36 565 167 618 matum
194 551 339 617 rictoria
366 551 535 616 continuit
558 563 593 615 et
620 551 804 630 Tigranem
835 551 962 629 maguis
989 551 1096 632 copiis
1119 553 1217 620 mini·

37 666 161 720 tantem
183 652 286 718 Asiae
309 649 508 720 retardavit.
550 653 595 718 Et
622 654 799 734 quisquam
829 651 1008 729 dubitabit,
1042 652 1123 733 quid
1148 655 1217 719 vir·

36 767 105 821 tute
128 755 350 836 perfecturus
374 754 435 830 sit,
457 755 512 835 qui
535 765 666 820 tantum
689 753 894 819 auctoritate
918 753 1127 834 perfecerit?
1156 765 1216 820 aut

37 877 132 937 quam
151 854 255 921 facilc
280 855 423 935 imperio
445 867 545 936 atque
568 856 722 920 exercitu
744 854 858 920 socios
881 866 916 919 et
931 853 1111 933 vectigalia
1134 875 1217 922 con·

36 967 233 1023 servaturus
258 957 339 1040 sit,⁷
352 957 409 1037 qui
432 957 507 1037 ipso
533 958 670 1021 rromine
690 977 731 1020 ao
752 975 894 1021 rumore
914 953 1134 1021 defenderim

42 1089 47 1095 ·
108 1057 207 1123 XVI.
250 1059 325 1137 Age
343 1079 444 1132 vero,
474 1055 532 1122 illa
551 1070 607 1121 res
629 1068 788 1138 quantam
809 1054 961 1121 declarat
978 1054 1131 1122 eiusdem
1152 1055 1214 1124 ho·
1233 1064 1273 1126 to

37 1158 129 1224 minis
159 1157 256 1239 apud
283 1158 400 1226 hostes
431 1155 550 1241 populi
579 1158 725 1222 Rotnani
757 1158 1016 1233 auctoritatem,
1050 1156 1142 1239 quod
1168 1179 1215 1224 ex

36 1258 118 1337 locis·
148 1273 220 1329 tam
253 1258 444 1341 longinquis
482 1271 618 1339 tamquo
653 1257 795 1325 diversis
826 1271 894 1327 tam
929 1260 1023 1325 brevi
1058 1273 1214 1340 tempore

39 1381 152 1430 omues
175 1360 255 1429 huic
277 1381 315 1427 se
337 1363 394 1426 uni
417 1358 636 1426 dediderunt!
655 1359 750 1440 quod
765 1360 979 1428 Cretensium
994 1359 1110 1439 legati,
1133 1381 1213 1426 cum

37 1462 69 1526 iu
94 1482 215 1528 eorum
247 1460 358 1527 insula
387 1472 506 1527 noster
540 1461 729 1541 imperator
757 1463 996 1543 exercitusque
1030 1472 1137 1536 esset,
1170 1459 1214 1526 ad

39 1562 96 1634 Cn.
123 1562 328 1643 Pompeium
353 1565 388 1628 in
418 1561 555 1628 ultimas
586 1583 694 1644 prope
726 1575 834 1631 terras
859 1575 1026 1629 venerunt
1051 1564 1148 1644 eique
1176 1583 1214 1629 sc

40 1684 151 1730 omues
180 1665 397 1730 Cretensium
421 1665 576 1731 civitates
600 1664 725 1729 dedere
755 1661 841 1728 velle
873 1660 1047 1727 dixerunt!
1081 1660 1214 1749 Quid?

38 1763 122 1830 idem
161 1766 228 1831 istc
262 1763 482 1831 Mithridates
518 1787 629 1831 noune
663 1766 705 1831 ad
740 1764 885 1829 eundem
921 1764 980 1829 Cn.
1011 1763 1215 1842 Pompeium

38 1863 186 1944 legatum
214 1887 323 1947 usquo
352 1864 394 1932 ad
422 1867 619 1947 Hispaniam
647 1867 740 1932 misit
772 1886 874 1943 eum,
902 1885 1004 1946 quem
1027 1863 1214 1944 Pompeius

9 2024 12 2031 s
38 1963 187 2045 legatum
206 1987 342 2048 semper
360 1966 537 2042 iudicavit,
563 1969 604 2043 ii,
634 1969 754 2048 quibus
775 1977 849 2032 erat
865 1985 1006 2047 semper
1029 1964 1235 2055 molestum

41 2067 175 2136 adeum
197 2068 413 2148 potissimum
440 2086 515 2134 esse
544 2070 707 2145 missum,
730 2067 979 2148 speculatorem
1004 2088 1104 2148 quam
1124 2064 1215 2147 lega-

41 2179 107 2235 tum
138 2168 283 2234 iudicari
311 2168 531 2235 maluerunt?
581 2169 729 2234 Potestis
757 2169 859 2246 igitur
886 2169 954 2233 iam
985 2169 1214 2244 constituere,

43 2268 210 2357 Quirites,
242 2268 329 2335 hanc
352 2272 594 2335 auctoritatem
618 2268 733 2334 multis
756 2281 875 2349 postea
898 2269 1000 2335 rebus
1018 2268 1123 2348 gestis
1144 2288 1217 2332 ma·

40 2372 180 2454 gnisque
210 2372 333 2436 vestris
368 2368 501 2436 iudiciis
536 2364 777 2450 amplificatam
813 2381 976 2451 quantum
1012 2367 1102 2450 apud
1136 2366 1215 2434 illos

39 2490 151 2554 reges,
189 2482 354 2553 quantum
379 2471 468 2551 apud
495 2481 630 2537 exteras
659 2472 815 2539 nationes
838 2469 1020 2538 valituram
1044 2489 1119 2537 esse
1144 2468 1218 2536 exi·

41 2572 194 2639 stituctis·
855 2616 859 2620 -

113 2673 295 2756 Reliquum
328 2685 406 2759 est,—
427 2686 466 2740 ut
496 2673 538 2740 de
567 2675 747 2752 felicitate,
783 2698 884 2758 quam
913 2687 1088 2758 praestare
1112 2673 1155 2740 de
1182 2693 1219 2741 so
1238 2685 1278 2748 47

41 2775 108 2854 ipso
135 2797 237 2842 nemo
267 2785 399 2856 potest,
435 2778 630 2843 meminisse
661 2789 694 2842 et
728 2796 1003 2844 commemorare
1035 2777 1077 2842 de
1109 2776 1218 2843 altero

41 2897 239 2956 possumus,
260 2877 363 2944 siout
385 2897 530 2959 aequum
552 2891 603 2945 est
626 2878 778 2947 homines
801 2878 842 2943 de
863 2889 1035 2959 potestate
1061 2877 1219 2953 deorum,

43 2978 153 3044 timide
172 2991 205 3044 et
227 2999 335 3060 pauca
357 2977 523 3071 dicamus.
563 2979 638 3058 Ego
662 2981 752 3045 enim
774 2981 824 3045 sic
845 2979 1023 3043 existimo:
1045 2978 1217 3061 Maximo,

43 3077 222 3164 Marcello,
253 3081 420 3160 Scipioni,
449 3081 562 3145 Mario
589 3093 622 3144 et
643 3082 766 3145 ceteris
796 3079 928 3156 magnis
955 3077 1219 3158 imperatoribus

43 3201 107 3245 non
137 3180 250 3248 solum
280 3193 419 3262 propter
442 3183 621 3257 virtutem,
654 3179 714 3246 sed
746 3183 848 3245 ctiam
874 3189 1015 3260 propter
1044 3178 1221 3245 fortunam

44 3283 173 3362 saepius
206 3284 348 3364 imperia
376 3283 533 3349 mandata
561 3294 661 3362 atque
690 3281 863 3346 exercitus
892 3300 968 3346 esse
992 3280 1220 3346 commissos.

42 3380 115 3449 Fuit
141 3385 230 3448 enim
260 3383 418 3464 prolecto
455 3383 655 3464 quibusdam
691 3381 835 3448 summis
867 3382 949 3446 viris
980 3379 1147 3462 quaedam
1173 3380 1222 3446 ad
1262 3425 1269 3437 ·

44 3482 297 3564 amplitudinem
323 3496 356 3549 et
383 3484 426 3549 ad
456 3482 600 3563 gloriam
625 3495 659 3549 et
683 3481 726 3550 ad
753 3502 809 3548 res
830 3503 971 3562 magnas
995 3483 1079 3550 bene
1099 3500 1222 3562 geren-

109 3683 121 3744 ᾗ
140 3686 181 3731 46.
201 3689 310 3743 quantam
328 3686 371 3729 illa
392 3699 430 3729 res
447 3684 477 3729 P.
489 3707 524 3719 -
540 3688 587 3729 tam
605 3686 704 3731 diuersis
724 3685 754 3731 P.
776 3707 810 3723 -
828 3686 881 3730 tute
900 3699 924 3730 ss
943 3683 993 3745 uni]
1012 3685 1041 3730 E.
1062 3688 1103 3730 arti
1125 3687 1179 3731 tute
1198 3700 1223 3731 aa

45 3764 72 3810 P.
95 3767 152 3813 Eru.
172 3792 204 3802 -
231 3768 343 3813 Firmani
372 3769 431 3811 idem
452 3769 495 3811 iste
517 3767 547 3813 P.
567 3766 597 3812 E.
615 3793 650 3805 —
671 3781 739 3825 usqua
762 3765 809 3830 ad]
834 3769 864 3814 E.
892 3783 961 3826 usquc
981 3771 1006 3812 in
1027 3767 1086 3813 Era.
1105 3793 1138 3806 -
1158 3781 1222 3820 eum.

46 3849 119 3910 quem]
144 3851 174 3896 P.
197 3850 227 3895 E.
255 3864 348 3908 eumque
365 3849 423 3901 Esn.
441 3873 475 3888 -
492 3854 544 3894 erat
557 3848 657 3912 semper]
677 3849 709 3897 Ε,
728 3864 818 3908 semper
844 3856 896 3899 arat
912 3851 971 3897 Ero.
997 3851 1053 3896 Om.
1079 3864 1169 3908 semper
1192 3850 1223 3894 Ρ.

46 3929 150 3992 Madvig.
798 3926 802 3931 ⁴

112 4021 122 4082 l
141 4024 182 4070 47.
199 4022 314 4083 homiues]
334 4023 365 4069 P.
385 4023 416 4069 E.
433 4024 523 4068 homini
538 4023 596 4068 Em.
611 4044 647 4057 —
661 4025 684 4066 et
696 4024 728 4068 od
745 4021 792 4083 gd]
810 4023 840 4068 Ρ.
861 4016 891 4069 E.
912 4028 935 4068 et
949 4024 1054 4092 gloriam
1069 4021 1129 4068 Era.
1146 4046 1179 4063 -
1195 4021 1223 4065 dc

47 4102 111 4148 laius
130 4106 228 4150 bominis
244 4104 275 4150 P.
291 4129 325 4144 -
338 4106 370 4170 uda
386 4101 442 4167 qno]
462 4105 492 4150 E.
510 4119 557 4164 quo
574 4106 602 4149 de
615 4105 675 4150 Ern.

114 4287 125 4348 l
143 4289 183 4337 46.
204 4291 236 4338 od
253 4303 304 4336 eum
319 4287 477 4355 potissimum]
496 4291 537 4352 qui
555 4298 605 4339 tum
622 4298 740 4355 quaestor
756 4298 851 4338 tautum
869 4296 937 4338 esset.
