<?xml version="1.0" encoding="UTF-8"?>
<!DOCTYPE html PUBLIC "-//W3C//DTD XHTML 1.0 Transitional//EN"
    "http://www.w3.org/TR/xhtml1/DTD/xhtml1-transitional.dtd">
<html xmlns="http://www.w3.org/1999/xhtml" xml:lang="en" lang="en">
 <head>
  <title>
</title>
<meta http-equiv="Content-Type" content="text/html;charset=utf-8" />
  <meta name='ocr-system' content='tesseract 3.04.00' />
  <meta name='ocr-capabilities' content='ocr_page ocr_carea ocr_par ocr_line ocrx_word'/>
</head>
<body>
  <div class='ocr_page' id='page_1' title='image "./mtulliiciceroni00orelgoog_0323.png"; bbox 0 0 2850 4759; ppageno 0'>
   <div class='ocr_carea' id='block_1_1' title="bbox 266 282 1190 379">
    <p class='ocr_par' dir='ltr' id='par_1_1' title="bbox 266 282 1190 379">
     <span class='ocr_line' id='line_1_1' title="bbox 266 282 1190 379; baseline 0.005 -27"><span class='ocrx_word' id='word_1_1' title='bbox 266 282 434 354; x_wconf 80' lang='lat' dir='ltr'>ORATIO</span> <span class='ocrx_word' id='word_1_2' title='bbox 458 285 543 355; x_wconf 85' lang='lat' dir='ltr'><strong>PRO</strong></span> <span class='ocrx_word' id='word_1_3' title='bbox 570 285 614 379; x_wconf 99' lang='lat' dir='ltr'><strong><em>Q</em></strong></span> <span class='ocrx_word' id='word_1_4' title='bbox 639 284 840 367; x_wconf 71' lang='lat' dir='ltr'><strong>trenaro,</strong></span> <span class='ocrx_word' id='word_1_5' title='bbox 862 310 893 355; x_wconf 91' lang='lat' dir='ltr'><strong>c.</strong></span> <span class='ocrx_word' id='word_1_6' title='bbox 918 291 948 356; x_wconf 74' lang='grc'><strong>2.</strong></span> <span class='ocrx_word' id='word_1_7' title='bbox 1133 294 1190 357; x_wconf 78' lang='lat'><strong>305</strong></span> 
     </span>
    </p>
   </div>
   <div class='ocr_carea' id='block_1_2' title="bbox 32 443 1328 3018">
    <p class='ocr_par' dir='ltr' id='par_1_2' title="bbox 32 443 1328 1566">
     <span class='ocr_line' id='line_1_2' title="bbox 33 443 1189 536; baseline 0.005 -23"><span class='ocrx_word' id='word_1_8' title='bbox 33 443 155 523; x_wconf 85' lang='lat' dir='ltr'><strong>audito,</strong></span> <span class='ocrx_word' id='word_1_9' title='bbox 177 444 301 527; x_wconf 84' lang='lat' dir='ltr'><strong>partim</strong></span> <span class='ocrx_word' id='word_1_10' title='bbox 330 443 513 528; x_wconf 90' lang='lat' dir='ltr'><strong>eupiditate</strong></span> <span class='ocrx_word' id='word_1_11' title='bbox 540 447 808 527; x_wconf 86' lang='lat' dir='ltr'><strong>inconsiderata,</strong></span> <span class='ocrx_word' id='word_1_12' title='bbox 835 451 957 533; x_wconf 89' lang='lat' dir='ltr'><strong>partim</strong></span> <span class='ocrx_word' id='word_1_13' title='bbox 983 470 1085 519; x_wconf 88' lang='lat' dir='ltr'><strong>caeco</strong></span> <span class='ocrx_word' id='word_1_14' title='bbox 1108 475 1189 536; x_wconf 90' lang='lat' dir='ltr'><strong>quo·</strong></span> 
     </span>
     <span class='ocr_line' id='line_1_3' title="bbox 32 547 1191 638; baseline 0.005 -22"><span class='ocrx_word' id='word_1_15' title='bbox 32 549 100 616; x_wconf 88' lang='lat' dir='ltr'><strong>dam</strong></span> <span class='ocrx_word' id='word_1_16' title='bbox 125 550 265 629; x_wconf 88' lang='lat' dir='ltr'><strong>timore,</strong></span> <span class='ocrx_word' id='word_1_17' title='bbox 287 549 395 631; x_wconf 89' lang='lat' dir='ltr'><strong>primo</strong></span> <span class='ocrx_word' id='word_1_18' title='bbox 416 547 553 629; x_wconf 83' lang='lat' dir='ltr'><strong>salutis,</strong></span> <span class='ocrx_word' id='word_1_19' title='bbox 575 563 653 633; x_wconf 84' lang='lat' dir='ltr'><strong>post</strong></span> <span class='ocrx_word' id='word_1_20' title='bbox 673 554 774 620; x_wconf 87' lang='lat' dir='ltr'><strong>etiam</strong></span> <span class='ocrx_word' id='word_1_21' title='bbox 795 554 896 622; x_wconf 85' lang='lat' dir='ltr'><strong>studii</strong></span> <span class='ocrx_word' id='word_1_22' title='bbox 917 555 969 621; x_wconf 85' lang='lat' dir='ltr'><strong>sui</strong></span> <span class='ocrx_word' id='word_1_23' title='bbox 986 556 1191 638; x_wconf 76' lang='lat' dir='ltr'>quaerebant</span> 
     </span>
     <span class='ocr_line' id='line_1_4' title="bbox 32 651 1189 743; baseline 0.007 -24"><span class='ocrx_word' id='word_1_24' title='bbox 32 651 163 735; x_wconf 81' lang='lat' dir='ltr'>aliquem</span> <span class='ocrx_word' id='word_1_25' title='bbox 194 652 342 734; x_wconf 79' lang='lat' dir='ltr'><strong>duoem3</strong></span> <span class='ocrx_word' id='word_1_26' title='bbox 376 654 627 734; x_wconf 79' lang='lat' dir='ltr'><strong>cuanigarius</strong></span> <span class='ocrx_word' id='word_1_27' title='bbox 653 655 792 723; x_wconf 90' lang='lat' dir='ltr'><strong>domum</strong></span> <span class='ocrx_word' id='word_1_28' title='bbox 823 669 1005 743; x_wconf 83' lang='lat' dir='ltr'><strong>spectans,</strong></span> <span class='ocrx_word' id='word_1_29' title='bbox 1036 658 1077 725; x_wconf 91' lang='lat' dir='ltr'><strong>ad</strong></span> <span class='ocrx_word' id='word_1_30' title='bbox 1107 681 1189 727; x_wconf 80' lang='lat' dir='ltr'><strong>suos</strong></span> 
     </span>
     <span class='ocr_line' id='line_1_5' title="bbox 32 754 1191 842; baseline 0.006 -20"><span class='ocrx_word' id='word_1_31' title='bbox 32 755 130 822; x_wconf 89' lang='lat' dir='ltr'><strong>redire</strong></span> <span class='ocrx_word' id='word_1_32' title='bbox 156 757 317 836; x_wconf 83' lang='lat' dir='ltr'><strong>cupiens,</strong></span> <span class='ocrx_word' id='word_1_33' title='bbox 338 754 432 823; x_wconf 78' lang='lat' dir='ltr'><strong>nulio</strong></span> <span class='ocrx_word' id='word_1_34' title='bbox 453 777 489 824; x_wconf 86' lang='lat' dir='ltr'><strong>se</strong></span> <span class='ocrx_word' id='word_1_35' title='bbox 516 758 678 840; x_wconf 79' lang='lat' dir='ltr'><strong>implicari</strong></span> <span class='ocrx_word' id='word_1_36' title='bbox 699 760 835 840; x_wconf 82' lang='lat' dir='ltr'><strong>negotio</strong></span> <span class='ocrx_word' id='word_1_37' title='bbox 859 780 978 842; x_wconf 84' lang='lat' dir='ltr'><strong>passus</strong></span> <span class='ocrx_word' id='word_1_38' title='bbox 999 773 1060 833; x_wconf 83' lang='lat' dir='ltr'><strong>est.</strong></span> <span class='ocrx_word' id='word_1_39' title='bbox 1099 762 1191 829; x_wconf 87' lang='lat' dir='ltr'><strong>Inte·</strong></span> 
     </span>
     <span class='ocr_line' id='line_1_6' title="bbox 32 859 1190 944; baseline 0.007 -20"><span class='ocrx_word' id='word_1_40' title='bbox 32 861 85 925; x_wconf 88' lang='lat' dir='ltr'><strong>rirn</strong></span> <span class='ocrx_word' id='word_1_41' title='bbox 113 862 148 926; x_wconf 90' lang='grc' dir='ltr'><strong>Ρ.</strong></span> <span class='ocrx_word' id='word_1_42' title='bbox 175 861 276 926; x_wconf 84' lang='lat' dir='ltr'><strong>Atius</strong></span> <span class='ocrx_word' id='word_1_43' title='bbox 305 860 429 938; x_wconf 85' lang='lat' dir='ltr'><strong>Varus,</strong></span> <span class='ocrx_word' id='word_1_44' title='bbox 457 860 517 943; x_wconf 62' lang='lat' dir='ltr'><strong>&#39;qui</strong></span> <span class='ocrx_word' id='word_1_45' title='bbox 544 859 858 942; x_wconf 77' lang='lat' dir='ltr'><strong>praeror‘Amcam</strong></span> <span class='ocrx_word' id='word_1_46' title='bbox 888 865 1095 944; x_wconf 75' lang='lat' dir='ltr'><strong>obtinuerat,</strong></span> <span class='ocrx_word' id='word_1_47' title='bbox 1116 866 1190 935; x_wconf 90' lang='lat' dir='ltr'><strong>Uti·</strong></span> 
     </span>
     <span class='ocr_line' id='line_1_7' title="bbox 32 961 1189 1051; baseline 0.01 -24"><span class='ocrx_word' id='word_1_48' title='bbox 32 982 94 1028; x_wconf 86' lang='lat' dir='ltr'><strong>cam</strong></span> <span class='ocrx_word' id='word_1_49' title='bbox 119 962 234 1030; x_wconf 84' lang='lat' dir='ltr'><strong>venit:</strong></span> <span class='ocrx_word' id='word_1_50' title='bbox 258 961 300 1029; x_wconf 88' lang='lat' dir='ltr'><strong>ad</strong></span> <span class='ocrx_word' id='word_1_51' title='bbox 325 985 402 1029; x_wconf 91' lang='lat' dir='ltr'><strong>eum</strong></span> <span class='ocrx_word' id='word_1_52' title='bbox 425 965 539 1051; x_wconf 78' lang='lat' dir='ltr'><strong>statim</strong></span> <span class='ocrx_word' id='word_1_53' title='bbox 568 987 773 1033; x_wconf 84' lang='lat' dir='ltr'><strong>concursum</strong></span> <span class='ocrx_word' id='word_1_54' title='bbox 800 979 860 1034; x_wconf 85' lang='lat' dir='ltr'><strong>est.</strong></span> <span class='ocrx_word' id='word_1_55' title='bbox 903 972 1013 1051; x_wconf 84' lang='lat' dir='ltr'><strong>Atque</strong></span> <span class='ocrx_word' id='word_1_56' title='bbox 1041 967 1096 1035; x_wconf 82' lang='lat' dir='ltr'><strong>ilie</strong></span> <span class='ocrx_word' id='word_1_57' title='bbox 1119 994 1189 1038; x_wconf 93' lang='lat' dir='ltr'><strong>non</strong></span> 
     </span>
     <span class='ocr_line' id='line_1_8' title="bbox 32 1066 1188 1156; baseline 0.008 -24"><span class='ocrx_word' id='word_1_58' title='bbox 32 1067 183 1134; x_wconf 88' lang='lat' dir='ltr'><strong>mediocri</strong></span> <span class='ocrx_word' id='word_1_59' title='bbox 217 1066 399 1150; x_wconf 80' lang='lat' dir='ltr'><strong>cupiditate</strong></span> <span class='ocrx_word' id='word_1_60' title='bbox 435 1069 575 1151; x_wconf 85' lang='lat' dir='ltr'><strong>arripuit</strong></span> <span class='ocrx_word' id='word_1_61' title='bbox 601 1068 798 1152; x_wconf 88' lang='lat' dir='ltr'><strong>imperium,</strong></span> <span class='ocrx_word' id='word_1_62' title='bbox 833 1071 862 1138; x_wconf 91' lang='lat' dir='ltr'><strong>si</strong></span> <span class='ocrx_word' id='word_1_63' title='bbox 894 1070 973 1137; x_wconf 81' lang='lat' dir='ltr'><strong>illud</strong></span> <span class='ocrx_word' id='word_1_64' title='bbox 1009 1073 1188 1156; x_wconf 88' lang='lat' dir='ltr'><strong>imperium</strong></span> 
     </span>
     <span class='ocr_line' id='line_1_9' title="bbox 33 1170 1189 1259; baseline 0.006 -23"><span class='ocrx_word' id='word_1_65' title='bbox 33 1191 96 1237; x_wconf 85' lang='lat' dir='ltr'><strong>esse</strong></span> <span class='ocrx_word' id='word_1_66' title='bbox 120 1171 249 1253; x_wconf 82' lang='lat' dir='ltr'><strong>potuit,</strong></span> <span class='ocrx_word' id='word_1_67' title='bbox 280 1171 371 1255; x_wconf 89' lang='lat' dir='ltr'><strong>quod</strong></span> <span class='ocrx_word' id='word_1_68' title='bbox 395 1170 437 1238; x_wconf 90' lang='lat' dir='ltr'><strong>ad</strong></span> <span class='ocrx_word' id='word_1_69' title='bbox 461 1174 629 1253; x_wconf 86' lang='lat' dir='ltr'><strong>privatum</strong></span> <span class='ocrx_word' id='word_1_70' title='bbox 657 1171 807 1240; x_wconf 86' lang='lat' dir='ltr'><strong>clamore</strong></span> <span class='ocrx_word' id='word_1_71' title='bbox 836 1173 1057 1244; x_wconf 83' lang='lat' dir='ltr'><strong>multitudinis</strong></span> <span class='ocrx_word' id='word_1_72' title='bbox 1081 1178 1189 1259; x_wconf 83' lang='lat' dir='ltr'><strong>irnpe-</strong></span> 
     </span>
     <span class='ocr_line' id='line_1_10' title="bbox 33 1274 1328 1363; baseline 0.01 -25"><span class='ocrx_word' id='word_1_73' title='bbox 33 1275 123 1353; x_wconf 86' lang='lat' dir='ltr'><strong>ritae‚</strong></span> <span class='ocrx_word' id='word_1_74' title='bbox 156 1274 252 1344; x_wconf 82' lang='lat' dir='ltr'><strong>nulio</strong></span> <span class='ocrx_word' id='word_1_75' title='bbox 282 1275 414 1358; x_wconf 89' lang='lat' dir='ltr'><strong>publico</strong></span> <span class='ocrx_word' id='word_1_76' title='bbox 442 1274 582 1342; x_wconf 76' lang='lat' dir='ltr'><strong>consilio</strong></span> <span class='ocrx_word' id='word_1_77' title='bbox 608 1276 834 1343; x_wconf 85' lang='lat' dir='ltr'><strong>deserebatur.</strong></span> <span class='ocrx_word' id='word_1_78' title='bbox 877 1277 993 1360; x_wconf 85' lang='lat' dir='ltr'><strong>Itaque</strong></span> <span class='ocrx_word' id='word_1_79' title='bbox 1021 1280 1228 1360; x_wconf 58' lang='lat' dir='ltr'><strong>Ligarium</strong></span> <span class='ocrx_word' id='word_1_80' title='bbox 1325 1358 1328 1363; x_wconf 11' lang='lat' dir='ltr'>y</span> 
     </span>
     <span class='ocr_line' id='line_1_11' title="bbox 34 1378 1188 1469; baseline 0.008 -26"><span class='ocrx_word' id='word_1_81' title='bbox 34 1380 78 1460; x_wconf 87' lang='lat' dir='ltr'><strong>qui</strong></span> <span class='ocrx_word' id='word_1_82' title='bbox 100 1402 198 1446; x_wconf 88' lang='lat' dir='ltr'><strong>omne</strong></span> <span class='ocrx_word' id='word_1_83' title='bbox 221 1378 287 1447; x_wconf 87' lang='lat' dir='ltr'><strong>tale</strong></span> <span class='ocrx_word' id='word_1_84' title='bbox 309 1382 482 1462; x_wconf 77' lang='lat' dir='ltr'><strong>negotium</strong></span> <span class='ocrx_word' id='word_1_85' title='bbox 510 1392 648 1462; x_wconf 84' lang='lat' dir='ltr'><strong>cuperet</strong></span> <span class='ocrx_word' id='word_1_86' title='bbox 670 1380 836 1469; x_wconf 77' lang='lat' dir='ltr'><strong>effugere,</strong></span> <span class='ocrx_word' id='word_1_87' title='bbox 863 1380 1013 1464; x_wconf 85' lang='lat' dir='ltr'><strong>paullum</strong></span> <span class='ocrx_word' id='word_1_88' title='bbox 1040 1382 1188 1452; x_wconf 86' lang='lat' dir='ltr'><strong>adventu</strong></span> 
     </span>
     <span class='ocr_line' id='line_1_12' title="bbox 34 1479 323 1566; baseline 0.017 -21"><span class='ocrx_word' id='word_1_89' title='bbox 34 1479 100 1548; x_wconf 82' lang='lat' dir='ltr'><strong>Vari</strong></span> <span class='ocrx_word' id='word_1_90' title='bbox 120 1484 323 1566; x_wconf 86' lang='lat' dir='ltr'><strong>conquievit.</strong></span> 
     </span>
    </p>

    <p class='ocr_par' dir='ltr' id='par_1_3' title="bbox 36 1585 1271 3018">
     <span class='ocr_line' id='line_1_13' title="bbox 99 1585 1188 1680; baseline 0.009 -30"><span class='ocrx_word' id='word_1_91' title='bbox 99 1589 139 1654; x_wconf 83' lang='lat' dir='ltr'><strong>lt.</strong></span> <span class='ocrx_word' id='word_1_92' title='bbox 184 1585 327 1665; x_wconf 82' lang='lat' dir='ltr'><strong>Adhuc,</strong></span> <span class='ocrx_word' id='word_1_93' title='bbox 363 1587 400 1654; x_wconf 88' lang='lat' dir='ltr'><strong>C.</strong></span> <span class='ocrx_word' id='word_1_94' title='bbox 422 1588 563 1666; x_wconf 86' lang='lat' dir='ltr'><strong>Caesar,</strong></span> <span class='ocrx_word' id='word_1_95' title='bbox 601 1587 643 1680; x_wconf 89' lang='lat' dir='ltr'><strong>Q.</strong></span> <span class='ocrx_word' id='word_1_96' title='bbox 673 1587 825 1669; x_wconf 83' lang='lat' dir='ltr'><strong>Ligarius</strong></span> <span class='ocrx_word' id='word_1_97' title='bbox 847 1591 939 1659; x_wconf 90' lang='lat' dir='ltr'><strong>omni</strong></span> <span class='ocrx_word' id='word_1_98' title='bbox 961 1587 1188 1673; x_wconf 72' lang='lat' dir='ltr'><strong>culpaverat.</strong></span> 
     </span>
     <span class='ocr_line' id='line_1_14' title="bbox 36 1687 1188 1771; baseline 0.005 -17"><span class='ocrx_word' id='word_1_99' title='bbox 36 1687 131 1758; x_wconf 87' lang='lat' dir='ltr'><strong>Domo</strong></span> <span class='ocrx_word' id='word_1_100' title='bbox 154 1703 207 1759; x_wconf 80' lang='lat' dir='ltr'><strong>est</strong></span> <span class='ocrx_word' id='word_1_101' title='bbox 228 1711 385 1771; x_wconf 81' lang='lat' dir='ltr'><strong>egressus</strong></span> <span class='ocrx_word' id='word_1_102' title='bbox 406 1715 472 1758; x_wconf 91' lang='lat' dir='ltr'><strong>non</strong></span> <span class='ocrx_word' id='word_1_103' title='bbox 495 1691 597 1758; x_wconf 88' lang='lat' dir='ltr'><strong>modo</strong></span> <span class='ocrx_word' id='word_1_104' title='bbox 618 1689 749 1758; x_wconf 83' lang='lat' dir='ltr'><strong>nullum</strong></span> <span class='ocrx_word' id='word_1_105' title='bbox 771 1691 810 1758; x_wconf 92' lang='lat' dir='ltr'><strong>ad</strong></span> <span class='ocrx_word' id='word_1_106' title='bbox 834 1692 974 1770; x_wconf 81' lang='lat' dir='ltr'><strong>bellurn,</strong></span> <span class='ocrx_word' id='word_1_107' title='bbox 1001 1692 1061 1761; x_wconf 88' lang='lat' dir='ltr'><strong>sed</strong></span> <span class='ocrx_word' id='word_1_108' title='bbox 1081 1715 1124 1760; x_wconf 87' lang='lat' dir='ltr'><strong>ne</strong></span> <span class='ocrx_word' id='word_1_109' title='bbox 1144 1692 1188 1760; x_wconf 89' lang='lat' dir='ltr'><strong>ad</strong></span> 
     </span>
     <span class='ocr_line' id='line_1_15' title="bbox 36 1792 1188 1879; baseline 0.003 -20"><span class='ocrx_word' id='word_1_110' title='bbox 36 1794 191 1863; x_wconf 79' lang='lat' dir='ltr'><strong>minimam</strong></span> <span class='ocrx_word' id='word_1_111' title='bbox 216 1792 349 1878; x_wconf 82' lang='lat' dir='ltr'><strong>quidem</strong></span> <span class='ocrx_word' id='word_1_112' title='bbox 372 1796 598 1877; x_wconf 75' lang='lat' dir='ltr'><strong>suspicionem</strong></span> <span class='ocrx_word' id='word_1_113' title='bbox 622 1794 713 1862; x_wconf 83' lang='lat' dir='ltr'><strong>belii:</strong></span> <span class='ocrx_word' id='word_1_114' title='bbox 749 1794 881 1877; x_wconf 81' lang='lat' dir='ltr'><strong>legatus</strong></span> <span class='ocrx_word' id='word_1_115' title='bbox 907 1798 941 1864; x_wconf 94' lang='lat' dir='ltr'><strong>in</strong></span> <span class='ocrx_word' id='word_1_116' title='bbox 968 1817 1052 1879; x_wconf 89' lang='lat' dir='ltr'><strong>pace</strong></span> <span class='ocrx_word' id='word_1_117' title='bbox 1072 1795 1188 1879; x_wconf 85' lang='lat' dir='ltr'><strong>profe-</strong></span> 
     </span>
     <span class='ocr_line' id='line_1_16' title="bbox 37 1899 1188 1983; baseline 0.006 -23"><span class='ocrx_word' id='word_1_118' title='bbox 37 1909 115 1971; x_wconf 84' lang='lat' dir='ltr'><strong>ctus.</strong></span> <span class='ocrx_word' id='word_1_119' title='bbox 137 1900 168 1965; x_wconf 92' lang='lat' dir='ltr'><strong>in</strong></span> <span class='ocrx_word' id='word_1_120' title='bbox 191 1899 365 1981; x_wconf 87' lang='lat' dir='ltr'><strong>provincia</strong></span> <span class='ocrx_word' id='word_1_121' title='bbox 386 1900 599 1980; x_wconf 85' lang='lat' dir='ltr'><strong>pacatissima</strong></span> <span class='ocrx_word' id='word_1_122' title='bbox 620 1900 666 1975; x_wconf 84' lang='lat' dir='ltr'><strong>ita</strong></span> <span class='ocrx_word' id='word_1_123' title='bbox 686 1920 723 1967; x_wconf 87' lang='lat' dir='ltr'><strong>se</strong></span> <span class='ocrx_word' id='word_1_124' title='bbox 738 1901 861 1979; x_wconf 77' lang='lat' dir='ltr'><strong>gessit,</strong></span> <span class='ocrx_word' id='word_1_125' title='bbox 883 1901 962 1967; x_wconf 69' lang='lat' dir='ltr'><strong>ut‘ei</strong></span> <span class='ocrx_word' id='word_1_126' title='bbox 978 1921 1095 1983; x_wconf 87' lang='lat' dir='ltr'><strong>paoem</strong></span> <span class='ocrx_word' id='word_1_127' title='bbox 1112 1920 1188 1967; x_wconf 87' lang='lat' dir='ltr'><strong>esse</strong></span> 
     </span>
     <span class='ocr_line' id='line_1_17' title="bbox 38 2000 1189 2082; baseline 0.006 -19"><span class='ocrx_word' id='word_1_128' title='bbox 38 2001 206 2082; x_wconf 76' lang='lat' dir='ltr'><strong>expediret.</strong></span> <span class='ocrx_word' id='word_1_129' title='bbox 250 2000 421 2069; x_wconf 72' lang='lat' dir='ltr'><strong>Profectio</strong></span> <span class='ocrx_word' id='word_1_130' title='bbox 448 2016 540 2068; x_wconf 87' lang='lat' dir='ltr'><strong>corte</strong></span> <span class='ocrx_word' id='word_1_131' title='bbox 568 2003 715 2068; x_wconf 89' lang='lat' dir='ltr'><strong>animum</strong></span> <span class='ocrx_word' id='word_1_132' title='bbox 746 2015 841 2069; x_wconf 87' lang='lat' dir='ltr'><strong>tuurn</strong></span> <span class='ocrx_word' id='word_1_133' title='bbox 862 2026 928 2070; x_wconf 92' lang='lat' dir='ltr'><strong>non</strong></span> <span class='ocrx_word' id='word_1_134' title='bbox 956 2002 1055 2070; x_wconf 82' lang='lat' dir='ltr'><strong>debet</strong></span> <span class='ocrx_word' id='word_1_135' title='bbox 1082 2004 1189 2071; x_wconf 87' lang='lat' dir='ltr'><strong>offen·</strong></span> 
     </span>
     <span class='ocr_line' id='line_1_18' title="bbox 40 2101 1186 2189; baseline 0.004 -22"><span class='ocrx_word' id='word_1_136' title='bbox 40 2101 122 2171; x_wconf 90' lang='lat' dir='ltr'><strong>dere:</strong></span> <span class='ocrx_word' id='word_1_137' title='bbox 158 2129 240 2172; x_wconf 91' lang='lat' dir='ltr'><strong>num</strong></span> <span class='ocrx_word' id='word_1_138' title='bbox 269 2106 371 2186; x_wconf 82' lang='lat' dir='ltr'><strong>igitur</strong></span> <span class='ocrx_word' id='word_1_139' title='bbox 391 2104 587 2172; x_wconf 65' lang='lat' dir='ltr'><strong>remansio?</strong></span> <span class='ocrx_word' id='word_1_140' title='bbox 621 2102 733 2172; x_wconf 87' lang='lat' dir='ltr'><strong>Multo</strong></span> <span class='ocrx_word' id='word_1_141' title='bbox 761 2106 890 2185; x_wconf 78' lang='lat' dir='ltr'><strong>nrinus3</strong></span> <span class='ocrx_word' id='word_1_142' title='bbox 919 2128 996 2172; x_wconf 88' lang='lat' dir='ltr'><strong>narn</strong></span> <span class='ocrx_word' id='word_1_143' title='bbox 1018 2106 1186 2189; x_wconf 89' lang='lat' dir='ltr'><strong>profectio</strong></span> 
     </span>
     <span class='ocr_line' id='line_1_19' title="bbox 39 2204 1271 2297; baseline 0.007 -27"><span class='ocrx_word' id='word_1_144' title='bbox 39 2207 229 2275; x_wconf 72' lang='lat' dir='ltr'><strong>autoritatem</strong></span> <span class='ocrx_word' id='word_1_145' title='bbox 253 2209 367 2276; x_wconf 84' lang='lat' dir='ltr'><strong>habuit</strong></span> <span class='ocrx_word' id='word_1_146' title='bbox 387 2233 452 2276; x_wconf 90' lang='lat' dir='ltr'><strong>non</strong></span> <span class='ocrx_word' id='word_1_147' title='bbox 476 2226 627 2291; x_wconf 85' lang='lat' dir='ltr'><strong>turpem,</strong></span> <span class='ocrx_word' id='word_1_148' title='bbox 649 2209 818 2275; x_wconf 82' lang='lat' dir='ltr'><strong>remansio</strong></span> <span class='ocrx_word' id='word_1_149' title='bbox 835 2209 1068 2297; x_wconf 85' lang='lat' dir='ltr'><strong>necessitatem</strong></span> <span class='ocrx_word' id='word_1_150' title='bbox 1085 2210 1187 2278; x_wconf 89' lang='lat' dir='ltr'><strong>etiam</strong></span> <span class='ocrx_word' id='word_1_151' title='bbox 1266 2204 1271 2209; x_wconf 70' lang='grc'><strong><em>’</em></strong></span> 
     </span>
     <span class='ocr_line' id='line_1_20' title="bbox 40 2307 1186 2394; baseline 0.005 -21"><span class='ocrx_word' id='word_1_152' title='bbox 40 2307 209 2382; x_wconf 83' lang='lat' dir='ltr'><strong>honestam.</strong></span> <span class='ocrx_word' id='word_1_153' title='bbox 260 2316 352 2393; x_wconf 79' lang='lat' dir='ltr'><strong>Ergo</strong></span> <span class='ocrx_word' id='word_1_154' title='bbox 374 2312 456 2380; x_wconf 88' lang='lat' dir='ltr'><strong>haec</strong></span> <span class='ocrx_word' id='word_1_155' title='bbox 479 2311 546 2379; x_wconf 89' lang='lat' dir='ltr'><strong>duc</strong></span> <span class='ocrx_word' id='word_1_156' title='bbox 570 2324 724 2394; x_wconf 89' lang='lat' dir='ltr'><strong>tempora</strong></span> <span class='ocrx_word' id='word_1_157' title='bbox 745 2325 861 2377; x_wconf 90' lang='lat' dir='ltr'><strong>carent</strong></span> <span class='ocrx_word' id='word_1_158' title='bbox 882 2313 1035 2378; x_wconf 90' lang='lat' dir='ltr'><strong>crimine:</strong></span> <span class='ocrx_word' id='word_1_159' title='bbox 1067 2335 1186 2392; x_wconf 78' lang='lat' dir='ltr'><strong>unuin,</strong></span> 
     </span>
     <span class='ocr_line' id='line_1_21' title="bbox 40 2414 1187 2499; baseline 0.003 -20"><span class='ocrx_word' id='word_1_160' title='bbox 40 2431 103 2482; x_wconf 88' lang='lat' dir='ltr'><strong>cum</strong></span> <span class='ocrx_word' id='word_1_161' title='bbox 123 2430 172 2485; x_wconf 87' lang='lat' dir='ltr'><strong>est</strong></span> <span class='ocrx_word' id='word_1_162' title='bbox 192 2416 324 2497; x_wconf 77' lang='lat' dir='ltr'><strong>legatus</strong></span> <span class='ocrx_word' id='word_1_163' title='bbox 346 2422 540 2499; x_wconf 66' lang='lat' dir='ltr'><strong>profectum</strong></span> <span class='ocrx_word' id='word_1_164' title='bbox 566 2415 728 2499; x_wconf 85' lang='lat' dir='ltr'><strong>alterum,</strong></span> <span class='ocrx_word' id='word_1_165' title='bbox 751 2437 826 2481; x_wconf 89' lang='lat' dir='ltr'><strong>curn</strong></span> <span class='ocrx_word' id='word_1_166' title='bbox 849 2414 1045 2493; x_wconf 76' lang='lat' dir='ltr'><strong>efflagitatus</strong></span> <span class='ocrx_word' id='word_1_167' title='bbox 1067 2438 1085 2483; x_wconf 91' lang='lat' dir='ltr'><strong>a</strong></span> <span class='ocrx_word' id='word_1_168' title='bbox 1105 2437 1187 2499; x_wconf 90' lang='lat' dir='ltr'><strong>pro·</strong></span> 
     </span>
     <span class='ocr_line' id='line_1_22' title="bbox 40 2517 1227 2608; baseline 0.007 -27"><span class='ocrx_word' id='word_1_169' title='bbox 40 2517 146 2598; x_wconf 85' lang='lat' dir='ltr'><strong>vincia,</strong></span> <span class='ocrx_word' id='word_1_170' title='bbox 180 2521 394 2604; x_wconf 83' lang='lat' dir='ltr'><strong>praepositus</strong></span> <span class='ocrx_word' id='word_1_171' title='bbox 420 2520 556 2588; x_wconf 81' lang='lat' dir='ltr'><strong>Africae</strong></span> <span class='ocrx_word' id='word_1_172' title='bbox 584 2533 646 2590; x_wconf 88' lang='lat' dir='ltr'><strong>est.</strong></span> <span class='ocrx_word' id='word_1_173' title='bbox 689 2522 719 2587; x_wconf 83' lang='grc' dir='ltr'><strong>Τ</strong></span> <span class='ocrx_word' id='word_1_174' title='bbox 722 2521 843 2587; x_wconf 89' lang='lat' dir='ltr'><strong>ertium</strong></span> <span class='ocrx_word' id='word_1_175' title='bbox 866 2530 997 2608; x_wconf 83' lang='lat' dir='ltr'><strong>ternpus</strong></span> <span class='ocrx_word' id='word_1_176' title='bbox 1019 2533 1088 2597; x_wconf 87' lang='lat' dir='ltr'><strong>est,</strong></span> <span class='ocrx_word' id='word_1_177' title='bbox 1120 2529 1227 2604; x_wconf 61' lang='lat' dir='ltr'><strong>quos</strong></span> 
     </span>
     <span class='ocr_line' id='line_1_23' title="bbox 41 2621 1189 2706; baseline 0.006 -21"><span class='ocrx_word' id='word_1_178' title='bbox 41 2635 103 2700; x_wconf 87' lang='lat' dir='ltr'><strong>post</strong></span> <span class='ocrx_word' id='word_1_179' title='bbox 122 2623 303 2690; x_wconf 81' lang='lat' dir='ltr'><strong>adventum</strong></span> <span class='ocrx_word' id='word_1_180' title='bbox 327 2622 404 2690; x_wconf 87' lang='lat' dir='ltr'><strong>Vari</strong></span> <span class='ocrx_word' id='word_1_181' title='bbox 424 2624 457 2690; x_wconf 89' lang='lat' dir='ltr'><strong>in</strong></span> <span class='ocrx_word' id='word_1_182' title='bbox 479 2625 596 2691; x_wconf 90' lang='lat' dir='ltr'><strong>Africa</strong></span> <span class='ocrx_word' id='word_1_183' title='bbox 617 2624 755 2690; x_wconf 84' lang='lat' dir='ltr'><strong>restitit:</strong></span> <span class='ocrx_word' id='word_1_184' title='bbox 786 2621 876 2706; x_wconf 88' lang='lat' dir='ltr'><strong>quod</strong></span> <span class='ocrx_word' id='word_1_185' title='bbox 902 2623 930 2689; x_wconf 87' lang='lat' dir='ltr'><strong>si</strong></span> <span class='ocrx_word' id='word_1_186' title='bbox 952 2634 1003 2690; x_wconf 84' lang='lat' dir='ltr'><strong>est</strong></span> <span class='ocrx_word' id='word_1_187' title='bbox 1028 2625 1189 2692; x_wconf 89' lang='lat' dir='ltr'><strong>crimino·</strong></span> 
     </span>
     <span class='ocr_line' id='line_1_24' title="bbox 41 2723 1188 2805; baseline 0.004 -17"><span class='ocrx_word' id='word_1_188' title='bbox 41 2742 120 2801; x_wconf 87' lang='lat' dir='ltr'><strong>sum.</strong></span> <span class='ocrx_word' id='word_1_189' title='bbox 148 2729 357 2795; x_wconf 81' lang='lat' dir='ltr'><strong>necessitatis</strong></span> <span class='ocrx_word' id='word_1_190' title='bbox 387 2727 515 2794; x_wconf 84' lang='lat' dir='ltr'><strong>crimen</strong></span> <span class='ocrx_word' id='word_1_191' title='bbox 542 2740 612 2805; x_wconf 89' lang='lat' dir='ltr'><strong>est,</strong></span> <span class='ocrx_word' id='word_1_192' title='bbox 642 2749 709 2793; x_wconf 92' lang='lat' dir='ltr'><strong>non</strong></span> <span class='ocrx_word' id='word_1_193' title='bbox 736 2724 930 2793; x_wconf 84' lang='lat' dir='ltr'><strong>voluntatis.</strong></span> <span class='ocrx_word' id='word_1_194' title='bbox 974 2729 1027 2792; x_wconf 94' lang='lat' dir='ltr'><strong>An</strong></span> <span class='ocrx_word' id='word_1_195' title='bbox 1055 2723 1130 2805; x_wconf 87' lang='lat' dir='ltr'><strong>ille,</strong></span> <span class='ocrx_word' id='word_1_196' title='bbox 1157 2727 1188 2796; x_wconf 89' lang='lat' dir='ltr'><strong>si</strong></span> 
     </span>
     <span class='ocr_line' id='line_1_25' title="bbox 41 2829 1186 2917; baseline 0.006 -26"><span class='ocrx_word' id='word_1_197' title='bbox 41 2829 186 2904; x_wconf 89' lang='lat' dir='ltr'><strong>potuisset</strong></span> <span class='ocrx_word' id='word_1_198' title='bbox 212 2829 283 2898; x_wconf 85' lang='lat' dir='ltr'><strong>uilo</strong></span> <span class='ocrx_word' id='word_1_199' title='bbox 312 2830 415 2898; x_wconf 90' lang='lat' dir='ltr'><strong>modo</strong></span> <span class='ocrx_word' id='word_1_200' title='bbox 444 2829 613 2917; x_wconf 86' lang='lat' dir='ltr'><strong>evadere,</strong></span> <span class='ocrx_word' id='word_1_201' title='bbox 645 2830 764 2900; x_wconf 89' lang='lat' dir='ltr'><strong>Uticae</strong></span> <span class='ocrx_word' id='word_1_202' title='bbox 791 2851 892 2911; x_wconf 90' lang='lat' dir='ltr'><strong>quam</strong></span> <span class='ocrx_word' id='word_1_203' title='bbox 918 2829 1071 2909; x_wconf 88' lang='lat' dir='ltr'><strong>Romae,</strong></span> <span class='ocrx_word' id='word_1_204' title='bbox 1107 2853 1186 2898; x_wconf 91' lang='lat' dir='ltr'><strong>cum</strong></span> 
     </span>
     <span class='ocr_line' id='line_1_26' title="bbox 41 2928 1231 3018; baseline -0.001 -20"><span class='ocrx_word' id='word_1_205' title='bbox 41 2928 70 2994; x_wconf 89' lang='lat' dir='ltr'><strong>P.</strong></span> <span class='ocrx_word' id='word_1_206' title='bbox 92 2935 165 3000; x_wconf 87' lang='lat' dir='ltr'><strong>Atio</strong></span> <span class='ocrx_word' id='word_1_207' title='bbox 194 2957 295 3018; x_wconf 91' lang='lat' dir='ltr'><strong>quam</strong></span> <span class='ocrx_word' id='word_1_208' title='bbox 323 2958 401 3004; x_wconf 90' lang='lat' dir='ltr'><strong>curn</strong></span> <span class='ocrx_word' id='word_1_209' title='bbox 429 2931 705 3003; x_wconf 85' lang='lat' dir='ltr'><strong>concordissimis</strong></span> <span class='ocrx_word' id='word_1_210' title='bbox 732 2933 922 3013; x_wconf 82' lang='lat' dir='ltr'><strong>fratribus,</strong></span> <span class='ocrx_word' id='word_1_211' title='bbox 964 2955 1042 2998; x_wconf 92' lang='lat' dir='ltr'><strong>eum</strong></span> <span class='ocrx_word' id='word_1_212' title='bbox 1069 2931 1186 3002; x_wconf 89' lang='lat' dir='ltr'><strong>alienis</strong></span> <span class='ocrx_word' id='word_1_213' title='bbox 1228 2988 1231 2997; x_wconf 63' lang='grc'><strong>.</strong></span> 
     </span>
    </p>
   </div>
   <div class='ocr_carea' id='block_1_3' title="bbox 42 3049 249 3075">
    <p class='ocr_par' dir='ltr' id='par_1_4' title="bbox 42 3049 249 3075">
     <span class='ocr_line' id='line_1_27' title="bbox 42 3049 249 3075; baseline 0 0"><span class='ocrx_word' id='word_1_214' title='bbox 42 3049 249 3075; x_wconf 42' lang='grc' dir='ltr'>Ν--ι-</span> 
     </span>
    </p>
   </div>
   <div class='ocr_carea' id='block_1_4' title="bbox 42 3145 1186 3463">
    <p class='ocr_par' dir='ltr' id='par_1_5' title="bbox 42 3145 1186 3463">
     <span class='ocr_line' id='line_1_28' title="bbox 95 3145 1186 3210; baseline 0 -16"><span class='ocrx_word' id='word_1_215' title='bbox 95 3145 143 3206; x_wconf 66' lang='grc' dir='ltr'><strong>Μ.</strong></span> <span class='ocrx_word' id='word_1_216' title='bbox 164 3151 248 3196; x_wconf 76' lang='lat' dir='ltr'><strong>Adnue</strong></span> <span class='ocrx_word' id='word_1_217' title='bbox 270 3164 327 3208; x_wconf 85' lang='lat' dir='ltr'><strong>ergo</strong></span> <span class='ocrx_word' id='word_1_218' title='bbox 352 3151 435 3196; x_wconf 78' lang='lat' dir='ltr'><strong>Caesar</strong></span> <span class='ocrx_word' id='word_1_219' title='bbox 457 3166 481 3210; x_wconf 76' lang='lat' dir='ltr'><strong>g.</strong></span> <span class='ocrx_word' id='word_1_220' title='bbox 497 3177 532 3188; x_wconf 91' lang='lat'><em>-</em></span> <span class='ocrx_word' id='word_1_221' title='bbox 549 3152 617 3196; x_wconf 81' lang='lat' dir='ltr'><strong>domo</strong></span> <span class='ocrx_word' id='word_1_222' title='bbox 635 3164 737 3208; x_wconf 77' lang='lat' dir='ltr'><strong>egressus</strong></span> <span class='ocrx_word' id='word_1_223' title='bbox 755 3150 785 3196; x_wconf 80' lang='lat' dir='ltr'><strong>ei.</strong></span> <span class='ocrx_word' id='word_1_224' title='bbox 804 3146 857 3209; x_wconf 82' lang='lat' dir='ltr'><strong>(sed</strong></span> <span class='ocrx_word' id='word_1_225' title='bbox 875 3149 892 3196; x_wconf 94' lang='grc' dir='ltr'><strong>Ι.</strong></span> <span class='ocrx_word' id='word_1_226' title='bbox 912 3161 964 3194; x_wconf 87' lang='lat' dir='ltr'><strong>rum</strong></span> <span class='ocrx_word' id='word_1_227' title='bbox 982 3147 1024 3193; x_wconf 87' lang='lat' dir='ltr'><strong>liu.</strong></span> <span class='ocrx_word' id='word_1_228' title='bbox 1041 3161 1114 3206; x_wconf 79' lang='lat' dir='ltr'><strong>super</strong></span> <span class='ocrx_word' id='word_1_229' title='bbox 1130 3149 1186 3208; x_wconf 77' lang='lat' dir='ltr'><strong>eyll.</strong></span> 
     </span>
     <span class='ocr_line' id='line_1_29' title="bbox 42 3228 1186 3292; baseline 0.003 -17"><span class='ocrx_word' id='word_1_230' title='bbox 42 3235 76 3270; x_wconf 72' lang='lat'>‘¹¹⁸-</span> <span class='ocrx_word' id='word_1_231' title='bbox 96 3228 159 3277; x_wconf 81' lang='lat' dir='ltr'><strong>Fon.</strong></span> <span class='ocrx_word' id='word_1_232' title='bbox 181 3234 250 3277; x_wconf 79' lang='lat' dir='ltr'><strong>domo</strong></span> <span class='ocrx_word' id='word_1_233' title='bbox 272 3247 375 3291; x_wconf 76' lang='lat' dir='ltr'><strong>egrersus</strong></span> <span class='ocrx_word' id='word_1_234' title='bbox 399 3230 451 3285; x_wconf 67' lang='lat' dir='ltr'><strong>ert.)</strong></span> <span class='ocrx_word' id='word_1_235' title='bbox 469 3257 501 3271; x_wconf 92' lang='lat'>-</span> <span class='ocrx_word' id='word_1_236' title='bbox 526 3232 605 3277; x_wconf 80' lang='lat' dir='ltr'><strong>‘ullum</strong></span> <span class='ocrx_word' id='word_1_237' title='bbox 623 3231 681 3292; x_wconf 81' lang='lat' dir='ltr'><strong>(sic)</strong></span> <span class='ocrx_word' id='word_1_238' title='bbox 699 3233 715 3277; x_wconf 92' lang='grc' dir='ltr'><strong>Ι.</strong></span> <span class='ocrx_word' id='word_1_239' title='bbox 735 3259 764 3270; x_wconf 90' lang='grc'><strong>-</strong></span> <span class='ocrx_word' id='word_1_240' title='bbox 779 3232 899 3292; x_wconf 77' lang='lat' dir='ltr'><strong>profertur</strong></span> <span class='ocrx_word' id='word_1_241' title='bbox 916 3237 950 3277; x_wconf 78' lang='lat' dir='ltr'><strong>ert</strong></span> <span class='ocrx_word' id='word_1_242' title='bbox 965 3233 982 3278; x_wconf 87' lang='lat' dir='ltr'><strong>l.</strong></span> <span class='ocrx_word' id='word_1_243' title='bbox 1001 3258 1031 3271; x_wconf 89' lang='lat'><em>-</em></span> <span class='ocrx_word' id='word_1_244' title='bbox 1051 3246 1099 3279; x_wconf 90' lang='lat' dir='ltr'><strong>om.</strong></span> <span class='ocrx_word' id='word_1_245' title='bbox 1112 3247 1186 3290; x_wconf 77' lang='lat' dir='ltr'><strong>paca·</strong></span> 
     </span>
     <span class='ocr_line' id='line_1_30' title="bbox 43 3309 1186 3378; baseline 0.009 -26"><span class='ocrx_word' id='word_1_246' title='bbox 43 3309 114 3357; x_wconf 62' lang='lat' dir='ltr'><strong>&amp;rima</strong></span> <span class='ocrx_word' id='word_1_247' title='bbox 130 3316 145 3360; x_wconf 89' lang='grc'><strong>1.</strong></span> <span class='ocrx_word' id='word_1_248' title='bbox 162 3341 195 3354; x_wconf 91' lang='lat'><em>-</em></span> <span class='ocrx_word' id='word_1_249' title='bbox 212 3330 263 3365; x_wconf 84' lang='lat' dir='ltr'><strong>om.</strong></span> <span class='ocrx_word' id='word_1_250' title='bbox 282 3318 361 3362; x_wconf 68' lang='lat' dir='ltr'><strong>habuit</strong></span> <span class='ocrx_word' id='word_1_251' title='bbox 376 3332 401 3377; x_wconf 77' lang='lat' dir='ltr'><strong>g.</strong></span> <span class='ocrx_word' id='word_1_252' title='bbox 424 3318 467 3364; x_wconf 77' lang='lat' dir='ltr'><strong>sed</strong></span> <span class='ocrx_word' id='word_1_253' title='bbox 489 3332 564 3376; x_wconf 76' lang='lat' dir='ltr'><strong>marg.</strong></span> <span class='ocrx_word' id='word_1_254' title='bbox 585 3319 662 3364; x_wconf 74' lang='lat' dir='ltr'><strong>adeor.</strong></span> <span class='ocrx_word' id='word_1_255' title='bbox 679 3317 749 3377; x_wconf 70' lang='lat' dir='ltr'><strong>riguo</strong></span> <span class='ocrx_word' id='word_1_256' title='bbox 766 3323 825 3378; x_wconf 83' lang='lat' dir='ltr'><strong>post</strong></span> <span class='ocrx_word' id='word_1_257' title='bbox 841 3321 930 3374; x_wconf 78' lang='lat' dir='ltr'><strong>turpem</strong></span> <span class='ocrx_word' id='word_1_258' title='bbox 946 3316 1022 3364; x_wconf 84' lang='lat' dir='ltr'><strong>facto.</strong></span> <span class='ocrx_word' id='word_1_259' title='bbox 1040 3341 1073 3354; x_wconf 92' lang='lat'>-</span> <span class='ocrx_word' id='word_1_260' title='bbox 1090 3318 1186 3363; x_wconf 79' lang='lat' dir='ltr'><strong>accerri-</strong></span> 
     </span>
     <span class='ocr_line' id='line_1_31' title="bbox 43 3393 1068 3463; baseline 0.008 -24"><span class='ocrx_word' id='word_1_261' title='bbox 43 3393 97 3440; x_wconf 72' lang='lat' dir='ltr'><strong>iatem</strong></span> <span class='ocrx_word' id='word_1_262' title='bbox 111 3398 184 3461; x_wconf 87' lang='lat' dir='ltr'><strong>etiam]</strong></span> <span class='ocrx_word' id='word_1_263' title='bbox 203 3400 256 3462; x_wconf 77' lang='lat' dir='ltr'><strong>egb.</strong></span> <span class='ocrx_word' id='word_1_264' title='bbox 276 3403 345 3447; x_wconf 80' lang='lat' dir='ltr'><strong>etiam</strong></span> <span class='ocrx_word' id='word_1_265' title='bbox 362 3415 409 3447; x_wconf 84' lang='lat' dir='ltr'><strong>uer.</strong></span> <span class='ocrx_word' id='word_1_266' title='bbox 427 3402 460 3448; x_wconf 80' lang='lat' dir='ltr'><strong>lv.</strong></span> <span class='ocrx_word' id='word_1_267' title='bbox 478 3426 511 3439; x_wconf 89' lang='lat'><em>-</em></span> <span class='ocrx_word' id='word_1_268' title='bbox 528 3415 578 3446; x_wconf 86' lang='lat' dir='ltr'><strong>cum</strong></span> <span class='ocrx_word' id='word_1_269' title='bbox 595 3405 652 3446; x_wconf 81' lang='lat' dir='ltr'><strong>erret</strong></span> <span class='ocrx_word' id='word_1_270' title='bbox 667 3415 691 3462; x_wconf 73' lang='lat' dir='ltr'><strong>g.</strong></span> <span class='ocrx_word' id='word_1_271' title='bbox 708 3425 742 3437; x_wconf 91' lang='grc'>-</span> <span class='ocrx_word' id='word_1_272' title='bbox 759 3401 896 3460; x_wconf 69' lang='lat' dir='ltr'><strong>efflagitatur</strong></span> <span class='ocrx_word' id='word_1_273' title='bbox 908 3402 1033 3463; x_wconf 61' lang='lat' dir='ltr'><strong>prouincia</strong></span> <span class='ocrx_word' id='word_1_274' title='bbox 1051 3402 1068 3448; x_wconf 85' lang='lat' dir='ltr'><strong>l.</strong></span> 
     </span>
    </p>
   </div>
   <div class='ocr_carea' id='block_1_5' title="bbox 41 3503 1188 3740">
    <p class='ocr_par' dir='ltr' id='par_1_6' title="bbox 41 3503 1188 3740">
     <span class='ocr_line' id='line_1_32' title="bbox 98 3503 1188 3574; baseline 0.006 -21"><span class='ocrx_word' id='word_1_275' title='bbox 98 3503 146 3565; x_wconf 60' lang='lat'><strong>55.</strong></span> <span class='ocrx_word' id='word_1_276' title='bbox 164 3513 250 3567; x_wconf 76' lang='lat' dir='ltr'><strong>tempus</strong></span> <span class='ocrx_word' id='word_1_277' title='bbox 267 3507 315 3574; x_wconf 80' lang='lat' dir='ltr'><strong>ert]</strong></span> <span class='ocrx_word' id='word_1_278' title='bbox 341 3510 404 3571; x_wconf 71' lang='lat' dir='ltr'><strong>eglb.</strong></span> <span class='ocrx_word' id='word_1_279' title='bbox 428 3509 506 3571; x_wconf 79' lang='lat' dir='ltr'><strong>(quod</strong></span> <span class='ocrx_word' id='word_1_280' title='bbox 532 3510 632 3555; x_wconf 79' lang='lat' dir='ltr'><strong>Tertium</strong></span> <span class='ocrx_word' id='word_1_281' title='bbox 651 3514 740 3567; x_wconf 64' lang='lat' dir='ltr'><strong>ternpus,</strong></span> <span class='ocrx_word' id='word_1_282' title='bbox 758 3514 792 3554; x_wconf 79' lang='lat' dir='ltr'><strong>est</strong></span> <span class='ocrx_word' id='word_1_283' title='bbox 811 3509 854 3570; x_wconf 77' lang='lat' dir='ltr'><strong>g.)</strong></span> <span class='ocrx_word' id='word_1_284' title='bbox 878 3515 911 3555; x_wconf 80' lang='lat' dir='ltr'><strong>ert</strong></span> <span class='ocrx_word' id='word_1_285' title='bbox 931 3515 1018 3567; x_wconf 69' lang='lat' dir='ltr'><strong>tempas</strong></span> <span class='ocrx_word' id='word_1_286' title='bbox 1034 3526 1057 3559; x_wconf 82' lang='lat' dir='ltr'><strong>v.</strong></span> <span class='ocrx_word' id='word_1_287' title='bbox 1076 3536 1106 3547; x_wconf 92' lang='lat'><em>-</em></span> <span class='ocrx_word' id='word_1_288' title='bbox 1125 3512 1188 3572; x_wconf 77' lang='lat' dir='ltr'><strong>qaut</strong></span> 
     </span>
     <span class='ocr_line' id='line_1_33' title="bbox 41 3589 1187 3656; baseline 0.003 -17"><span class='ocrx_word' id='word_1_289' title='bbox 41 3589 85 3638; x_wconf 79' lang='lat' dir='ltr'><strong>rou</strong></span> <span class='ocrx_word' id='word_1_290' title='bbox 98 3592 142 3650; x_wconf 78' lang='lat' dir='ltr'><strong>egl.</strong></span> <span class='ocrx_word' id='word_1_291' title='bbox 160 3621 187 3632; x_wconf 87' lang='lat'>-</span> <span class='ocrx_word' id='word_1_292' title='bbox 205 3593 332 3655; x_wconf 79' lang='lat' dir='ltr'><strong>potuisset]</strong></span> <span class='ocrx_word' id='word_1_293' title='bbox 357 3596 403 3655; x_wconf 75' lang='lat' dir='ltr'><strong>egl.</strong></span> <span class='ocrx_word' id='word_1_294' title='bbox 424 3596 538 3651; x_wconf 75' lang='lat' dir='ltr'><strong>potuisset</strong></span> <span class='ocrx_word' id='word_1_295' title='bbox 559 3596 625 3639; x_wconf 82' lang='lat' dir='ltr'><strong>illiue</strong></span> <span class='ocrx_word' id='word_1_296' title='bbox 649 3594 688 3643; x_wconf 79' lang='lat' dir='ltr'><strong>br.</strong></span> <span class='ocrx_word' id='word_1_297' title='bbox 706 3620 738 3632; x_wconf 93' lang='lat'><strong>·-</strong></span> <span class='ocrx_word' id='word_1_298' title='bbox 760 3593 849 3656; x_wconf 81' lang='lat' dir='ltr'><strong>Uticae]</strong></span> <span class='ocrx_word' id='word_1_299' title='bbox 872 3594 960 3642; x_wconf 88' lang='lat' dir='ltr'><strong>Colon.</strong></span> <span class='ocrx_word' id='word_1_300' title='bbox 982 3595 1014 3640; x_wconf 86' lang='lat' dir='ltr'><strong>el.</strong></span> <span class='ocrx_word' id='word_1_301' title='bbox 1037 3595 1091 3656; x_wconf 78' lang='lat' dir='ltr'><strong>(sed</strong></span> <span class='ocrx_word' id='word_1_302' title='bbox 1112 3595 1137 3642; x_wconf 89' lang='lat' dir='ltr'><strong>in</strong></span> <span class='ocrx_word' id='word_1_303' title='bbox 1155 3598 1187 3643; x_wconf 85' lang='lat' dir='ltr'><strong>el.</strong></span> 
     </span>
     <span class='ocr_line' id='line_1_34' title="bbox 43 3676 1186 3740; baseline 0.01 -23"><span class='ocrx_word' id='word_1_304' title='bbox 43 3680 143 3728; x_wconf 70' lang='lat' dir='ltr'><strong>tuperrer.</strong></span> <span class='ocrx_word' id='word_1_305' title='bbox 156 3676 254 3740; x_wconf 72' lang='lat' dir='ltr'><strong>potius.)</strong></span> <span class='ocrx_word' id='word_1_306' title='bbox 275 3678 354 3725; x_wconf 81' lang='lat' dir='ltr'><strong>Uticae</strong></span> <span class='ocrx_word' id='word_1_307' title='bbox 368 3681 447 3737; x_wconf 77' lang='lat' dir='ltr'><strong>potius</strong></span> <span class='ocrx_word' id='word_1_308' title='bbox 464 3678 521 3738; x_wconf 59' lang='grc' dir='ltr'><strong>[ἣν.</strong></span> <span class='ocrx_word' id='word_1_309' title='bbox 532 3704 565 3716; x_wconf 91' lang='grc'><strong>-</strong></span> <span class='ocrx_word' id='word_1_310' title='bbox 583 3682 808 3725; x_wconf 74' lang='lat' dir='ltr'><strong>concordantisar&#39;mr&#39;e</strong></span> <span class='ocrx_word' id='word_1_311' title='bbox 824 3680 841 3725; x_wconf 89' lang='lat' dir='ltr'><strong>l.</strong></span> <span class='ocrx_word' id='word_1_312' title='bbox 859 3705 891 3716; x_wconf 90' lang='lat'><em>-</em></span> <span class='ocrx_word' id='word_1_313' title='bbox 902 3679 1008 3739; x_wconf 80' lang='lat' dir='ltr'><strong>fratrum</strong></span> <span class='ocrx_word' id='word_1_314' title='bbox 1025 3682 1134 3740; x_wconf 78' lang='lat' dir='ltr'><strong>quendum</strong></span> <span class='ocrx_word' id='word_1_315' title='bbox 1152 3680 1186 3728; x_wconf 83' lang='lat' dir='ltr'><strong>lb.</strong></span> 
     </span>
    </p>
   </div>
   <div class='ocr_carea' id='block_1_6' title="bbox 44 3762 1023 3885">
    <p class='ocr_par' dir='ltr' id='par_1_7' title="bbox 44 3762 1023 3885">
     <span class='ocr_line' id='line_1_35' title="bbox 44 3762 1023 3825; baseline 0.008 -22"><span class='ocrx_word' id='word_1_316' title='bbox 44 3764 82 3800; x_wconf 75' lang='lat'>⁰1¹1·</span> <span class='ocrx_word' id='word_1_317' title='bbox 97 3762 199 3817; x_wconf 78' lang='lat' dir='ltr'><strong>quendam</strong></span> <span class='ocrx_word' id='word_1_318' title='bbox 216 3778 240 3823; x_wconf 75' lang='lat' dir='ltr'><strong>g.</strong></span> <span class='ocrx_word' id='word_1_319' title='bbox 258 3785 295 3800; x_wconf 92' lang='lat'><strong>-·</strong></span> <span class='ocrx_word' id='word_1_320' title='bbox 312 3766 389 3809; x_wconf 85' lang='lat' dir='ltr'><strong>aur&#39;rrro</strong></span> <span class='ocrx_word' id='word_1_321' title='bbox 406 3778 452 3811; x_wconf 82' lang='lat' dir='ltr'><strong>eree</strong></span> <span class='ocrx_word' id='word_1_322' title='bbox 468 3779 585 3825; x_wconf 77' lang='lat' dir='ltr'><strong>superrat.</strong></span> <span class='ocrx_word' id='word_1_323' title='bbox 603 3779 648 3824; x_wconf 85' lang='lat' dir='ltr'><strong>quo</strong></span> <span class='ocrx_word' id='word_1_324' title='bbox 665 3779 718 3811; x_wconf 88' lang='lat' dir='ltr'><strong>cum</strong></span> <span class='ocrx_word' id='word_1_325' title='bbox 736 3764 775 3810; x_wconf 90' lang='lat' dir='ltr'><strong>lin.</strong></span> <span class='ocrx_word' id='word_1_326' title='bbox 794 3764 819 3809; x_wconf 92' lang='lat' dir='ltr'><strong>id</strong></span> <span class='ocrx_word' id='word_1_327' title='bbox 837 3770 885 3817; x_wconf 81' lang='lat' dir='ltr'><strong>ert.</strong></span> <span class='ocrx_word' id='word_1_328' title='bbox 901 3766 1023 3824; x_wconf 79' lang='lat' dir='ltr'><strong>quomodo.</strong></span> 
     </span>
     <span class='ocr_line' id='line_1_36' title="bbox 45 3859 248 3885; baseline 0 0"><span class='ocrx_word' id='word_1_329' title='bbox 45 3859 248 3885; x_wconf 38' lang='grc' dir='ltr'><strong>Ἇ--η-ι</strong></span> 
     </span>
    </p>
   </div>
   <div class='ocr_carea' id='block_1_7' title="bbox 45 3936 1207 4272">
    <p class='ocr_par' dir='ltr' id='par_1_8' title="bbox 45 3936 1207 4272">
     <span class='ocr_line' id='line_1_37' title="bbox 45 3936 1186 4024; baseline -0.01 -5"><span class='ocrx_word' id='word_1_330' title='bbox 45 3949 156 4001; x_wconf 43' lang='lat' dir='ltr'><strong>mimam</strong></span> <span class='ocrx_word' id='word_1_331' title='bbox 175 3962 283 4015; x_wconf 58' lang='lat' dir='ltr'><strong>wilm</strong></span> <span class='ocrx_word' id='word_1_332' title='bbox 307 3977 337 4007; x_wconf 68' lang='grc' dir='ltr'><strong>ιτ</strong></span> <span class='ocrx_word' id='word_1_333' title='bbox 354 3961 417 4022; x_wconf 81' lang='lat' dir='ltr'><strong>fuga</strong></span> <span class='ocrx_word' id='word_1_334' title='bbox 439 3965 463 4008; x_wconf 79' lang='lat' dir='ltr'><strong>iu</strong></span> <span class='ocrx_word' id='word_1_335' title='bbox 489 3961 597 4022; x_wconf 80' lang='lat' dir='ltr'><strong>Africam</strong></span> <span class='ocrx_word' id='word_1_336' title='bbox 618 3969 753 4019; x_wconf 80' lang='lat' dir='ltr'><strong>peruenerat</strong></span> <span class='ocrx_word' id='word_1_337' title='bbox 772 3968 838 4024; x_wconf 78' lang='lat' dir='ltr'><strong>atque</strong></span> <span class='ocrx_word' id='word_1_338' title='bbox 861 3979 910 4010; x_wconf 86' lang='lat' dir='ltr'><strong>eam</strong></span> <span class='ocrx_word' id='word_1_339' title='bbox 930 3978 971 4010; x_wconf 86' lang='lat' dir='ltr'><strong>rua</strong></span> <span class='ocrx_word' id='word_1_340' title='bbox 991 3936 1073 4021; x_wconf 62' lang='lat' dir='ltr'><strong>aponte</strong></span> <span class='ocrx_word' id='word_1_341' title='bbox 1092 3976 1186 4009; x_wconf 76' lang='lat' dir='ltr'><strong>uacum</strong></span> 
     </span>
     <span class='ocr_line' id='line_1_38' title="bbox 46 4043 1186 4106; baseline -0.003 -13"><span class='ocrx_word' id='word_1_342' title='bbox 46 4043 178 4092; x_wconf 50' lang='lat' dir='ltr'><strong>“minuerat</strong></span> <span class='ocrx_word' id='word_1_343' title='bbox 192 4045 317 4106; x_wconf 73' lang='lat' dir='ltr'><strong>dilectuque</strong></span> <span class='ocrx_word' id='word_1_344' title='bbox 333 4049 450 4093; x_wconf 72' lang='lat' dir='ltr'><strong>nominum</strong></span> <span class='ocrx_word' id='word_1_345' title='bbox 469 4049 526 4093; x_wconf 80' lang='lat' dir='ltr'><strong>duur</strong></span> <span class='ocrx_word' id='word_1_346' title='bbox 546 4047 647 4104; x_wconf 62' lang='grc' dir='ltr'><strong>ὶοξίοπα</strong></span> <span class='ocrx_word' id='word_1_347' title='bbox 663 4047 780 4105; x_wconf 77' lang='lat' dir='ltr'><strong>effecerat,</strong></span> <span class='ocrx_word' id='word_1_348' title='bbox 797 4051 879 4094; x_wconf 83' lang='lat' dir='ltr'><strong>uotr&#39;tr&#39;a</strong></span> <span class='ocrx_word' id='word_1_349' title='bbox 897 4053 919 4094; x_wconf 86' lang='lat' dir='ltr'><strong>et</strong></span> <span class='ocrx_word' id='word_1_350' title='bbox 934 4062 974 4093; x_wconf 73' lang='lat' dir='ltr'><strong>usu</strong></span> <span class='ocrx_word' id='word_1_351' title='bbox 991 4050 1039 4092; x_wconf 78' lang='lat' dir='ltr'><strong>eius</strong></span> <span class='ocrx_word' id='word_1_352' title='bbox 1050 4048 1186 4105; x_wconf 76' lang='lat' dir='ltr'><strong>prouinciae</strong></span> 
     </span>
     <span class='ocr_line' id='line_1_39' title="bbox 46 4110 1207 4196; baseline -0.001 -25"><span class='ocrx_word' id='word_1_353' title='bbox 46 4122 110 4196; x_wconf 59' lang='lat' dir='ltr'><strong>”stite</strong></span> <span class='ocrx_word' id='word_1_354' title='bbox 127 4126 198 4172; x_wconf 78' lang='lat' dir='ltr'><strong>aditur</strong></span> <span class='ocrx_word' id='word_1_355' title='bbox 216 4130 247 4174; x_wconf 81' lang='lat' dir='ltr'><strong>ad</strong></span> <span class='ocrx_word' id='word_1_356' title='bbox 267 4145 293 4176; x_wconf 87' lang='lat' dir='ltr'><strong>ea</strong></span> <span class='ocrx_word' id='word_1_357' title='bbox 318 4134 435 4186; x_wconf 71' lang='lat' dir='ltr'><strong>conuenae,</strong></span> <span class='ocrx_word' id='word_1_358' title='bbox 460 4133 521 4192; x_wconf 72' lang='lat' dir='ltr'><strong>quod</strong></span> <span class='ocrx_word' id='word_1_359' title='bbox 536 4132 617 4189; x_wconf 78' lang='lat' dir='ltr'><strong>paucis</strong></span> <span class='ocrx_word' id='word_1_360' title='bbox 637 4135 689 4176; x_wconf 80' lang='lat' dir='ltr'><strong>ante</strong></span> <span class='ocrx_word' id='word_1_361' title='bbox 712 4132 778 4176; x_wconf 75' lang='lat' dir='ltr'><strong>annu</strong></span> <span class='ocrx_word' id='word_1_362' title='bbox 796 4144 826 4175; x_wconf 75' lang='lat' dir='ltr'><strong>er</strong></span> <span class='ocrx_word' id='word_1_363' title='bbox 844 4134 958 4189; x_wconf 79' lang='lat' dir='ltr'><strong>praetura</strong></span> <span class='ocrx_word' id='word_1_364' title='bbox 973 4143 1024 4174; x_wconf 82' lang='lat' dir='ltr'><strong>eane</strong></span> <span class='ocrx_word' id='word_1_365' title='bbox 1038 4129 1187 4186; x_wconf 80' lang='lat' dir='ltr'><strong>prouinciam</strong></span> <span class='ocrx_word' id='word_1_366' title='bbox 1202 4110 1207 4119; x_wconf 38' lang='lat'>⁸</span> 
     </span>
     <span class='ocr_line' id='line_1_40' title="bbox 47 4198 1188 4272; baseline 0 -20"><span class='ocrx_word' id='word_1_367' title='bbox 47 4198 162 4256; x_wconf 62' lang='lat' dir='ltr'><strong>trituraret.</strong></span> <span class='ocrx_word' id='word_1_368' title='bbox 194 4213 242 4258; x_wconf 85' lang='lat' dir='ltr'><strong>Hic</strong></span> <span class='ocrx_word' id='word_1_369' title='bbox 264 4217 387 4261; x_wconf 79' lang='lat' dir='ltr'><strong>uenientem</strong></span> <span class='ocrx_word' id='word_1_370' title='bbox 414 4216 504 4262; x_wconf 76' lang='lat' dir='ltr'><strong>Uticam</strong></span> <span class='ocrx_word' id='word_1_371' title='bbox 522 4215 617 4260; x_wconf 56' lang='lat' dir='ltr'><strong>aarum</strong></span> <span class='ocrx_word' id='word_1_372' title='bbox 641 4215 782 4261; x_wconf 74' lang='lat' dir='ltr'><strong>Tuberonem</strong></span> <span class='ocrx_word' id='word_1_373' title='bbox 800 4219 872 4271; x_wconf 78' lang='lat' dir='ltr'><strong>portu</strong></span> <span class='ocrx_word' id='word_1_374' title='bbox 888 4218 954 4272; x_wconf 85' lang='lat' dir='ltr'><strong>utque</strong></span> <span class='ocrx_word' id='word_1_375' title='bbox 974 4213 1061 4268; x_wconf 80' lang='lat' dir='ltr'><strong>oppido</strong></span> <span class='ocrx_word' id='word_1_376' title='bbox 1077 4209 1188 4268; x_wconf 69' lang='lat' dir='ltr'><strong>prohibet</strong></span> 
     </span>
    </p>
   </div>
   <div class='ocr_carea' id='block_1_8' title="bbox 47 4283 1186 4441">
    <p class='ocr_par' dir='ltr' id='par_1_9' title="bbox 47 4283 1186 4441">
     <span class='ocr_line' id='line_1_41' title="bbox 47 4283 1186 4409; baseline -0.003 -66"><span class='ocrx_word' id='word_1_377' title='bbox 47 4291 103 4409; x_wconf 54' lang='grc' dir='ltr'><strong>’Ἕω</strong></span> <span class='ocrx_word' id='word_1_378' title='bbox 115 4291 215 4349; x_wconf 61' lang='lat' dir='ltr'><strong>effractum</strong></span> <span class='ocrx_word' id='word_1_379' title='bbox 228 4283 360 4345; x_wconf 56' lang='lat' dir='ltr'><strong>&#39;euremarus</strong></span> <span class='ocrx_word' id='word_1_380' title='bbox 371 4300 451 4360; x_wconf 77' lang='lat' dir='ltr'><strong>fitium</strong></span> <span class='ocrx_word' id='word_1_381' title='bbox 468 4313 581 4359; x_wconf 74' lang='lat' dir='ltr'><strong>exponere</strong></span> <span class='ocrx_word' id='word_1_382' title='bbox 600 4300 625 4344; x_wconf 81' lang='lat' dir='ltr'><strong>ire</strong></span> <span class='ocrx_word' id='word_1_383' title='bbox 643 4304 729 4347; x_wconf 83' lang='lat' dir='ltr'><strong>terram</strong></span> <span class='ocrx_word' id='word_1_384' title='bbox 747 4301 849 4357; x_wconf 81' lang='lat' dir='ltr'><strong>patitur,</strong></span> <span class='ocrx_word' id='word_1_385' title='bbox 873 4299 914 4345; x_wconf 76' lang='lat' dir='ltr'><strong>red</strong></span> <span class='ocrx_word' id='word_1_386' title='bbox 928 4296 1023 4342; x_wconf 67' lang='lat' dir='ltr'><strong>sablano</strong></span> <span class='ocrx_word' id='word_1_387' title='bbox 1037 4296 1129 4340; x_wconf 77' lang='lat' dir='ltr'><strong>ancoris</strong></span> <span class='ocrx_word' id='word_1_388' title='bbox 1145 4307 1186 4340; x_wconf 72' lang='lat' dir='ltr'><strong>eu·</strong></span> 
     </span>
     <span class='ocr_line' id='line_1_42' title="bbox 48 4373 306 4441; baseline 0.012 -18"><span class='ocrx_word' id='word_1_389' title='bbox 48 4373 66 4404; x_wconf 70' lang='lat'><strong>‘⁶</strong></span> <span class='ocrx_word' id='word_1_390' title='bbox 88 4381 111 4431; x_wconf 62' lang='grc' dir='ltr'><strong>,Ν</strong></span> <span class='ocrx_word' id='word_1_391' title='bbox 129 4377 306 4441; x_wconf 70' lang='lat' dir='ltr'><strong>concoregio.</strong></span> 
     </span>
    </p>
   </div>
   <div class='ocr_carea' id='block_1_9' title="bbox 836 4487 875 4548">
    <p class='ocr_par' dir='ltr' id='par_1_10' title="bbox 836 4487 875 4548">
     <span class='ocr_line' id='line_1_43' title="bbox 836 4487 875 4548; baseline 0 0"><span class='ocrx_word' id='word_1_392' title='bbox 836 4487 875 4548; x_wconf 72' lang='grc'><strong>20</strong></span> 
     </span>
    </p>
   </div>
   <div class='ocr_carea' id='block_1_10' title="bbox 0 0 1444 4759">
    <p class='ocr_par' dir='ltr' id='par_1_11' title="bbox 0 0 1444 4759">
     <span class='ocr_line' id='line_1_44' title="bbox 0 0 1444 4759; baseline 0 0"><span class='ocrx_word' id='word_1_393' title='bbox 0 0 1444 4759; x_wconf 95' lang='lat' dir='ltr'><strong> </strong></span> 
     </span>
    </p>
   </div>
  </div>
 </body>
</html>
