<?xml version="1.0" encoding="UTF-8"?>
<!DOCTYPE html PUBLIC "-//W3C//DTD XHTML 1.0 Transitional//EN"
    "http://www.w3.org/TR/xhtml1/DTD/xhtml1-transitional.dtd">
<html xmlns="http://www.w3.org/1999/xhtml" xml:lang="en" lang="en">
 <head>
  <title>
</title>
<meta http-equiv="Content-Type" content="text/html;charset=utf-8" />
  <meta name='ocr-system' content='tesseract 3.04.00' />
  <meta name='ocr-capabilities' content='ocr_page ocr_carea ocr_par ocr_line ocrx_word'/>
</head>
<body>
  <div class='ocr_page' id='page_1' title='image "./mtulliiciceroni00orelgoog_0154.png"; bbox 0 0 2850 4759; ppageno 0'>
   <div class='ocr_carea' id='block_1_1' title="bbox 203 275 914 360">
    <p class='ocr_par' dir='ltr' id='par_1_1' title="bbox 203 275 914 360">
     <span class='ocr_line' id='line_1_1' title="bbox 203 275 914 360; baseline -0.003 -11"><span class='ocrx_word' id='word_1_1' title='bbox 203 286 264 360; x_wconf 69' lang='lat'><strong>182</strong></span> <span class='ocrx_word' id='word_1_2' title='bbox 425 275 429 281; x_wconf 60' lang='grc'>’</span> <span class='ocrx_word' id='word_1_3' title='bbox 673 277 914 348; x_wconf 83' lang='lat' dir='ltr'>CICERONIS</span> 
     </span>
    </p>
   </div>
   <div class='ocr_carea' id='block_1_2' title="bbox 142 436 1415 2949">
    <p class='ocr_par' dir='ltr' id='par_1_2' title="bbox 142 436 1415 927">
     <span class='ocr_line' id='line_1_2' title="bbox 142 436 1367 521; baseline -0.006 -8"><span class='ocrx_word' id='word_1_4' title='bbox 142 454 183 520; x_wconf 73' lang='lat'><strong>25</strong></span> <span class='ocrx_word' id='word_1_5' title='bbox 204 438 419 521; x_wconf 71' lang='lat' dir='ltr'><strong>mauregarto</strong></span> <span class='ocrx_word' id='word_1_6' title='bbox 440 456 602 519; x_wconf 76' lang='lat' dir='ltr'><strong>magnum</strong></span> <span class='ocrx_word' id='word_1_7' title='bbox 624 447 658 505; x_wconf 88' lang='lat' dir='ltr'><strong>ct</strong></span> <span class='ocrx_word' id='word_1_8' title='bbox 678 447 836 505; x_wconf 85' lang='lat' dir='ltr'><strong>sanctum</strong></span> <span class='ocrx_word' id='word_1_9' title='bbox 858 456 934 506; x_wconf 82' lang='lat' dir='ltr'><strong>esse</strong></span> <span class='ocrx_word' id='word_1_10' title='bbox 955 436 1125 505; x_wconf 78' lang='lat' dir='ltr'><strong>videatur.</strong></span> <span class='ocrx_word' id='word_1_11' title='bbox 1165 436 1283 519; x_wconf 86' lang='lat' dir='ltr'><strong>Itaque</strong></span> <span class='ocrx_word' id='word_1_12' title='bbox 1303 450 1367 506; x_wconf 87' lang='lat' dir='ltr'><strong>tan·</strong></span> 
     </span>
     <span class='ocr_line' id='line_1_3' title="bbox 203 538 1366 625; baseline -0.004 -14"><span class='ocrx_word' id='word_1_13' title='bbox 203 555 278 613; x_wconf 88' lang='lat' dir='ltr'><strong>turn</strong></span> <span class='ocrx_word' id='word_1_14' title='bbox 298 543 412 610; x_wconf 88' lang='lat' dir='ltr'><strong>victus</strong></span> <span class='ocrx_word' id='word_1_15' title='bbox 433 543 563 608; x_wconf 86' lang='lat' dir='ltr'><strong>efficere</strong></span> <span class='ocrx_word' id='word_1_16' title='bbox 583 542 713 621; x_wconf 91' lang='lat' dir='ltr'><strong>potuit,</strong></span> <span class='ocrx_word' id='word_1_17' title='bbox 744 551 909 622; x_wconf 84' lang='lat' dir='ltr'><strong>quantum</strong></span> <span class='ocrx_word' id='word_1_18' title='bbox 930 538 1113 606; x_wconf 86' lang='lat' dir='ltr'><strong>incolumis</strong></span> <span class='ocrx_word' id='word_1_19' title='bbox 1126 561 1304 625; x_wconf 83' lang='lat' dir='ltr'><strong>nunquam</strong></span> <span class='ocrx_word' id='word_1_20' title='bbox 1322 552 1366 608; x_wconf 84' lang='lat' dir='ltr'><strong>cst</strong></span> 
     </span>
     <span class='ocr_line' id='line_1_4' title="bbox 202 642 1365 725; baseline -0.005 -13"><span class='ocrx_word' id='word_1_21' title='bbox 202 662 307 717; x_wconf 83' lang='lat' dir='ltr'><strong>susus</strong></span> <span class='ocrx_word' id='word_1_22' title='bbox 328 654 458 724; x_wconf 86' lang='lat' dir='ltr'><strong>optare.</strong></span> <span class='ocrx_word' id='word_1_23' title='bbox 501 642 589 709; x_wconf 87' lang='lat' dir='ltr'><strong>Nam</strong></span> <span class='ocrx_word' id='word_1_24' title='bbox 620 663 712 709; x_wconf 35' lang='lat' dir='ltr'><strong>cum.</strong></span> <span class='ocrx_word' id='word_1_25' title='bbox 731 662 769 708; x_wconf 88' lang='lat' dir='ltr'><strong>sc</strong></span> <span class='ocrx_word' id='word_1_26' title='bbox 798 642 833 708; x_wconf 90' lang='lat' dir='ltr'><strong>in</strong></span> <span class='ocrx_word' id='word_1_27' title='bbox 864 660 1008 720; x_wconf 83' lang='lat' dir='ltr'><strong>regnum</strong></span> <span class='ocrx_word' id='word_1_28' title='bbox 1036 661 1138 709; x_wconf 87' lang='lat' dir='ltr'><strong>sumn</strong></span> <span class='ocrx_word' id='word_1_29' title='bbox 1172 643 1365 725; x_wconf 70' lang='lat' dir='ltr'><strong>recepisset,</strong></span> 
     </span>
     <span class='ocr_line' id='line_1_5' title="bbox 201 740 1366 825; baseline -0.005 -12"><span class='ocrx_word' id='word_1_30' title='bbox 201 745 359 813; x_wconf 76' lang='lat' dir='ltr'><strong>nonfuit</strong></span> <span class='ocrx_word' id='word_1_31' title='bbox 379 764 420 809; x_wconf 89' lang='lat' dir='ltr'><strong>eo</strong></span> <span class='ocrx_word' id='word_1_32' title='bbox 443 755 642 819; x_wconf 88' lang='lat' dir='ltr'><strong>contentus,</strong></span> <span class='ocrx_word' id='word_1_33' title='bbox 673 743 766 825; x_wconf 89' lang='lat' dir='ltr'><strong>quod</strong></span> <span class='ocrx_word' id='word_1_34' title='bbox 794 744 823 809; x_wconf 92' lang='lat' dir='ltr'><strong>ei</strong></span> <span class='ocrx_word' id='word_1_35' title='bbox 844 752 981 824; x_wconf 86' lang='lat' dir='ltr'><strong>praeter</strong></span> <span class='ocrx_word' id='word_1_36' title='bbox 1001 761 1107 821; x_wconf 82' lang='lat' dir='ltr'><strong>spern-</strong></span> <span class='ocrx_word' id='word_1_37' title='bbox 1120 740 1307 818; x_wconf 85' lang='lat' dir='ltr'><strong>acciderat‚</strong></span> <span class='ocrx_word' id='word_1_38' title='bbox 1336 753 1366 807; x_wconf 92' lang='lat' dir='ltr'><strong>ut</strong></span> 
     </span>
     <span class='ocr_line' id='line_1_6' title="bbox 201 841 1415 927; baseline -0.003 -15"><span class='ocrx_word' id='word_1_39' title='bbox 201 844 314 925; x_wconf 89' lang='lat' dir='ltr'><strong>illam,</strong></span> <span class='ocrx_word' id='word_1_40' title='bbox 347 855 573 927; x_wconf 86' lang='lat' dir='ltr'><strong>posteaquam</strong></span> <span class='ocrx_word' id='word_1_41' title='bbox 595 841 713 924; x_wconf 88' lang='lat' dir='ltr'><strong>pulsus</strong></span> <span class='ocrx_word' id='word_1_42' title='bbox 736 855 827 921; x_wconf 88' lang='lat' dir='ltr'><strong>erat,</strong></span> <span class='ocrx_word' id='word_1_43' title='bbox 864 857 991 910; x_wconf 85' lang='lat' dir='ltr'><strong>terram</strong></span> <span class='ocrx_word' id='word_1_44' title='bbox 1012 863 1162 923; x_wconf 89' lang='lat' dir='ltr'><strong>uuquam</strong></span> <span class='ocrx_word' id='word_1_45' title='bbox 1183 844 1366 923; x_wconf 77' lang='lat' dir='ltr'><strong>attingeret,</strong></span> <span class='ocrx_word' id='word_1_46' title='bbox 1414 918 1415 921; x_wconf 8' lang='grc' dir='ltr'><strong>Ἴ</strong></span> 
     </span>
    </p>

    <p class='ocr_par' dir='ltr' id='par_1_3' title="bbox 182 938 1415 1134">
     <span class='ocr_line' id='line_1_7' title="bbox 182 938 1415 1026; baseline -0.005 -11"><span class='ocrx_word' id='word_1_47' title='bbox 182 938 188 947; x_wconf 44' lang='grc'><strong>’”</strong></span> <span class='ocrx_word' id='word_1_48' title='bbox 202 946 266 1019; x_wconf 83' lang='lat' dir='ltr'><strong>sed</strong></span> <span class='ocrx_word' id='word_1_49' title='bbox 291 948 326 1013; x_wconf 91' lang='lat' dir='ltr'><strong>in</strong></span> <span class='ocrx_word' id='word_1_50' title='bbox 354 947 545 1013; x_wconf 85' lang='lat' dir='ltr'><strong>exercitum</strong></span> <span class='ocrx_word' id='word_1_51' title='bbox 573 955 730 1011; x_wconf 87' lang='lat' dir='ltr'><strong>nostrum</strong></span> <span class='ocrx_word' id='word_1_52' title='bbox 752 942 883 1011; x_wconf 83' lang='lat' dir='ltr'><strong>clarum</strong></span> <span class='ocrx_word' id='word_1_53' title='bbox 905 957 1007 1026; x_wconf 89' lang='lat' dir='ltr'><strong>atquc</strong></span> <span class='ocrx_word' id='word_1_54' title='bbox 1027 945 1196 1011; x_wconf 88' lang='lat' dir='ltr'><strong>victorem</strong></span> <span class='ocrx_word' id='word_1_55' title='bbox 1216 945 1367 1025; x_wconf 84' lang='lat' dir='ltr'><strong>impetun</strong></span> <span class='ocrx_word' id='word_1_56' title='bbox 1414 962 1415 993; x_wconf 61' lang='lat'>³</span> 
     </span>
     <span class='ocr_line' id='line_1_8' title="bbox 200 1043 1367 1134; baseline -0.006 -18"><span class='ocrx_word' id='word_1_57' title='bbox 200 1047 298 1117; x_wconf 80' lang='lat' dir='ltr'><strong>tecit</strong></span> <span class='ocrx_word' id='word_1_58' title='bbox 340 1047 445 1114; x_wconf 82' lang='lat' dir='ltr'><strong>Sinite</strong></span> <span class='ocrx_word' id='word_1_59' title='bbox 472 1043 660 1124; x_wconf 86' lang='lat' dir='ltr'><strong>hocloco,</strong></span> <span class='ocrx_word' id='word_1_60' title='bbox 697 1045 867 1134; x_wconf 78' lang='lat' dir='ltr'><strong>Quirites,</strong></span> <span class='ocrx_word' id='word_1_61' title='bbox 902 1047 991 1113; x_wconf 89' lang='lat' dir='ltr'><strong>siout</strong></span> <span class='ocrx_word' id='word_1_62' title='bbox 1017 1050 1139 1125; x_wconf 69' lang='lat' dir='ltr'><strong>poetae</strong></span> <span class='ocrx_word' id='word_1_63' title='bbox 1160 1046 1290 1126; x_wconf 85' lang='lat' dir='ltr'><strong>solent,</strong></span> <span class='ocrx_word' id='word_1_64' title='bbox 1322 1046 1367 1127; x_wconf 89' lang='lat' dir='ltr'><strong>qui</strong></span> 
     </span>
    </p>

    <p class='ocr_par' dir='ltr' id='par_1_4' title="bbox 164 1145 1366 1335">
     <span class='ocr_line' id='line_1_9' title="bbox 164 1145 1366 1227; baseline -0.004 -11"><span class='ocrx_word' id='word_1_65' title='bbox 164 1152 167 1157; x_wconf 81' lang='grc'><em>’</em></span> <span class='ocrx_word' id='word_1_66' title='bbox 201 1169 259 1216; x_wconf 87' lang='lat' dir='ltr'><strong>res</strong></span> <span class='ocrx_word' id='word_1_67' title='bbox 280 1149 451 1215; x_wconf 86' lang='lat' dir='ltr'><strong>Romanas</strong></span> <span class='ocrx_word' id='word_1_68' title='bbox 472 1148 641 1222; x_wconf 88' lang='lat' dir='ltr'><strong>scribunt,</strong></span> <span class='ocrx_word' id='word_1_69' title='bbox 673 1148 859 1227; x_wconf 85' lang='lat' dir='ltr'><strong>praeterire</strong></span> <span class='ocrx_word' id='word_1_70' title='bbox 881 1167 934 1212; x_wconf 91' lang='lat' dir='ltr'><strong>me</strong></span> <span class='ocrx_word' id='word_1_71' title='bbox 956 1158 1110 1213; x_wconf 89' lang='lat' dir='ltr'><strong>nostram</strong></span> <span class='ocrx_word' id='word_1_72' title='bbox 1132 1145 1366 1223; x_wconf 85' lang='lat' dir='ltr'><strong>calamitatem,</strong></span> 
     </span>
     <span class='ocr_line' id='line_1_10' title="bbox 203 1246 1366 1335; baseline 0 -21"><span class='ocrx_word' id='word_1_73' title='bbox 203 1268 290 1332; x_wconf 88' lang='lat' dir='ltr'><strong>quac</strong></span> <span class='ocrx_word' id='word_1_74' title='bbox 313 1260 406 1315; x_wconf 86' lang='lat' dir='ltr'><strong>tanta</strong></span> <span class='ocrx_word' id='word_1_75' title='bbox 427 1247 508 1324; x_wconf 89' lang='lat' dir='ltr'><strong>fuit,</strong></span> <span class='ocrx_word' id='word_1_76' title='bbox 528 1259 568 1313; x_wconf 90' lang='lat' dir='ltr'><strong>ut</strong></span> <span class='ocrx_word' id='word_1_77' title='bbox 589 1267 663 1335; x_wconf 83' lang='lat' dir='ltr'><strong>eam</strong></span> <span class='ocrx_word' id='word_1_78' title='bbox 685 1246 729 1312; x_wconf 88' lang='lat' dir='ltr'><strong>ad</strong></span> <span class='ocrx_word' id='word_1_79' title='bbox 750 1267 848 1314; x_wconf 91' lang='lat' dir='ltr'><strong>aures</strong></span> <span class='ocrx_word' id='word_1_80' title='bbox 870 1249 1085 1328; x_wconf 84' lang='lat' dir='ltr'><strong>imperatoris</strong></span> <span class='ocrx_word' id='word_1_81' title='bbox 1106 1269 1175 1314; x_wconf 84' lang='lat' dir='ltr'><strong>rron</strong></span> <span class='ocrx_word' id='word_1_82' title='bbox 1190 1270 1235 1313; x_wconf 86' lang='lat' dir='ltr'><strong>ex</strong></span> <span class='ocrx_word' id='word_1_83' title='bbox 1250 1247 1366 1329; x_wconf 87' lang='lat' dir='ltr'><strong>proelio</strong></span> 
     </span>
    </p>

    <p class='ocr_par' dir='ltr' id='par_1_5' title="bbox 143 1348 1414 1887">
     <span class='ocr_line' id='line_1_11' title="bbox 143 1348 1366 1430; baseline -0.003 -13"><span class='ocrx_word' id='word_1_84' title='bbox 143 1359 183 1424; x_wconf 77' lang='lat'><strong>26</strong></span> <span class='ocrx_word' id='word_1_85' title='bbox 203 1351 360 1425; x_wconf 84' lang='lat' dir='ltr'><strong>nuntius,</strong></span> <span class='ocrx_word' id='word_1_86' title='bbox 392 1348 454 1417; x_wconf 86' lang='lat' dir='ltr'><strong>ssd</strong></span> <span class='ocrx_word' id='word_1_87' title='bbox 485 1368 529 1414; x_wconf 81' lang='lat' dir='ltr'><strong>ex</strong></span> <span class='ocrx_word' id='word_1_88' title='bbox 555 1367 714 1415; x_wconf 84' lang='lat' dir='ltr'><strong>sermone</strong></span> <span class='ocrx_word' id='word_1_89' title='bbox 741 1370 861 1415; x_wconf 88' lang='lat' dir='ltr'><strong>rumor</strong></span> <span class='ocrx_word' id='word_1_90' title='bbox 889 1351 1038 1415; x_wconf 78' lang='lat' dir='ltr'><strong>afferret.</strong></span> <span class='ocrx_word' id='word_1_91' title='bbox 1080 1349 1145 1415; x_wconf 88' lang='lat' dir='ltr'><strong>Hic</strong></span> <span class='ocrx_word' id='word_1_92' title='bbox 1173 1351 1208 1417; x_wconf 89' lang='lat' dir='ltr'><strong>in</strong></span> <span class='ocrx_word' id='word_1_93' title='bbox 1229 1349 1287 1417; x_wconf 92' lang='lat' dir='ltr'><strong>illo</strong></span> <span class='ocrx_word' id='word_1_94' title='bbox 1306 1351 1366 1430; x_wconf 79' lang='lat' dir='ltr'><strong>ipso</strong></span> 
     </span>
     <span class='ocr_line' id='line_1_12' title="bbox 203 1438 1368 1532; baseline -0.003 -14"><span class='ocrx_word' id='word_1_95' title='bbox 203 1450 295 1522; x_wconf 81' lang='lat' dir='ltr'><strong>malo</strong></span> <span class='ocrx_word' id='word_1_96' title='bbox 318 1451 586 1532; x_wconf 75' lang='lat' dir='ltr'><strong>gravissimaque</strong></span> <span class='ocrx_word' id='word_1_97' title='bbox 610 1446 687 1515; x_wconf 86' lang='lat' dir='ltr'><strong>belli</strong></span> <span class='ocrx_word' id='word_1_98' title='bbox 709 1449 898 1516; x_wconf 83' lang='lat' dir='ltr'><strong>offensione</strong></span> <span class='ocrx_word' id='word_1_99' title='bbox 917 1451 956 1516; x_wconf 81' lang='lat' dir='ltr'><strong>L.</strong></span> <span class='ocrx_word' id='word_1_100' title='bbox 978 1448 1159 1524; x_wconf 80' lang='lat' dir='ltr'><strong>Lucullus,</strong></span> <span class='ocrx_word' id='word_1_101' title='bbox 1190 1438 1368 1532; x_wconf 81' lang='lat' dir='ltr'><strong>quitatum</strong></span> 
     </span>
     <span class='ocr_line' id='line_1_13' title="bbox 196 1550 1367 1633; baseline -0.003 -15"><span class='ocrx_word' id='word_1_102' title='bbox 196 1550 316 1633; x_wconf 76' lang='lat' dir='ltr'><strong>aliqua</strong></span> <span class='ocrx_word' id='word_1_103' title='bbox 341 1563 509 1632; x_wconf 76' lang='lat' dir='ltr'><strong>exparte</strong></span> <span class='ocrx_word' id='word_1_104' title='bbox 536 1552 577 1617; x_wconf 86' lang='lat' dir='ltr'><strong>iis</strong></span> <span class='ocrx_word' id='word_1_105' title='bbox 604 1551 833 1617; x_wconf 82' lang='lat' dir='ltr'><strong>incommodis</strong></span> <span class='ocrx_word' id='word_1_106' title='bbox 860 1550 988 1617; x_wconf 88' lang='lat' dir='ltr'><strong>mederi</strong></span> <span class='ocrx_word' id='word_1_107' title='bbox 1015 1550 1163 1617; x_wconf 86' lang='lat' dir='ltr'><strong>fortasse</strong></span> <span class='ocrx_word' id='word_1_108' title='bbox 1194 1554 1367 1633; x_wconf 84' lang='lat' dir='ltr'><strong>potuisset,</strong></span> 
     </span>
     <span class='ocr_line' id='line_1_14' title="bbox 200 1651 1370 1734; baseline -0.001 -14"><span class='ocrx_word' id='word_1_109' title='bbox 200 1664 320 1720; x_wconf 76' lang='lat' dir='ltr'><strong>restro</strong></span> <span class='ocrx_word' id='word_1_110' title='bbox 343 1653 438 1721; x_wconf 91' lang='lat' dir='ltr'><strong>iussu</strong></span> <span class='ocrx_word' id='word_1_111' title='bbox 461 1663 621 1727; x_wconf 81' lang='lat' dir='ltr'><strong>coactus,</strong></span> <span class='ocrx_word' id='word_1_112' title='bbox 650 1651 742 1732; x_wconf 91' lang='lat' dir='ltr'><strong>quod</strong></span> <span class='ocrx_word' id='word_1_113' title='bbox 764 1655 896 1734; x_wconf 87' lang='lat' dir='ltr'><strong>imperii</strong></span> <span class='ocrx_word' id='word_1_114' title='bbox 918 1652 1130 1723; x_wconf 68' lang='lat' dir='ltr'><strong>diuturnitati</strong></span> <span class='ocrx_word' id='word_1_115' title='bbox 1152 1652 1295 1720; x_wconf 87' lang='lat' dir='ltr'><strong>modum</strong></span> <span class='ocrx_word' id='word_1_116' title='bbox 1314 1665 1370 1719; x_wconf 88' lang='lat' dir='ltr'><strong>sta·</strong></span> 
     </span>
     <span class='ocr_line' id='line_1_15' title="bbox 204 1750 1414 1887; baseline -0.002 -67"><span class='ocrx_word' id='word_1_117' title='bbox 204 1752 369 1820; x_wconf 83' lang='lat' dir='ltr'><strong>tuendum</strong></span> <span class='ocrx_word' id='word_1_118' title='bbox 400 1764 517 1819; x_wconf 80' lang='lat' dir='ltr'><strong>vetere</strong></span> <span class='ocrx_word' id='word_1_119' title='bbox 543 1750 702 1833; x_wconf 83' lang='lat' dir='ltr'><strong>exemplo</strong></span> <span class='ocrx_word' id='word_1_120' title='bbox 732 1752 930 1837; x_wconf 85' lang='lat' dir='ltr'><strong>putavistis,</strong></span> <span class='ocrx_word' id='word_1_121' title='bbox 966 1765 1096 1834; x_wconf 89' lang='lat' dir='ltr'><strong>partem</strong></span> <span class='ocrx_word' id='word_1_122' title='bbox 1125 1751 1293 1827; x_wconf 89' lang='lat' dir='ltr'><strong>militum,</strong></span> <span class='ocrx_word' id='word_1_123' title='bbox 1324 1753 1369 1834; x_wconf 89' lang='lat' dir='ltr'><strong>qui</strong></span> <span class='ocrx_word' id='word_1_124' title='bbox 1410 1756 1414 1887; x_wconf 65' lang='grc' dir='ltr'>Ι</span> 
     </span>
    </p>

    <p class='ocr_par' dir='ltr' id='par_1_6' title="bbox 179 1851 1414 2438">
     <span class='ocr_line' id='line_1_16' title="bbox 179 1851 1414 1934; baseline 0 -15"><span class='ocrx_word' id='word_1_125' title='bbox 179 1854 271 1921; x_wconf 54' lang='lat' dir='ltr'><strong>&lt;iam</strong></span> <span class='ocrx_word' id='word_1_126' title='bbox 293 1852 467 1934; x_wconf 88' lang='lat' dir='ltr'><strong>stipendiis</strong></span> <span class='ocrx_word' id='word_1_127' title='bbox 490 1853 637 1919; x_wconf 85' lang='lat' dir='ltr'><strong>conlecti</strong></span> <span class='ocrx_word' id='word_1_128' title='bbox 659 1863 772 1929; x_wconf 87' lang='lat' dir='ltr'><strong>erant,</strong></span> <span class='ocrx_word' id='word_1_129' title='bbox 796 1851 937 1930; x_wconf 83' lang='lat' dir='ltr'><strong>dimisit,</strong></span> <span class='ocrx_word' id='word_1_130' title='bbox 958 1865 1090 1933; x_wconf 88' lang='lat' dir='ltr'><strong>partem</strong></span> <span class='ocrx_word' id='word_1_131' title='bbox 1114 1852 1292 1921; x_wconf 77' lang='lat' dir='ltr'><strong>Glabrioni</strong></span> <span class='ocrx_word' id='word_1_132' title='bbox 1313 1867 1371 1919; x_wconf 77' lang='lat' dir='ltr'><strong>tra·</strong></span> <span class='ocrx_word' id='word_1_133' title='bbox 1411 1890 1414 1899; x_wconf 95' lang='lat'>·</span> 
     </span>
     <span class='ocr_line' id='line_1_17' title="bbox 204 1951 1368 2036; baseline 0 -17"><span class='ocrx_word' id='word_1_134' title='bbox 204 1952 300 2023; x_wconf 84' lang='lat' dir='ltr'><strong>didit.</strong></span> <span class='ocrx_word' id='word_1_135' title='bbox 323 1951 451 2020; x_wconf 51' lang='lat' dir='ltr'><strong>¹Multa</strong></span> <span class='ocrx_word' id='word_1_136' title='bbox 471 1966 648 2035; x_wconf 86' lang='lat' dir='ltr'><strong>praetereo</strong></span> <span class='ocrx_word' id='word_1_137' title='bbox 670 1951 845 2020; x_wconf 88' lang='lat' dir='ltr'><strong>consulto:</strong></span> <span class='ocrx_word' id='word_1_138' title='bbox 866 1954 926 2019; x_wconf 90' lang='lat' dir='ltr'><strong>sed</strong></span> <span class='ocrx_word' id='word_1_139' title='bbox 948 1975 988 2018; x_wconf 91' lang='lat' dir='ltr'><strong>ca</strong></span> <span class='ocrx_word' id='word_1_140' title='bbox 1010 1975 1072 2020; x_wconf 83' lang='lat' dir='ltr'><strong>vos</strong></span> <span class='ocrx_word' id='word_1_141' title='bbox 1094 1955 1293 2022; x_wconf 87' lang='lat' dir='ltr'><strong>coniectura</strong></span> <span class='ocrx_word' id='word_1_142' title='bbox 1306 1975 1368 2036; x_wconf 89' lang='lat' dir='ltr'><strong>per·</strong></span> 
     </span>
     <span class='ocr_line' id='line_1_18' title="bbox 203 2053 1369 2137; baseline -0.005 -12"><span class='ocrx_word' id='word_1_143' title='bbox 203 2055 341 2137; x_wconf 64' lang='lat' dir='ltr'><strong>spicue,</strong></span> <span class='ocrx_word' id='word_1_144' title='bbox 360 2066 524 2137; x_wconf 82' lang='lat' dir='ltr'><strong>qrrantum</strong></span> <span class='ocrx_word' id='word_1_145' title='bbox 546 2054 631 2120; x_wconf 85' lang='lat' dir='ltr'><strong>illud</strong></span> <span class='ocrx_word' id='word_1_146' title='bbox 652 2053 777 2120; x_wconf 84' lang='lat' dir='ltr'><strong>bellum</strong></span> <span class='ocrx_word' id='word_1_147' title='bbox 800 2054 929 2120; x_wconf 84' lang='lat' dir='ltr'><strong>facturn</strong></span> <span class='ocrx_word' id='word_1_148' title='bbox 951 2056 1096 2134; x_wconf 73' lang='lat' dir='ltr'><strong>putatia,</strong></span> <span class='ocrx_word' id='word_1_149' title='bbox 1127 2055 1219 2135; x_wconf 90' lang='lat' dir='ltr'><strong>quod</strong></span> <span class='ocrx_word' id='word_1_150' title='bbox 1243 2058 1369 2124; x_wconf 80' lang='lat' dir='ltr'><strong>coitiun-</strong></span> 
     </span>
     <span class='ocr_line' id='line_1_19' title="bbox 203 2156 1369 2237; baseline -0.001 -16"><span class='ocrx_word' id='word_1_151' title='bbox 203 2167 287 2234; x_wconf 78' lang='lat' dir='ltr'><strong>gant</strong></span> <span class='ocrx_word' id='word_1_152' title='bbox 307 2176 407 2236; x_wconf 83' lang='lat' dir='ltr'><strong>reges</strong></span> <span class='ocrx_word' id='word_1_153' title='bbox 428 2156 677 2237; x_wconf 79' lang='lat' dir='ltr'><strong>potentissimi,</strong></span> <span class='ocrx_word' id='word_1_154' title='bbox 712 2166 880 2221; x_wconf 84' lang='lat' dir='ltr'><strong>renovent</strong></span> <span class='ocrx_word' id='word_1_155' title='bbox 906 2156 1052 2233; x_wconf 83' lang='lat' dir='ltr'><strong>agitatae</strong></span> <span class='ocrx_word' id='word_1_156' title='bbox 1073 2157 1245 2233; x_wconf 85' lang='lat' dir='ltr'><strong>nationes,</strong></span> <span class='ocrx_word' id='word_1_157' title='bbox 1275 2157 1369 2224; x_wconf 87' lang='lat' dir='ltr'><strong>susci·</strong></span> 
     </span>
     <span class='ocr_line' id='line_1_20' title="bbox 202 2256 1370 2340; baseline 0.002 -20"><span class='ocrx_word' id='word_1_158' title='bbox 202 2256 298 2338; x_wconf 83' lang='lat' dir='ltr'><strong>piant</strong></span> <span class='ocrx_word' id='word_1_159' title='bbox 317 2258 470 2336; x_wconf 76' lang='lat' dir='ltr'><strong>integrae</strong></span> <span class='ocrx_word' id='word_1_160' title='bbox 488 2268 629 2336; x_wconf 73' lang='lat' dir='ltr'><strong>geistes,</strong></span> <span class='ocrx_word' id='word_1_161' title='bbox 657 2275 765 2323; x_wconf 86' lang='lat' dir='ltr'><strong>novus</strong></span> <span class='ocrx_word' id='word_1_162' title='bbox 787 2257 974 2336; x_wconf 86' lang='lat' dir='ltr'><strong>imperator</strong></span> <span class='ocrx_word' id='word_1_163' title='bbox 994 2269 1112 2322; x_wconf 83' lang='lat' dir='ltr'><strong>noster</strong></span> <span class='ocrx_word' id='word_1_164' title='bbox 1133 2260 1296 2340; x_wconf 85' lang='lat' dir='ltr'><strong>accipiat,</strong></span> <span class='ocrx_word' id='word_1_165' title='bbox 1322 2277 1370 2323; x_wconf 89' lang='lat' dir='ltr'><strong>ve·</strong></span> 
     </span>
     <span class='ocr_line' id='line_1_21' title="bbox 203 2356 1079 2438; baseline 0 -14"><span class='ocrx_word' id='word_1_166' title='bbox 203 2369 276 2424; x_wconf 85' lang='lat' dir='ltr'><strong>tcrc</strong></span> <span class='ocrx_word' id='word_1_167' title='bbox 298 2359 452 2423; x_wconf 82' lang='lat' dir='ltr'><strong>exercitu</strong></span> <span class='ocrx_word' id='word_1_168' title='bbox 477 2356 589 2438; x_wconf 81' lang='lat' dir='ltr'><strong>pulso.</strong></span> <span class='ocrx_word' id='word_1_169' title='bbox 1078 2373 1079 2376; x_wconf 75' lang='grc'>’</span> 
     </span>
    </p>

    <p class='ocr_par' dir='ltr' id='par_1_7' title="bbox 142 2456 1370 2949">
     <span class='ocr_line' id='line_1_22' title="bbox 142 2456 1370 2542; baseline -0.004 -14"><span class='ocrx_word' id='word_1_170' title='bbox 142 2463 184 2528; x_wconf 75' lang='lat'><strong>27</strong></span> <span class='ocrx_word' id='word_1_171' title='bbox 282 2458 329 2524; x_wconf 80' lang='lat' dir='ltr'><strong>X.</strong></span> <span class='ocrx_word' id='word_1_172' title='bbox 370 2458 459 2524; x_wconf 81' lang='lat' dir='ltr'><strong>Satis</strong></span> <span class='ocrx_word' id='word_1_173' title='bbox 481 2458 563 2523; x_wconf 86' lang='lat' dir='ltr'><strong>mihi</strong></span> <span class='ocrx_word' id='word_1_174' title='bbox 585 2456 693 2525; x_wconf 89' lang='lat' dir='ltr'><strong>multa</strong></span> <span class='ocrx_word' id='word_1_175' title='bbox 714 2457 818 2522; x_wconf 87' lang='lat' dir='ltr'><strong>verba</strong></span> <span class='ocrx_word' id='word_1_176' title='bbox 839 2458 962 2525; x_wconf 83' lang='lat' dir='ltr'><strong>fecisse</strong></span> <span class='ocrx_word' id='word_1_177' title='bbox 989 2458 1128 2534; x_wconf 85' lang='lat' dir='ltr'><strong>videor,</strong></span> <span class='ocrx_word' id='word_1_178' title='bbox 1161 2477 1267 2542; x_wconf 86' lang='lat' dir='ltr'><strong>qrtare</strong></span> <span class='ocrx_word' id='word_1_179' title='bbox 1293 2470 1370 2527; x_wconf 88' lang='lat' dir='ltr'><strong>esset</strong></span> 
     </span>
     <span class='ocr_line' id='line_1_23' title="bbox 202 2557 1370 2651; baseline 0.002 -27"><span class='ocrx_word' id='word_1_180' title='bbox 202 2558 271 2624; x_wconf 90' lang='lat' dir='ltr'><strong>hoc</strong></span> <span class='ocrx_word' id='word_1_181' title='bbox 291 2557 415 2624; x_wconf 88' lang='lat' dir='ltr'><strong>bellurn</strong></span> <span class='ocrx_word' id='word_1_182' title='bbox 437 2577 561 2651; x_wconf 80' lang='lat' dir='ltr'><strong>genere</strong></span> <span class='ocrx_word' id='word_1_183' title='bbox 582 2559 656 2637; x_wconf 89' lang='lat' dir='ltr'><strong>ipso</strong></span> <span class='ocrx_word' id='word_1_184' title='bbox 679 2558 925 2635; x_wconf 86' lang='lat' dir='ltr'><strong>necessarium,</strong></span> <span class='ocrx_word' id='word_1_185' title='bbox 961 2559 1194 2639; x_wconf 78' lang='lat' dir='ltr'><strong>magnitudine</strong></span> <span class='ocrx_word' id='word_1_186' title='bbox 1215 2559 1370 2643; x_wconf 88' lang='lat' dir='ltr'><strong>periculo·</strong></span> 
     </span>
     <span class='ocr_line' id='line_1_24' title="bbox 203 2646 1369 2742; baseline 0.001 -18"><span class='ocrx_word' id='word_1_187' title='bbox 203 2677 302 2724; x_wconf 83' lang='lat' dir='ltr'><strong>sum:</strong></span> <span class='ocrx_word' id='word_1_188' title='bbox 336 2669 460 2735; x_wconf 87' lang='lat' dir='ltr'><strong>restat,</strong></span> <span class='ocrx_word' id='word_1_189' title='bbox 494 2646 533 2724; x_wconf 88' lang='lat' dir='ltr'><strong>ut</strong></span> <span class='ocrx_word' id='word_1_190' title='bbox 560 2658 601 2723; x_wconf 91' lang='lat' dir='ltr'><strong>dc</strong></span> <span class='ocrx_word' id='word_1_191' title='bbox 629 2659 836 2739; x_wconf 89' lang='lat' dir='ltr'><strong>imperatore</strong></span> <span class='ocrx_word' id='word_1_192' title='bbox 864 2660 907 2725; x_wconf 88' lang='lat' dir='ltr'><strong>ad</strong></span> <span class='ocrx_word' id='word_1_193' title='bbox 934 2660 968 2725; x_wconf 92' lang='lat' dir='ltr'><strong>id</strong></span> <span class='ocrx_word' id='word_1_194' title='bbox 990 2658 1116 2727; x_wconf 87' lang='lat' dir='ltr'><strong>bellum</strong></span> <span class='ocrx_word' id='word_1_195' title='bbox 1137 2661 1318 2742; x_wconf 80' lang='lat' dir='ltr'><strong>deligendo</strong></span> <span class='ocrx_word' id='word_1_196' title='bbox 1337 2681 1369 2726; x_wconf 90' lang='lat' dir='ltr'><strong>ac</strong></span> 
     </span>
     <span class='ocr_line' id='line_1_25' title="bbox 204 2758 1369 2839; baseline 0.003 -15"><span class='ocrx_word' id='word_1_197' title='bbox 204 2758 307 2827; x_wconf 85' lang='lat' dir='ltr'><strong>tantis</strong></span> <span class='ocrx_word' id='word_1_198' title='bbox 334 2758 434 2825; x_wconf 84' lang='lat' dir='ltr'><strong>rebus</strong></span> <span class='ocrx_word' id='word_1_199' title='bbox 462 2759 688 2839; x_wconf 84' lang='lat' dir='ltr'><strong>praeficiendo</strong></span> <span class='ocrx_word' id='word_1_200' title='bbox 715 2758 894 2825; x_wconf 87' lang='lat' dir='ltr'><strong>dicendum</strong></span> <span class='ocrx_word' id='word_1_201' title='bbox 923 2781 999 2828; x_wconf 87' lang='lat' dir='ltr'><strong>esse</strong></span> <span class='ocrx_word' id='word_1_202' title='bbox 1021 2761 1190 2828; x_wconf 87' lang='lat' dir='ltr'><strong>videatur.</strong></span> <span class='ocrx_word' id='word_1_203' title='bbox 1233 2765 1369 2838; x_wconf 88' lang='lat' dir='ltr'><strong>Utinam,</strong></span> 
     </span>
     <span class='ocr_line' id='line_1_26' title="bbox 204 2859 1370 2949; baseline 0.004 -26"><span class='ocrx_word' id='word_1_204' title='bbox 204 2859 378 2949; x_wconf 78' lang='lat' dir='ltr'><strong>Quirites,</strong></span> <span class='ocrx_word' id='word_1_205' title='bbox 413 2860 564 2927; x_wconf 88' lang='lat' dir='ltr'><strong>virorum</strong></span> <span class='ocrx_word' id='word_1_206' title='bbox 593 2860 735 2927; x_wconf 88' lang='lat' dir='ltr'><strong>fortium</strong></span> <span class='ocrx_word' id='word_1_207' title='bbox 763 2871 863 2941; x_wconf 88' lang='lat' dir='ltr'><strong>atque</strong></span> <span class='ocrx_word' id='word_1_208' title='bbox 890 2862 1123 2929; x_wconf 88' lang='lat' dir='ltr'><strong>innocentium</strong></span> <span class='ocrx_word' id='word_1_209' title='bbox 1152 2866 1287 2946; x_wconf 89' lang='lat' dir='ltr'><strong>copiam</strong></span> <span class='ocrx_word' id='word_1_210' title='bbox 1309 2878 1370 2931; x_wconf 87' lang='lat' dir='ltr'><strong>tarr·</strong></span> 
     </span>
    </p>
   </div>
   <div class='ocr_carea' id='block_1_3' title="bbox 204 2979 400 2996">
    <p class='ocr_par' dir='ltr' id='par_1_8' title="bbox 204 2979 400 2996">
     <span class='ocr_line' id='line_1_27' title="bbox 204 2979 400 2996; baseline 0 -4"><span class='ocrx_word' id='word_1_211' title='bbox 204 2979 400 2996; x_wconf 50' lang='lat' dir='ltr'><strong><em>m</em></strong></span> 
     </span>
    </p>
   </div>
   <div class='ocr_carea' id='block_1_4' title="bbox 201 3036 1412 3922">
    <p class='ocr_par' dir='ltr' id='par_1_9' title="bbox 201 3036 1412 3499">
     <span class='ocr_line' id='line_1_28' title="bbox 202 3036 1412 3103; baseline 0.002 -18"><span class='ocrx_word' id='word_1_212' title='bbox 202 3042 338 3086; x_wconf 79' lang='lat' dir='ltr'><strong>adventiciis</strong></span> <span class='ocrx_word' id='word_1_213' title='bbox 354 3037 464 3103; x_wconf 68' lang='lat' dir='ltr'><strong>auxiliis]</strong></span> <span class='ocrx_word' id='word_1_214' title='bbox 482 3036 512 3085; x_wconf 88' lang='lat' dir='ltr'><strong>P.</strong></span> <span class='ocrx_word' id='word_1_215' title='bbox 523 3039 551 3085; x_wconf 86' lang='lat' dir='ltr'><strong>E.</strong></span> <span class='ocrx_word' id='word_1_216' title='bbox 570 3040 707 3087; x_wconf 81' lang='lat' dir='ltr'><strong>adventiciis</strong></span> <span class='ocrx_word' id='word_1_217' title='bbox 720 3037 778 3083; x_wconf 88' lang='lat' dir='ltr'><strong>Ern.</strong></span> <span class='ocrx_word' id='word_1_218' title='bbox 787 3058 822 3072; x_wconf 90' lang='lat'><em>-</em></span> <span class='ocrx_word' id='word_1_219' title='bbox 834 3039 966 3100; x_wconf 82' lang='lat' dir='ltr'><strong>invadatur]</strong></span> <span class='ocrx_word' id='word_1_220' title='bbox 979 3040 1008 3086; x_wconf 90' lang='lat' dir='ltr'><strong>P.</strong></span> <span class='ocrx_word' id='word_1_221' title='bbox 1020 3041 1050 3086; x_wconf 86' lang='lat' dir='ltr'><strong>E.</strong></span> <span class='ocrx_word' id='word_1_222' title='bbox 1063 3043 1137 3098; x_wconf 81' lang='lat' dir='ltr'><strong>copiis</strong></span> <span class='ocrx_word' id='word_1_223' title='bbox 1149 3044 1273 3088; x_wconf 80' lang='lat' dir='ltr'><strong>iurabatur</strong></span> <span class='ocrx_word' id='word_1_224' title='bbox 1283 3044 1335 3089; x_wconf 86' lang='lat' dir='ltr'><strong>Em.</strong></span> <span class='ocrx_word' id='word_1_225' title='bbox 1343 3063 1370 3077; x_wconf 91' lang='lat'>-</span> <span class='ocrx_word' id='word_1_226' title='bbox 1408 3050 1412 3059; x_wconf 93' lang='lat'>&#39;</span> 
     </span>
     <span class='ocr_line' id='line_1_29' title="bbox 201 3120 1370 3188; baseline -0.001 -20"><span class='ocrx_word' id='word_1_227' title='bbox 201 3124 256 3169; x_wconf 84' lang='lat' dir='ltr'><strong>Iam</strong></span> <span class='ocrx_word' id='word_1_228' title='bbox 263 3122 318 3185; x_wconf 79' lang='lat' dir='ltr'><strong>doc]</strong></span> <span class='ocrx_word' id='word_1_229' title='bbox 329 3124 358 3169; x_wconf 89' lang='lat' dir='ltr'><strong>E.</strong></span> <span class='ocrx_word' id='word_1_230' title='bbox 376 3124 458 3170; x_wconf 85' lang='lat' dir='ltr'><strong>Schol.</strong></span> <span class='ocrx_word' id='word_1_231' title='bbox 476 3123 590 3167; x_wconf 84' lang='lat' dir='ltr'><strong>Namltoc</strong></span> <span class='ocrx_word' id='word_1_232' title='bbox 607 3122 636 3168; x_wconf 84' lang='lat' dir='ltr'><strong>P.</strong></span> <span class='ocrx_word' id='word_1_233' title='bbox 654 3123 709 3170; x_wconf 84' lang='lat' dir='ltr'><strong>Hoc</strong></span> <span class='ocrx_word' id='word_1_234' title='bbox 727 3123 774 3166; x_wconf 84' lang='lat' dir='ltr'><strong>iam</strong></span> <span class='ocrx_word' id='word_1_235' title='bbox 791 3120 851 3166; x_wconf 83' lang='lat' dir='ltr'><strong>Era.</strong></span> <span class='ocrx_word' id='word_1_236' title='bbox 861 3145 897 3157; x_wconf 95' lang='lat'><em>-</em></span> <span class='ocrx_word' id='word_1_237' title='bbox 910 3127 936 3166; x_wconf 91' lang='lat' dir='ltr'><strong>ut</strong></span> <span class='ocrx_word' id='word_1_238' title='bbox 955 3124 986 3166; x_wconf 86' lang='lat' dir='ltr'><strong>iis</strong></span> <span class='ocrx_word' id='word_1_239' title='bbox 1002 3136 1084 3168; x_wconf 82' lang='lat' dir='ltr'><strong>nomen</strong></span> <span class='ocrx_word' id='word_1_240' title='bbox 1100 3123 1197 3186; x_wconf 78' lang='lat' dir='ltr'><strong>regale]</strong></span> <span class='ocrx_word' id='word_1_241' title='bbox 1207 3124 1238 3172; x_wconf 85' lang='grc' dir='ltr'><strong>Ε.</strong></span> <span class='ocrx_word' id='word_1_242' title='bbox 1257 3126 1293 3188; x_wconf 85' lang='lat' dir='ltr'><strong>(ut</strong></span> <span class='ocrx_word' id='word_1_243' title='bbox 1308 3125 1370 3172; x_wconf 80' lang='lat' dir='ltr'><strong>etiam</strong></span> 
     </span>
     <span class='ocr_line' id='line_1_30' title="bbox 201 3188 1411 3266; baseline -0.002 -14"><span class='ocrx_word' id='word_1_244' title='bbox 201 3205 232 3252; x_wconf 90' lang='lat' dir='ltr'><strong>P.</strong></span> <span class='ocrx_word' id='word_1_245' title='bbox 249 3208 311 3266; x_wconf 76' lang='lat' dir='ltr'><strong>quod</strong></span> <span class='ocrx_word' id='word_1_246' title='bbox 328 3206 407 3264; x_wconf 80' lang='lat' dir='ltr'><strong>regale</strong></span> <span class='ocrx_word' id='word_1_247' title='bbox 425 3208 455 3250; x_wconf 84' lang='lat' dir='ltr'><strong>iis</strong></span> <span class='ocrx_word' id='word_1_248' title='bbox 472 3217 554 3248; x_wconf 80' lang='lat' dir='ltr'><strong>namen</strong></span> <span class='ocrx_word' id='word_1_249' title='bbox 571 3205 629 3249; x_wconf 85' lang='lat' dir='ltr'><strong>Em.</strong></span> <span class='ocrx_word' id='word_1_250' title='bbox 664 3204 732 3250; x_wconf 76' lang='lat' dir='ltr'><strong>Cum·</strong></span> <span class='ocrx_word' id='word_1_251' title='bbox 742 3202 868 3249; x_wconf 82' lang='lat' dir='ltr'><strong>Beneckio</strong></span> <span class='ocrx_word' id='word_1_252' title='bbox 888 3201 920 3266; x_wconf 91' lang='lat'><strong>[]</strong></span> <span class='ocrx_word' id='word_1_253' title='bbox 939 3208 977 3250; x_wconf 84' lang='lat' dir='ltr'><strong>iis.</strong></span> <span class='ocrx_word' id='word_1_254' title='bbox 1409 3188 1411 3221; x_wconf 28' lang='grc' dir='ltr'>ἶ</span> 
     </span>
     <span class='ocr_line' id='line_1_31' title="bbox 204 3285 1411 3351; baseline -0.004 -16"><span class='ocrx_word' id='word_1_255' title='bbox 204 3311 207 3317; x_wconf 89' lang='grc'>·</span> <span class='ocrx_word' id='word_1_256' title='bbox 270 3289 339 3351; x_wconf 60' lang='lat'><strong>525.</strong></span> <span class='ocrx_word' id='word_1_257' title='bbox 360 3302 426 3332; x_wconf 84' lang='lat' dir='ltr'><strong>suurn</strong></span> <span class='ocrx_word' id='word_1_258' title='bbox 443 3285 582 3346; x_wconf 76' lang='lat' dir='ltr'><strong>recepisset]</strong></span> <span class='ocrx_word' id='word_1_259' title='bbox 601 3286 630 3331; x_wconf 93' lang='lat' dir='ltr'><strong>P.</strong></span> <span class='ocrx_word' id='word_1_260' title='bbox 648 3285 677 3333; x_wconf 84' lang='lat' dir='ltr'><strong>E.</strong></span> <span class='ocrx_word' id='word_1_261' title='bbox 700 3288 824 3342; x_wconf 80' lang='lat' dir='ltr'><strong>recepisset</strong></span> <span class='ocrx_word' id='word_1_262' title='bbox 844 3300 909 3331; x_wconf 90' lang='lat' dir='ltr'><strong>suum</strong></span> <span class='ocrx_word' id='word_1_263' title='bbox 931 3289 989 3333; x_wconf 87' lang='lat' dir='ltr'><strong>Em.</strong></span> <span class='ocrx_word' id='word_1_264' title='bbox 1006 3312 1040 3325; x_wconf 93' lang='lat'><em>-</em></span> <span class='ocrx_word' id='word_1_265' title='bbox 1057 3285 1172 3351; x_wconf 81' lang='lat' dir='ltr'><strong>nostrum]</strong></span> <span class='ocrx_word' id='word_1_266' title='bbox 1189 3289 1222 3335; x_wconf 77' lang='grc' dir='ltr'><strong>Ρ.</strong></span> <span class='ocrx_word' id='word_1_267' title='bbox 1240 3291 1270 3336; x_wconf 87' lang='grc' dir='ltr'><strong>Ε.</strong></span> <span class='ocrx_word' id='word_1_268' title='bbox 1287 3293 1370 3335; x_wconf 74' lang='lat' dir='ltr'><strong>uadum</strong></span> <span class='ocrx_word' id='word_1_269' title='bbox 1409 3286 1411 3331; x_wconf 70' lang='lat' dir='ltr'><strong>l</strong></span> 
     </span>
     <span class='ocr_line' id='line_1_32' title="bbox 202 3366 1368 3428; baseline -0.005 -10"><span class='ocrx_word' id='word_1_270' title='bbox 202 3372 260 3418; x_wconf 86' lang='lat' dir='ltr'><strong>Ern.</strong></span> <span class='ocrx_word' id='word_1_271' title='bbox 272 3396 306 3408; x_wconf 90' lang='lat'><em>—</em></span> <span class='ocrx_word' id='word_1_272' title='bbox 321 3373 352 3415; x_wconf 91' lang='lat' dir='ltr'><strong>ad</strong></span> <span class='ocrx_word' id='word_1_273' title='bbox 368 3384 436 3414; x_wconf 80' lang='lat' dir='ltr'><strong>auras</strong></span> <span class='ocrx_word' id='word_1_274' title='bbox 456 3367 615 3428; x_wconf 81' lang='lat' dir='ltr'><strong>imperatoris]</strong></span> <span class='ocrx_word' id='word_1_275' title='bbox 634 3370 665 3413; x_wconf 84' lang='lat' dir='ltr'><strong>de</strong></span> <span class='ocrx_word' id='word_1_276' title='bbox 682 3369 802 3427; x_wconf 74' lang='lat' dir='ltr'><strong>Madvigii</strong></span> <span class='ocrx_word' id='word_1_277' title='bbox 820 3367 884 3415; x_wconf 90' lang='lat' dir='ltr'><strong>coni.</strong></span> <span class='ocrx_word' id='word_1_278' title='bbox 902 3369 933 3413; x_wconf 90' lang='lat' dir='ltr'><strong>ad</strong></span> <span class='ocrx_word' id='word_1_279' title='bbox 949 3380 1017 3412; x_wconf 81' lang='lat' dir='ltr'><strong>aures</strong></span> <span class='ocrx_word' id='word_1_280' title='bbox 1034 3369 1128 3412; x_wconf 79' lang='lat' dir='ltr'><strong>Luculli</strong></span> <span class='ocrx_word' id='word_1_281' title='bbox 1145 3372 1296 3426; x_wconf 84' lang='lat' dir='ltr'><strong>imperatoris</strong></span> <span class='ocrx_word' id='word_1_282' title='bbox 1310 3366 1368 3414; x_wconf 76' lang='lat' dir='ltr'><strong>RE·</strong></span> 
     </span>
     <span class='ocr_line' id='line_1_33' title="bbox 202 3451 550 3499; baseline -0.009 0"><span class='ocrx_word' id='word_1_283' title='bbox 202 3456 234 3499; x_wconf 87' lang='lat' dir='ltr'><strong>ad</strong></span> <span class='ocrx_word' id='word_1_284' title='bbox 250 3468 318 3499; x_wconf 82' lang='lat' dir='ltr'><strong>aures</strong></span> <span class='ocrx_word' id='word_1_285' title='bbox 335 3455 365 3496; x_wconf 89' lang='lat' dir='ltr'><strong>L.</strong></span> <span class='ocrx_word' id='word_1_286' title='bbox 383 3453 476 3496; x_wconf 83' lang='lat' dir='ltr'><strong>Luculli</strong></span> <span class='ocrx_word' id='word_1_287' title='bbox 494 3451 550 3496; x_wconf 78' lang='lat' dir='ltr'><strong>lirn.</strong></span> 
     </span>
    </p>

    <p class='ocr_par' dir='ltr' id='par_1_10' title="bbox 201 3531 1368 3839">
     <span class='ocr_line' id='line_1_34' title="bbox 270 3531 1368 3594; baseline -0.004 -16"><span class='ocrx_word' id='word_1_288' title='bbox 270 3533 281 3594; x_wconf 56' lang='grc' dir='ltr'><strong>ἦ</strong></span> <span class='ocrx_word' id='word_1_289' title='bbox 301 3535 342 3579; x_wconf 79' lang='lat'><strong>26.</strong></span> <span class='ocrx_word' id='word_1_290' title='bbox 360 3534 404 3577; x_wconf 82' lang='lat' dir='ltr'><strong>illo</strong></span> <span class='ocrx_word' id='word_1_291' title='bbox 421 3531 483 3592; x_wconf 83' lang='lat' dir='ltr'><strong>ipso]</strong></span> <span class='ocrx_word' id='word_1_292' title='bbox 502 3532 532 3577; x_wconf 90' lang='lat' dir='ltr'><strong>P.</strong></span> <span class='ocrx_word' id='word_1_293' title='bbox 550 3532 579 3576; x_wconf 84' lang='lat' dir='ltr'><strong>E.</strong></span> <span class='ocrx_word' id='word_1_294' title='bbox 598 3534 650 3588; x_wconf 75' lang='grc' dir='ltr'><strong>ι’μο</strong></span> <span class='ocrx_word' id='word_1_295' title='bbox 667 3533 711 3576; x_wconf 82' lang='lat' dir='ltr'><strong>itio</strong></span> <span class='ocrx_word' id='word_1_296' title='bbox 729 3532 787 3577; x_wconf 87' lang='lat' dir='ltr'><strong>Em.</strong></span> <span class='ocrx_word' id='word_1_297' title='bbox 803 3557 838 3569; x_wconf 96' lang='lat'><em>-</em></span> <span class='ocrx_word' id='word_1_298' title='bbox 857 3531 991 3589; x_wconf 68' lang='lat' dir='ltr'><strong>affluam-P.</strong></span> <span class='ocrx_word' id='word_1_299' title='bbox 1006 3556 1041 3568; x_wconf 91' lang='lat'>-</span> <span class='ocrx_word' id='word_1_300' title='bbox 1056 3546 1086 3576; x_wconf 76' lang='lat' dir='ltr'><strong>es</strong></span> <span class='ocrx_word' id='word_1_301' title='bbox 1102 3533 1182 3590; x_wconf 81' lang='lat' dir='ltr'><strong>aliqua</strong></span> <span class='ocrx_word' id='word_1_302' title='bbox 1202 3532 1233 3579; x_wconf 89' lang='lat' dir='ltr'><strong>P.</strong></span> <span class='ocrx_word' id='word_1_303' title='bbox 1251 3559 1284 3571; x_wconf 94' lang='lat'>-</span> <span class='ocrx_word' id='word_1_304' title='bbox 1300 3535 1368 3577; x_wconf 84' lang='lat' dir='ltr'><strong>nostro</strong></span> 
     </span>
     <span class='ocr_line' id='line_1_35' title="bbox 201 3612 1367 3678; baseline -0.003 -18"><span class='ocrx_word' id='word_1_305' title='bbox 201 3617 265 3661; x_wconf 85' lang='lat' dir='ltr'><strong>iussu</strong></span> <span class='ocrx_word' id='word_1_306' title='bbox 282 3615 421 3661; x_wconf 47' lang='lat' dir='ltr'><strong>Mauricae.</strong></span> <span class='ocrx_word' id='word_1_307' title='bbox 440 3613 561 3659; x_wconf 80' lang='lat' dir='ltr'><strong>Benecke.</strong></span> <span class='ocrx_word' id='word_1_308' title='bbox 597 3614 642 3659; x_wconf 83' lang='lat' dir='ltr'><strong>Sed</strong></span> <span class='ocrx_word' id='word_1_309' title='bbox 660 3626 709 3658; x_wconf 88' lang='lat' dir='ltr'><strong>nou</strong></span> <span class='ocrx_word' id='word_1_310' title='bbox 729 3613 843 3659; x_wconf 80' lang='lat' dir='ltr'><strong>convenit</strong></span> <span class='ocrx_word' id='word_1_311' title='bbox 861 3629 915 3659; x_wconf 86' lang='lat' dir='ltr'><strong>cum</strong></span> <span class='ocrx_word' id='word_1_312' title='bbox 932 3629 956 3662; x_wconf 79' lang='lat' dir='ltr'><strong>v.</strong></span> <span class='ocrx_word' id='word_1_313' title='bbox 971 3617 1105 3671; x_wconf 78' lang='lat' dir='ltr'><strong>putavistis.</strong></span> <span class='ocrx_word' id='word_1_314' title='bbox 1117 3638 1151 3651; x_wconf 91' lang='lat'><em>-</em></span> <span class='ocrx_word' id='word_1_315' title='bbox 1170 3614 1287 3678; x_wconf 81' lang='lat' dir='ltr'><strong>confecti]</strong></span> <span class='ocrx_word' id='word_1_316' title='bbox 1303 3612 1367 3659; x_wconf 70' lang='grc' dir='ltr'><strong>Μ.</strong></span> 
     </span>
     <span class='ocr_line' id='line_1_36' title="bbox 202 3694 1368 3757; baseline -0.003 -16"><span class='ocrx_word' id='word_1_317' title='bbox 202 3696 313 3754; x_wconf 81' lang='lat' dir='ltr'><strong>confectis</strong></span> <span class='ocrx_word' id='word_1_318' title='bbox 331 3696 388 3741; x_wconf 85' lang='lat' dir='ltr'><strong>Em.</strong></span> <span class='ocrx_word' id='word_1_319' title='bbox 423 3695 489 3741; x_wconf 85' lang='lat' dir='ltr'><strong>Mox</strong></span> <span class='ocrx_word' id='word_1_320' title='bbox 505 3694 602 3740; x_wconf 78' lang='lat' dir='ltr'><strong>msEms</strong></span> <span class='ocrx_word' id='word_1_321' title='bbox 626 3700 717 3751; x_wconf 74' lang='lat' dir='ltr'><strong>partem</strong></span> <span class='ocrx_word' id='word_1_322' title='bbox 735 3695 779 3739; x_wconf 80' lang='grc' dir='ltr'><strong>Μ’.</strong></span> <span class='ocrx_word' id='word_1_323' title='bbox 799 3695 932 3741; x_wconf 76' lang='lat' dir='ltr'><strong>Glabrioni.</strong></span> <span class='ocrx_word' id='word_1_324' title='bbox 949 3720 984 3732; x_wconf 91' lang='lat'><em>-</em></span> <span class='ocrx_word' id='word_1_325' title='bbox 997 3695 1136 3757; x_wconf 76' lang='lat' dir='ltr'><strong>perspicite]</strong></span> <span class='ocrx_word' id='word_1_326' title='bbox 1155 3697 1184 3742; x_wconf 88' lang='lat' dir='ltr'><strong>P.</strong></span> <span class='ocrx_word' id='word_1_327' title='bbox 1203 3699 1232 3744; x_wconf 83' lang='lat' dir='ltr'><strong>li.</strong></span> <span class='ocrx_word' id='word_1_328' title='bbox 1247 3695 1368 3755; x_wconf 77' lang='lat' dir='ltr'><strong>perspicitis</strong></span> 
     </span>
     <span class='ocr_line' id='line_1_37' title="bbox 202 3775 1264 3839; baseline 0.003 -16"><span class='ocrx_word' id='word_1_329' title='bbox 202 3778 304 3824; x_wconf 87' lang='lat' dir='ltr'><strong>Ern.—</strong></span> <span class='ocrx_word' id='word_1_330' title='bbox 315 3775 404 3838; x_wconf 68' lang='lat' dir='ltr'><strong>nonar]</strong></span> <span class='ocrx_word' id='word_1_331' title='bbox 422 3777 451 3822; x_wconf 90' lang='lat' dir='ltr'><strong>E.</strong></span> <span class='ocrx_word' id='word_1_332' title='bbox 469 3780 543 3821; x_wconf 83' lang='lat' dir='ltr'><strong>vester</strong></span> <span class='ocrx_word' id='word_1_333' title='bbox 560 3777 617 3822; x_wconf 84' lang='lat' dir='ltr'><strong>Em.</strong></span> <span class='ocrx_word' id='word_1_334' title='bbox 634 3801 668 3814; x_wconf 89' lang='lat'>—</span> <span class='ocrx_word' id='word_1_335' title='bbox 683 3780 787 3824; x_wconf 77' lang='lat' dir='ltr'><strong>caercitu</strong></span> <span class='ocrx_word' id='word_1_336' title='bbox 800 3780 882 3838; x_wconf 84' lang='lat' dir='ltr'><strong>pulso]</strong></span> <span class='ocrx_word' id='word_1_337' title='bbox 903 3780 933 3825; x_wconf 89' lang='lat' dir='ltr'><strong>P.</strong></span> <span class='ocrx_word' id='word_1_338' title='bbox 950 3781 980 3825; x_wconf 90' lang='lat' dir='ltr'><strong>E.</strong></span> <span class='ocrx_word' id='word_1_339' title='bbox 999 3783 1067 3839; x_wconf 86' lang='lat' dir='ltr'><strong>pulso</strong></span> <span class='ocrx_word' id='word_1_340' title='bbox 1085 3783 1187 3825; x_wconf 62' lang='lat' dir='ltr'><strong>enacim</strong></span> <span class='ocrx_word' id='word_1_341' title='bbox 1205 3782 1264 3827; x_wconf 87' lang='lat' dir='ltr'><strong>Ern.</strong></span> 
     </span>
    </p>

    <p class='ocr_par' dir='ltr' id='par_1_11' title="bbox 269 3857 1312 3922">
     <span class='ocr_line' id='line_1_38' title="bbox 269 3857 1312 3922; baseline 0.003 -16"><span class='ocrx_word' id='word_1_342' title='bbox 269 3859 281 3922; x_wconf 77' lang='lat'>§</span> <span class='ocrx_word' id='word_1_343' title='bbox 303 3861 345 3906; x_wconf 79' lang='lat'><strong>27.</strong></span> <span class='ocrx_word' id='word_1_344' title='bbox 372 3863 430 3904; x_wconf 80' lang='lat' dir='ltr'><strong>esset</strong></span> <span class='ocrx_word' id='word_1_345' title='bbox 445 3861 489 3904; x_wconf 78' lang='lat' dir='ltr'><strong>doc</strong></span> <span class='ocrx_word' id='word_1_346' title='bbox 506 3857 599 3918; x_wconf 75' lang='lat' dir='ltr'><strong>bellurn]</strong></span> <span class='ocrx_word' id='word_1_347' title='bbox 618 3859 648 3905; x_wconf 87' lang='lat' dir='ltr'><strong>E.</strong></span> <span class='ocrx_word' id='word_1_348' title='bbox 665 3862 709 3905; x_wconf 78' lang='lat' dir='ltr'><strong>doc</strong></span> <span class='ocrx_word' id='word_1_349' title='bbox 727 3861 749 3906; x_wconf 84' lang='lat' dir='ltr'><strong>d.</strong></span> <span class='ocrx_word' id='word_1_350' title='bbox 767 3866 824 3906; x_wconf 85' lang='lat' dir='ltr'><strong>essct</strong></span> <span class='ocrx_word' id='word_1_351' title='bbox 839 3862 898 3907; x_wconf 88' lang='lat' dir='ltr'><strong>Ern.</strong></span> <span class='ocrx_word' id='word_1_352' title='bbox 917 3861 1013 3922; x_wconf 76' lang='lat' dir='ltr'><strong>(bertum</strong></span> <span class='ocrx_word' id='word_1_353' title='bbox 1028 3876 1112 3920; x_wconf 75' lang='lat' dir='ltr'><strong>genere</strong></span> <span class='ocrx_word' id='word_1_354' title='bbox 1129 3865 1181 3920; x_wconf 72' lang='lat' dir='ltr'><strong>ipsso</strong></span> <span class='ocrx_word' id='word_1_355' title='bbox 1199 3869 1258 3909; x_wconf 83' lang='lat' dir='ltr'><strong>esset</strong></span> <span class='ocrx_word' id='word_1_356' title='bbox 1272 3862 1312 3922; x_wconf 83' lang='grc' dir='ltr'><strong>Ρ.)</strong></span> 
     </span>
    </p>
   </div>
   <div class='ocr_carea' id='block_1_5' title="bbox 1409 2326 1413 2375">
    <p class='ocr_par' dir='ltr' id='par_1_12' title="bbox 1409 2326 1413 2375">
     <span class='ocr_line' id='line_1_39' title="bbox 1409 2326 1412 2349; baseline 0 0"><span class='ocrx_word' id='word_1_357' title='bbox 1409 2326 1412 2349; x_wconf 92' lang='lat' dir='ltr'><strong>l</strong></span> 
     </span>
     <span class='ocr_line' id='line_1_40' title="bbox 1410 2358 1413 2375; baseline 0 0"><span class='ocrx_word' id='word_1_358' title='bbox 1410 2358 1413 2375; x_wconf 89' lang='grc' dir='ltr'>ι</span> 
     </span>
    </p>
   </div>
   <div class='ocr_carea' id='block_1_6' title="bbox 202 3964 397 3980">
    <p class='ocr_par' dir='ltr' id='par_1_13' title="bbox 202 3964 397 3980">
     <span class='ocr_line' id='line_1_41' title="bbox 202 3964 397 3980; baseline -0.021 0"><span class='ocrx_word' id='word_1_359' title='bbox 202 3964 397 3980; x_wconf 73' lang='lat' dir='ltr'>—n—-—</span> 
     </span>
    </p>
   </div>
   <div class='ocr_carea' id='block_1_7' title="bbox 201 4021 1368 4168">
    <p class='ocr_par' dir='ltr' id='par_1_14' title="bbox 201 4021 1368 4168">
     <span class='ocr_line' id='line_1_42' title="bbox 268 4021 1368 4087; baseline -0.001 -15"><span class='ocrx_word' id='word_1_360' title='bbox 268 4024 280 4087; x_wconf 55' lang='grc' dir='ltr'>ᾗ</span> <span class='ocrx_word' id='word_1_361' title='bbox 299 4024 341 4072; x_wconf 76' lang='lat'><strong>25.</strong></span> <span class='ocrx_word' id='word_1_362' title='bbox 359 4027 420 4070; x_wconf 87' lang='lat' dir='ltr'><strong>sicut</strong></span> <span class='ocrx_word' id='word_1_363' title='bbox 435 4027 516 4080; x_wconf 68' lang='lat' dir='ltr'><strong>podiae</strong></span> <span class='ocrx_word' id='word_1_364' title='bbox 533 4021 624 4082; x_wconf 84' lang='lat' dir='ltr'><strong>solent]</strong></span> <span class='ocrx_word' id='word_1_365' title='bbox 653 4024 697 4069; x_wconf 91' lang='lat' dir='ltr'><strong>Cn.</strong></span> <span class='ocrx_word' id='word_1_366' title='bbox 724 4025 815 4072; x_wconf 87' lang='lat' dir='ltr'><strong>Naevii</strong></span> <span class='ocrx_word' id='word_1_367' title='bbox 840 4026 930 4071; x_wconf 85' lang='lat' dir='ltr'><strong>bellum</strong></span> <span class='ocrx_word' id='word_1_368' title='bbox 951 4025 1069 4072; x_wconf 85' lang='lat' dir='ltr'><strong>Punicum</strong></span> <span class='ocrx_word' id='word_1_369' title='bbox 1094 4025 1197 4084; x_wconf 86' lang='lat' dir='ltr'><strong>primum</strong></span> <span class='ocrx_word' id='word_1_370' title='bbox 1221 4034 1246 4073; x_wconf 86' lang='lat' dir='ltr'><strong>ot</strong></span> <span class='ocrx_word' id='word_1_371' title='bbox 1264 4029 1293 4080; x_wconf 83' lang='lat' dir='ltr'><strong>Q.</strong></span> <span class='ocrx_word' id='word_1_372' title='bbox 1309 4022 1368 4071; x_wconf 78' lang='lat' dir='ltr'><strong>unit</strong></span> 
     </span>
     <span class='ocr_line' id='line_1_43' title="bbox 201 4105 1368 4168; baseline -0.003 -15"><span class='ocrx_word' id='word_1_373' title='bbox 201 4110 301 4156; x_wconf 80' lang='lat' dir='ltr'><strong>annales</strong></span> <span class='ocrx_word' id='word_1_374' title='bbox 323 4109 420 4156; x_wconf 83' lang='lat' dir='ltr'><strong>ridetur</strong></span> <span class='ocrx_word' id='word_1_375' title='bbox 440 4105 593 4165; x_wconf 82' lang='lat' dir='ltr'><strong>potissimum</strong></span> <span class='ocrx_word' id='word_1_376' title='bbox 615 4106 762 4165; x_wconf 73' lang='lat' dir='ltr'><strong>siguificare.</strong></span> <span class='ocrx_word' id='word_1_377' title='bbox 778 4132 813 4144; x_wconf 91' lang='lat'>-</span> <span class='ocrx_word' id='word_1_378' title='bbox 830 4113 935 4152; x_wconf 74' lang='lat' dir='ltr'><strong>suestram</strong></span> <span class='ocrx_word' id='word_1_379' title='bbox 958 4110 1125 4168; x_wconf 86' lang='lat' dir='ltr'><strong>calamitatem]</strong></span> <span class='ocrx_word' id='word_1_380' title='bbox 1149 4112 1200 4155; x_wconf 89' lang='lat' dir='ltr'><strong>duo</strong></span> <span class='ocrx_word' id='word_1_381' title='bbox 1224 4110 1318 4168; x_wconf 83' lang='lat' dir='ltr'><strong>proelia</strong></span> <span class='ocrx_word' id='word_1_382' title='bbox 1332 4107 1368 4151; x_wconf 81' lang='lat' dir='ltr'><strong>sd·</strong></span> 
     </span>
    </p>
   </div>
   <div class='ocr_carea' id='block_1_8' title="bbox 111 4186 1368 4341">
    <p class='ocr_par' dir='ltr' id='par_1_15' title="bbox 111 4186 1368 4341">
     <span class='ocr_line' id='line_1_44' title="bbox 200 4186 1368 4252; baseline -0.001 -17"><span class='ocrx_word' id='word_1_383' title='bbox 200 4203 284 4246; x_wconf 78' lang='lat' dir='ltr'><strong>versa,</strong></span> <span class='ocrx_word' id='word_1_384' title='bbox 303 4189 406 4248; x_wconf 86' lang='lat' dir='ltr'><strong>primum</strong></span> <span class='ocrx_word' id='word_1_385' title='bbox 423 4186 447 4233; x_wconf 92' lang='lat' dir='ltr'><strong>in</strong></span> <span class='ocrx_word' id='word_1_386' title='bbox 466 4187 493 4231; x_wconf 86' lang='grc' dir='ltr'><strong>Ι..</strong></span> <span class='ocrx_word' id='word_1_387' title='bbox 511 4186 650 4242; x_wconf 76' lang='lat' dir='ltr'><strong>Flaccum,</strong></span> <span class='ocrx_word' id='word_1_388' title='bbox 661 4188 767 4237; x_wconf 86' lang='lat' dir='ltr'><strong>alterum</strong></span> <span class='ocrx_word' id='word_1_389' title='bbox 783 4189 808 4237; x_wconf 87' lang='lat' dir='ltr'><strong>in</strong></span> <span class='ocrx_word' id='word_1_390' title='bbox 825 4190 853 4236; x_wconf 82' lang='lat' dir='ltr'><strong>C.</strong></span> <span class='ocrx_word' id='word_1_391' title='bbox 866 4190 1001 4251; x_wconf 77' lang='lat' dir='ltr'><strong>¹Triarium,</strong></span> <span class='ocrx_word' id='word_1_392' title='bbox 1019 4190 1043 4236; x_wconf 89' lang='lat' dir='ltr'><strong>iu</strong></span> <span class='ocrx_word' id='word_1_393' title='bbox 1055 4205 1106 4252; x_wconf 84' lang='lat' dir='ltr'><strong>quo</strong></span> <span class='ocrx_word' id='word_1_394' title='bbox 1118 4190 1208 4241; x_wconf 77' lang='lat' dir='ltr'><strong>civium</strong></span> <span class='ocrx_word' id='word_1_395' title='bbox 1219 4194 1275 4252; x_wconf 85' lang='lat' dir='ltr'><strong>plus</strong></span> <span class='ocrx_word' id='word_1_396' title='bbox 1288 4196 1368 4250; x_wconf 81' lang='lat' dir='ltr'><strong>septem</strong></span> 
     </span>
     <span class='ocr_line' id='line_1_45' title="bbox 111 4267 659 4341; baseline -0.005 -24"><span class='ocrx_word' id='word_1_397' title='bbox 111 4332 115 4341; x_wconf 31' lang='grc' dir='ltr'><em>Ι</em></span> <span class='ocrx_word' id='word_1_398' title='bbox 201 4270 269 4316; x_wconf 73' lang='lat' dir='ltr'><strong>milis</strong></span> <span class='ocrx_word' id='word_1_399' title='bbox 286 4284 367 4318; x_wconf 80' lang='lat' dir='ltr'><strong>caesa.</strong></span> <span class='ocrx_word' id='word_1_400' title='bbox 384 4269 494 4331; x_wconf 76' lang='lat' dir='ltr'><strong>appion.</strong></span> <span class='ocrx_word' id='word_1_401' title='bbox 515 4267 599 4313; x_wconf 86' lang='lat' dir='ltr'><strong>Mithr.</strong></span> <span class='ocrx_word' id='word_1_402' title='bbox 617 4268 659 4314; x_wconf 84' lang='grc'><strong>89.</strong></span> 
     </span>
    </p>
   </div>
   <div class='ocr_carea' id='block_1_9' title="bbox 0 0 1430 4759">
    <p class='ocr_par' dir='ltr' id='par_1_16' title="bbox 0 0 1430 4759">
     <span class='ocr_line' id='line_1_46' title="bbox 0 0 1430 4759; baseline 0 0"><span class='ocrx_word' id='word_1_403' title='bbox 0 0 1430 4759; x_wconf 95' lang='lat' dir='ltr'><strong> </strong></span> 
     </span>
    </p>
   </div>
  </div>
 </body>
</html>
