2850 4759
242 297 411 368 orario
436 297 521 368 ruo
544 278 583 367 n‘.
606 296 857 378 paterano,
886 319 916 366 ο.
936 298 986 364 n.
1138 297 1197 362 sao

30 459 148 526 astris
174 454 295 538 luerit,
318 482 389 528 non
410 458 513 527 modo
535 458 624 542 apud
647 472 697 540 te,
710 456 785 553 ‚sed
806 458 907 527 etiam
928 480 949 526 a
967 458 1038 527 suis
1059 478 1198 525 aecnse·

30 584 79 629 rr.
131 562 209 631 Vos
228 575 343 631 vestra
361 562 510 631 secunda
530 565 684 640 fortuna,
707 564 846 651 Castor,
873 586 942 633 nou
962 563 1105 647 potestis
1126 563 1197 629 sine

31 668 297 751 ropinqnorum
319 665 510 735 calamitate
531 687 606 734 esse
629 665 807 758 contenti?

94 770 173 837 Xl.
215 771 288 838 Sint
306 790 388 839 sane
407 772 619 851 inimicitiae,
641 792 728 855 quae
747 790 822 839 esse
842 794 910 839 non
931 769 1111 839 debebant·
1135 792 1198 839 rex
1218 777 1257 841 tl

29 875 106 940 irim
147 874 329 943 Deiotarus
356 888 506 944 vestram
533 875 695 943 furnillam
724 875 888 943 abiectam
916 886 950 941 et
977 874 1198 942 obseurame

30 979 177 1046 enebris
203 979 238 1046 in
266 976 375 1046 lucem
403 981 569 1047 evocavit.
612 979 697 1070 Quis
729 990 824 1045 luunt
853 992 983 1060 patrem
1013 989 1109 1045 antea
1141 979 1198 1061 qui

30 1093 262 1167 sset,·quam
284 1084 380 1150 euius
401 1104 505 1164 gener
524 1094 616 1151 esset
636 1082 791 1149 audivit?
812 1081 877 1149 Sed
898 1082 1051 1165 quamvis
1068 1084 1199 1164 ingrate

33 1198 47 1248 t
70 1186 186 1269 impie
206 1186 462 1254 necessitudinis
480 1206 604 1254 nomen
619 1184 860 1272 repudiaretis,
882 1199 994 1253 tamen
1008 1187 1198 1255 inimicitias

30 1290 207 1355 turstinum
229 1311 324 1357 more
345 1312 462 1374 gerere
483 1292 662 1380 poteratis,
682 1314 753 1360 non
773 1292 853 1359 licto
875 1290 1015 1358 erimine
1029 1289 1199 1375 insectari,

30 1414 89 1458 ron
115 1406 282 1477 expetere
302 1396 427 1475 vitam,
458 1417 526 1464 non
546 1396 665 1480 eapitis
681 1404 870 1465 arcessere.
909 1394 1015 1473 Est03
1035 1391 1200 1460 conceda·

33 1517 76 1562 nr
108 1496 199 1566 haec
227 1521 361 1583 quoque
388 1499 553 1568 acerbitas
581 1513 615 1567 et
641 1499 709 1568 odii
731 1498 945 1581 magnitudo:
980 1497 1127 1576 adeone,
1161 1510 1201 1564 nt
1249 1486 1258 1501 ⁶

30 1602 142 1668 >russia
169 1603 259 1670 vitae
285 1601 470 1686 salutisque
497 1603 688 1672 eommunis
716 1615 817 1688 atque
851 1602 951 1670 etiarn
981 1600 1199 1678 humanitatis

32 1725 98 1772 ura
121 1704 323 1791 violentur?
357 1706 497 1773 Servum
519 1707 701 1774 sollicitare
721 1708 850 1787 verbis,
878 1727 938 1790 spe
959 1706 1208 1790 promissisque

30 1828 272 1893 eorrumpere,
306 1811 473 1878 abducere
501 1811 660 1890 domum,
699 1822 819 1879 contra
845 1807 1020 1879 dominum
1055 1830 1200 1883 tranare,

30 1910 93 1978 lroc
117 1925 261 1981 estnon
282 1915 339 1980 uni
360 1915 570 1999 propinquo,
606 1914 666 1982 sed
694 1915 851 1982 omnibus
877 1912 1013 1982 familiis
1034 1911 1199 1979 nefarium

30 2013 156 2084 bellum
184 2016 345 2084 indicere.
388 2022 472 2085 Nam
502 2021 567 2087 ista
594 2017 791 2103 corruptela
824 2018 914 2086 servi
940 2018 968 2084 si
1001 2039 1070 2085 non
1099 2015 1202 2083 modo

30 2119 197 2202 impunita
224 2121 345 2207 fuerit,
381 2121 438 2189 sed
465 2125 567 2207 ⁴etiam
598 2145 616 2189 a
646 2135 739 2197 tanta
773 2122 975 2189 auctoritate
1004 2119 1201 2204 approbata,

30 2222 111 2289 nulli
133 2224 279 2308 parietes
300 2236 452 2293 nostram
474 2224 635 2301 salutem,
666 2225 777 2292 nullae
798 2224 907 2310 leges,
939 2223 1031 2291 nulla
1051 2226 1125 2290 iura
1144 2245 1204 2288 cu·

31 2327 191 2395 stodient.
234 2329 297 2397 Ubi
319 2331 406 2397 enim
429 2331 483 2416 id,
513 2329 715 2413 quod‘intus
736 2340 789 2395 est
816 2341 916 2411 atque
936 2340 1109 2405 nostrum,
1142 2327 1202 2393 irn-

32 2452 122 2511 pune
143 2430 280 2500 evolare
300 2444 620 2518 potest-oont'raque
639 2454 701 2501 nos
722 2428 892 2515 pugnare,
913 2432 952 2497 lit
972 2432 1004 2497 in
1027 2429 1201 2498 dominatu

33 2537 200 2616 servitus,
234 2539 268 2602 in
295 2539 460 2605 servitute
490 2536 694 2605 dominatus.
752 2535 779 2603 0
811 2546 985 2617 tempora,
1020 2558 1042 2602 o
1073 2533 1202 2603 mores!
1222 2543 1261 2606 st

36 2638 95 2706 Cn.
122 2642 292 2710 Domitius
320 2639 393 2719 ille,
426 2661 527 2725 quem
558 2661 622 2708 nos
654 2639 750 2724 pueri
783 2638 975 2717 consulem,
1011 2661 1203 2717 censorem,

38 2828 82 2870 suis
103 2831 228 2872 accusetur.
269 2825 347 2873 Immo
370 2832 437 2872 recte
460 2823 578 2872 sententia
602 2824 672 2871 unice
694 2822 757 2870 ineat
778 2822 803 2870 in
827 2838 871 2878 ea,
900 2837 973 2885 quem
995 2821 1056 2870 olim
1074 2824 1204 2886 proposui,

39 2910 189 2957 couiectum
207 2912 248 2970 qui
264 2925 310 2956 ross
326 2912 396 2956 modo
412 2910 442 2956 ab
459 2924 501 2963 eo,
519 2911 559 2969 qui
576 2910 601 2953 iss
617 2910 698 2955 iudam
716 2910 797 2954 castris
808 2906 899 2967 suerit,
916 2910 979 2966 apud
995 2912 1029 2961 te,
1047 2910 1088 2954 sed
1104 2912 1173 2955 etiam
1188 2923 1204 2954 a

40 2994 84 3037 suis
99 2999 225 3040 accusetur.
260 2991 406 3054 Corruptele
425 2991 481 3038 inde
497 2999 554 3038 orte
573 2992 680 3050 ridetur,
697 2994 778 3054 qnod,
795 3006 862 3047 cnm,
880 2998 907 3038 nt
924 2992 1053 3054 aliquoties
1065 2992 1155 3038 mosam
1167 2999 1203 3038 est

40 3073 92 3129 (cfr.
113 3078 224 3138 Philipp.
244 3077 289 3134 le,
304 3069 338 3135 8,
358 3075 408 3137 te.)
431 3092 483 3131 stu,
509 3092 554 3123 ssou
572 3079 640 3123 modo
658 3093 672 3122 e
689 3076 768 3123 Codd.
791 3076 876 3138 ullquo
892 3066 1023 3146 ἀρχετύπῳ
1041 3076 1205 3131 excidissent,

42 3173 86 3208 non
103 3178 149 3211 sno
167 3165 224 3211 loco
242 3163 357 3224 supplete
374 3169 436 3210 sunt.

103 3272 116 3334 l
132 3273 174 3319 31).
192 3271 270 3334 amsa]
288 3273 335 3319 elli.
352 3277 405 3321 am
423 3271 451 3319 Ε.
462 3294 496 3311 ι-
508 3270 671 3331 repudiaretis]
688 3271 720 3316 el.
738 3270 913 3328 repudiaverits's
922 3267 948 3328 1).
964 3270 1113 3326 repudiaritis
1129 3268 1159 3316 Ε.
1172 3292 1205 3308 -

44 3351 160 3419 acerbitas]
186 3354 209 3401 b.
234 3354 343 3415 Madvig.
364 3355 496 3400 acerbitatis
521 3357 553 3402 el.
575 3352 605 3402 Ε.
622 3382 657 3394 -
673 3359 699 3400 ut
721 3354 810 3414 amula]
832 3354 880 3400 elb.
903 3359 928 3398 ut
943 3355 1012 3400 etiam
1028 3355 1107 3405 omnia
1124 3353 1153 3400 Β.
1171 3377 1207 3391 -

45 3436 151 3494 nefarium
163 3439 257 3499 bellum]
275 3439 323 3486 att.
340 3440 424 3485 bellum
442 3438 557 3497 nefarium
575 3440 603 3485 E.

105 3546 175 3610 131.
192 3551 334 3607 appretiandi
356 3550 403 3597 elli.
427 3550 564 3598 Steinmetz.
587 3551 712 3611 (memmi
734 3551 842 3597 timetur
858 3547 1032 3596 comnmodiuc
1050 3546 1163 3596 Tulliana
1180 3554 1206 3595 et

48 3631 159 3681 acoron.
183 3632 344 3692 comprehendi
361 3648 414 3682 cnm
431 3635 500 3687 01¹.
518 3635 644 3696 legebatur
661 3641 718 3683 eote
736 3634 887 3694 Gruterum.)

51 3739 234 3757 -n—-o

108 3801 176 3864 tet.
209 3803 249 3849 Cu.
279 3803 397 3848 Domitius
426 3802 606 3852 Ahenobarbus,
641 3804 679 3861 qui
706 3801 784 3846 coeeut
807 3800 859 3860 suit
886 3815 937 3849 cum
965 3802 990 3849 C.
1018 3801 1097 3847 Cassio
1122 3801 1206 3859 Longo

50 3883 79 3941 (a.
94 3902 116 3934 ι.
132 3902 154 3935 c.
172 3887 244 3947 658.)
262 3902 312 3935 eum
329 3893 386 3935 esset
402 3887 457 3933 trib.
471 3888 508 3945 pt.
527 3887 562 3946 (a.
581 3884 650 3943 6511.)
668 3886 741 3930 iratus
759 3886 792 3930 Μ.
811 3887 910 3963 Scauro,
942 3887 1004 3946 quod
1026 3901 1076 3931 eum
1092 3888 1117 3930 irs
1133 3896 1206 3944 augu-

51 3982 93 4014 rum
114 3976 236 4032 collegium
260 3986 305 4018 nors
328 3975 489 4028 coaptaverat,
517 3973 578 4016 diem
600 3973 622 4015 ei
643 3971 707 4016 dicit
728 3970 790 4028 apud
806 3972 917 4028 populum
933 3975 955 4016 et
970 3972 1064 4016 multam
1081 3971 1205 4028 irrogarit,

52 4057 103 4110 quod
118 4060 163 4104 eius
180 4073 251 4116 opera
268 4071 335 4103 sacra
352 4059 424 4102 multu
437 4057 522 4114 populi
537 4057 584 4103 Ro.
601 4055 716 4100 deminuta
736 4068 782 4100 esse
802 4056 894 4100 diceret.
932 4053 1029 4100 Crimini
1048 4053 1118 4099 dabat
1138 4067 1206 4097 sacra

51 4140 132 4193 pellica
142 4145 225 4201 populi
234 4143 280 4188 lto.
292 4143 358 4188 mum
370 4142 506 4195 Penatium,
524 4154 580 4199 quae
589 4139 684 4184 Lauinii
688 4137 776 4196 fierent
787 4138 841 4193 (eir.
854 4139 976 4198 Inscriptt.
989 4152 1055 4183 mess
1066 4136 1097 4182 N.
1109 4135 1206 4191 Μὰ),

54 4236 114 4278 opera
125 4230 170 4272 eius
179 4232 254 4273 minus
264 4231 324 4272 recte
335 4231 437 4284 casteque
441 4206 507 4284 steri.
545 4225 595 4278 Quo
607 4224 702 4284 crimipe
713 4222 829 4267 absolutus
841 4227 874 4267 est
882 4222 979 4266 &aurias
989 4221 1093 4279 quidem,
1110 4220 1149 4263 sest
1160 4220 1206 4268 ita,

55 4312 101 4354 tta
117 4314 185 4372 tribus
205 4313 307 4372 tribubus
324 4314 484 4365 damnaretur,
501 4325 516 4355 a
533 4309 643 4356 XXXII.
661 4307 830 4357 absolveretur,
847 4310 869 4350 et
885 4307 909 4349 in
926 4307 958 4349 eis
966 4318 1042 4361 pauca
1052 4306 1136 4358 puncta
1148 4305 1207 4346 inter

56 4395 208 4443 tanmmmm
226 4402 249 4442 et
264 4398 427 4461 absolutionem
445 4398 583 4440 interessent.
625 4390 744 4438 Asconius
761 4387 784 4432 in
802 4389 887 4434 Scanr.
907 4402 931 4445 p.
949 4388 990 4433 21.
1008 4386 1046 4431 ed.
1064 4382 1155 4431 Baiter.
