2850 4759
200 224 426 294 accusas.
448 224 497 291 ιιι
520 219 560 291 e.
582 219 774 292 tasneto
795 224 879 291 nra.
902 222 969 308 ιν,
992 243 1022 297 e
1042 227 1093 289 n.
1202 227 1241 293 ιι

13 471 17 478 ι
49 379 207 451 manin
228 382 324 449 fauts
344 394 408 454 est.
449 375 516 449 llio
536 383 596 450 tihi
617 385 652 450 io
670 375 822 452 rientem
845 401 915 451 non
936 385 1030 453 venit
1048 384 1182 466 iubere,
1202 399 1243 454 ut

47 488 136 553 haee
162 503 303 566 qnoque
331 484 478 551 restent
503 485 557 551 HS
586 505 624 552 rr
652 486 839 554 milibuso
866 501 904 553 se
931 487 992 557 tibi
1018 485 1242 556 verrdith'sae?

49 588 224 662 nretuisti,
254 605 298 651 no
319 605 377 652 aas
399 584 545 654 alienum
570 586 629 651 tihi
657 598 845 664 cresceret,
873 588 903 654 si
925 586 980 654 HS
1001 608 1040 653 v1
1061 586 1197 654 milibus
1217 589 1241 656 sl
1316 639 1319 644 >

52 691 112 755 tihi
135 700 335 755 constarent
355 707 410 764 ea,
438 707 523 769 qnae
546 698 582 754 tu
604 685 706 753 facile
726 705 847 768 posses
870 686 1018 756 vendere
1038 687 1092 755 tls
1113 687 1243 755 duom·

56 792 102 856 tis
123 788 284 855 milibus?
301 787 392 854 -Fuit
412 789 514 865 tanti,
548 785 631 854 mihi
651 786 772 855 crede:
786 835 790 842 ι
803 787 946 858 haberes
968 788 1057 871 quod
1079 785 1243 857 defeudsss

57 911 130 958 res:
151 911 251 955 uerno
273 901 473 971 quaereret,
496 891 611 969 quanti
634 889 692 956 illa
712 909 776 955 res.
790 879 909 956 essetr·
929 889 959 956 si
979 889 1085 956 modo
1109 900 1142 955 te
1156 910 1245 972 pos-

55 1011 111 1059 ses
135 990 263 1058 dooere
280 989 420 1074 sitiisse,
442 990 544 1057 facile
560 991 621 1056 -cui
643 990 747 1058 velles
775 1003 869 1056 tuam
891 1010 1031 1058 causam
1052 1000 1089 1056 et
1111 990 1243 1059 factura

54 1094 238 1176 probares:
269 1111 366 1158 nune
393 1091 434 1157 de
462 1093 736 1173 peripetasmatis
763 1088 1055 1173 quemadmodum
1082 1102 1115 1158 te
1137 1110 1243 1174 expe·

54 1194 149 1271 dias,
165 1216 241 1260 -uon
260 1192 375 1262 habes.

138 1291 260 1383 Quid-³?
300 1315 320 1360 a
342 1293 538 1376 Phylarcho
566 1294 813 1376 Centuripino,
850 1293 989 1360 homine
1009 1288 1181 1375 locuplete
1202 1309 1244 1362 ac
1264 1293 1305 1361 2⁹

54 1394 176 1475 nobili,
198 1393 356 1477 phaleras
371 1393 602 1477 pulcherrime
616 1396 742 1470 laetas,
757 1414 842 1476 quae
856 1396 949 1474 regis
963 1395 1123 1462 Hieronis
1137 1396 1245 1463 llnsse

55 1498 238 1573 dicuntur,
259 1508 374 1562 utrum
391 1494 528 1562 tandem
544 1494 734 1579 abstulisti,
756 1515 799 1561 an
814 1496 950 1562 emisti?
986 1495 1027 1561 ln
1041 1494 1154 1563 Sic-ilia
1170 1499 1244 1579 qui-

58 1597 137 1664 dern
159 1617 237 1662 cunr
260 1617 390 1681 essem,
411 1596 461 1662 sie
483 1618 502 1664 a
524 1583 775 1678 Contulipinis,
797 1597 848 1664 sic
869 1613 887 1663 a
909 1597 1034 1664 ceteris
1055 1596 1246 1675 audiebam,

58 1705 144 1775 (non
166 1699 258 1764 enirn
279 1720 401 1779 parum
424 1718 478 1764 res
501 1696 704 1774 erat-clara)
728 1708 797 1762 tarn
820 1709 853 1761 te
867 1694 931 1762 has
945 1694 1103 1777 phaleras
1118 1717 1137 1762 a
1151 1695 1245 1777 ΡΙιγ-Ι

54 1799 176 1867 larcho
201 1798 421 1879 Centuripino
444 1798 625 1865 abstulisse
647 1799 821 1875 dicebant,
854 1818 954 1879 quarn
977 1795 1061 1864 alias
1081 1798 1163 1863 item
1184 1820 1248 1865 no·

56 1900 148 1967 hil'es
164 1901 206 1965 ab
228 1899 352 1965 Aristo
366 1898 653 1976 Panhormitano,
673 1919 777 1981 qnam
800 1899 918 1964 tertias
938 1919 958 1963 a
975 1899 1137 1980 Cratippo
1152 1899 1247 1979 Ty‘u·

59 2001 230 2068 daritano.
272 1999 407 2066 Etenim
429 2002 458 2065 si
480 1999 690 2079 Phylarchus
713 1998 938 2075 vendidisset,
959 2021 1029 2065 non
1043 2000 1091 2074 ei,
1111 2011 1248 2082 postea·

60 2124 163 2185 quam
185 2121 265 2166 reus
285 2100 400 2168 faotin'
420 2120 474 2178 cs,
496 2099 710 2166 redditurum
733 2110 767 2164 te
781 2098 1010 2180 promisisses.
1051 2100 1155 2191 Quod
1169 2100 1249 2182 quia

65 2202 182 2270 vidisti
207 2200 323 2283 plures
348 2202 455 2276 scire,
487 2201 662 2278 cogitasti,
693 2202 722 2266 si
751 2199 783 2262 ei
812 2196 1041 2278 reddidisses,
1073 2212 1108 2265 te
1135 2203 1248 2269 minus

61 2302 275 2379 habitururn,
309 2322 383 2368 rem
411 2298 633 2368 nihilominus
656 2310 814 2364 testatam
832 2298 1009 2365 futuram:
1042 2320 1113 2365 uon
1134 2298 1249 2366 reddi·

63 2404 157 2472 disti.
205 2401 299 2468 Dixit
328 2400 544 2482 Phylarchus
572 2420 637 2480 pro
667 2399 882 2474 testimonio,
914 2418 970 2476 se,
1005 2397 1098 2481 quod
1127 2410 1249 2467 nosset

64 2517 163 2571 tuum
191 2506 295 2571 istum
324 2502 502 2580 morbum,
538 2500 701 2567 nt'atuisi
733 2501 782 2566 tui
817 2498 1010 2581 appellant,
1043 2501 1181 2582 cupisse
1216 2511 1249 2567 te

64 2605 178 2671 celare
204 2604 247 2670 de
272 2603 435 2685 phaleris:
468 2624 559 2668 -oum
587 2601 646 2667 abs
675 2611 707 2666 te
733 2600 925 2682 appellatus
952 2613 1062 2678 essct,
1103 2621 1251 2681 negasse

64 2700 192 2771 habere
213 2713 304 2773 sese:
337 2701 552 2785 spadonum
574 2722 709 2784 qnoque
730 2712 787 2768 eas
809 2701 970 2769 habuisse
992 2702 1184 2783 depositas,
1206 2722 1249 2769 ne

63 2827 130 2888 qua
158 2806 412 2890 invenirentur:
447 2816 538 2869 tuarn
570 2814 697 2892 tantam
726 2803 834 2869 fuisse
862 2802 1102 2895 sagacitatem,
1132 2813 1171 2866 ut
1192 2821 1250 2868 eas

63 2927 125 2987 per
152 2904 249 2972 illum
277 2905 390 2986 ipsum
417 2905 619 2986 inspiceres,
662 2904 720 2968 ubi
748 2914 846 2968 erant
875 2902 1067 2983 depositae:
1112 2911 1186 2965 tum
1212 2921 1251 2967 se

68 3004 318 3086 deprehensum
338 3026 464 3085 negare
483 3027 554 3072 non
575 3005 747 3087 potuisse:
775 3004 823 3069 ita
843 3003 884 3069 ab
906 3021 944 3068 se
963 3001 1071 3078 invito
1091 2996 1251 3080 phaleras

68 3104 197 3174 ablatas
219 3107 351 3186 gratis,
742 3128 745 3132 ¹
1107 3155 1111 3160 s

85 3281 90 3288 ,
149 3206 253 3291 Xlll.¹
292 3206 383 3284 lam,
405 3220 443 3273 ut
464 3208 548 3273 haec
570 3207 684 3273 omnia
707 3204 857 3286 reperire
878 3224 919 3272 ao
940 3203 1148 3287 perscrutari
1171 3200 1252 3270 soli·
1274 3209 1314 3272 30

40 3371 43 3376 .
70 3318 128 3371 tus
149 3309 209 3386 sit,
243 3306 390 3394 iudices,
422 3321 474 3376 est
495 3327 619 3388 operae
640 3306 790 3387 pretium
810 3324 1030 3384 cognoscere.
1071 3305 1253 3386 Cibyratae

69 3429 302 3447 m-

142 3532 209 3593 li9.
227 3531 374 3600 Phylarcho]
399 3535 470 3582 Maec
488 3529 593 3593 Zumptii
611 3531 733 3591 scriptura
755 3539 804 3591 pte
820 3529 951 3576 Philerotis
968 3517 1049 3578 altero
1066 3530 1125 3578 loco
1142 3534 1254 3579 firmetur

70 3626 89 3656 a
108 3610 169 3657 Col.
185 3613 247 3674 Reg.
263 3618 386 3672 phylasso.
400 3639 432 3655 -
450 3613 551 3677 oblutas]
570 3615 613 3661 Est
630 3628 664 3660 cx
681 3613 711 3659 ils
729 3613 803 3666 locis,
821 3614 846 3659 in
858 3613 944 3673 quihus
953 3613 1062 3671 deterior
1070 3615 1149 3660 codd.
1159 3615 1255 3661 fmilia

71 3690 315 3742 serioremservarit
337 3694 482 3748 lectionem
506 3710 564 3740 uam
583 3697 644 3755 Reg.
668 3694 736 3741 Laid.
749 3696 860 3740 sublatas.
891 3697 938 3742 Sed
949 3698 1052 3742 sullam
1067 3695 1096 3743 ab
1110 3700 1190 3756 aliquo
1202 3710 1255 3756 >pro

71 3773 148 3816 alicui
164 3776 210 3820 dici
227 3777 273 3823 rix
291 3781 400 3834 poterat.
418 3773 468 3821 Cfr.
493 3777 639 3836 Zumptium.
691 3808 708 3814 -·

147 3877 158 3937 l
175 3880 217 3949 30,
236 3882 320 3937 Cibyra
338 3887 413 3939 caput
429 3881 554 3941 Phrygiae
571 3897 683 3944 magnac.
699 3907 732 3921 -
750 3881 857 3929 nontin
872 3877 1026 3946 syngraphis]
1044 3913 1060 3941 ‚,
1067 3880 1194 3931 Pertinere
1205 3896 1257 3930 retu

72 3959 113 4002 aad
120 3958 227 4007 Malleoli
244 3964 405 4007 hereditatem
422 3962 490 4022 (Aet.
502 3966 530 4020 t,
548 3964 601 4023 86.)
615 3967 754 4026 furtumque
766 3965 850 4013 Verris
866 3968 962 4014 subesse
974 3973 1088 4026 apparet.
1107 3967 1196 4027 Itaque
1205 3969 1256 4011 im·

72 4050 121 4082 sees
138 4052 176 4084 cus
192 4056 242 4088 esse
258 4050 334 4101 puto,
363 4044 387 4089 in
406 4044 492 4103 quibus
509 4060 587 4105 neque
605 4045 735 4094 creditoris
753 4060 832 4106 noque
850 4046 989 4092 debitorum
1007 4046 1109 4091 nomint
1125 4047 1183 4091 dum
1195 4059 1256 4102 par·

73 4116 171 4173 scripta
191 4131 259 4179 sunt,
288 4126 374 4183 quales
400 4125 490 4172 Verres
512 4141 593 4174 secum
617 4128 712 4181 attulit,
740 4134 767 4172 ut
784 4141 838 4172 cnm
854 4127 899 4182 iis,
929 4128 971 4188 qui
988 4125 1109 4173 Malleolo
1127 4127 1257 4180 ᾱοὸθιοιιι,

74 4211 159 4245 noves
175 4203 264 4254 iaceret
280 4219 397 4267 suumque
413 4220 502 4254 nomeu
520 4223 567 4267 pro
586 4210 708 4256 Malleolo
727 4208 877 4255 inscriberet.
888 4213 903 4235 ‘⁸
921 4210 948 4254 Z.

917 4312 937 4368 2
