2850 4759
217 280 259 348 94
689 279 927 350 CICERONIS

219 453 310 510 totos
341 453 400 509 ont
424 441 491 508 vim
517 439 590 508 tieri
611 450 705 508 vetet
729 451 789 508 out
811 441 944 510 restitui
968 441 1095 510 factam
1121 443 1234 523 iubet3
1274 444 1327 525 qni
1348 442 1381 511 ‹lc

217 544 336 620 fossis,
372 543 415 609 de
442 542 587 620 cloacis,
627 541 668 608 de
694 541 843 609 minimis
871 565 1035 625 aquarum
1061 546 1291 627 itinerumque
1314 567 1382 612 con·

218 645 393 714 troversiis
416 644 602 721 interdicit,
641 644 669 710 is
688 654 827 722 repente
848 645 1090 711 obmutescet?
1119 648 1152 711 in
1179 647 1381 713 atrocissima

215 768 254 814 re
279 746 358 831 qnid
380 746 497 823 faciat,
538 767 609 811 non
634 742 796 810 babebit?
828 756 863 811 et
887 745 926 812 C.
953 746 1076 812 Pisone
1098 746 1202 814 domo
1228 750 1380 830 tectisque

216 850 286 916 suis
315 845 511 928 prohibito,
543 843 745 928 prohibito,
775 846 939 927 inquam,
974 868 1035 928 per
1067 845 1221 916 homines
1252 861 1378 916 coactos

164 946 174 969 ”
216 961 251 1016 et
275 960 442 1021 armatos,
479 956 618 1028 praetor
644 946 931 1027 quemadmodum
957 970 1053 1016 more
1077 963 1111 1016 et
1133 950 1296 1032 exemplo
1322 953 1380 1033 opi·

217 1050 317 1119 tulari
347 1050 457 1132 possit
487 1070 554 1116 non
587 1047 751 1115 habebit?
788 1047 879 1138 Quid
904 1051 993 1117 enim
1026 1050 1142 1118 dicct?
1182 1062 1241 1118 aut
1258 1050 1338 1132 quid
1353 1064 1379 1116 nr

216 1163 285 1218 tom
304 1151 425 1229 insigni
448 1161 587 1231 accepta
603 1149 725 1218 iniuria
751 1149 966 1232 postutabis?
1003 1151 1123 1225 „Unde
1146 1153 1179 1218 vi
1199 1154 1379 1234 prohibitus

215 1250 308 1327 sis,“
350 1271 453 1316 nenio
479 1270 640 1333 umquem
665 1251 859 1331 interdixit3
893 1274 1020 1320 novum
1044 1266 1116 1332 est,
1153 1275 1220 1317 non
1243 1253 1381 1319 dicoin-

217 1352 398 1436 usitatum,
437 1344 554 1418 verum
590 1352 730 1420 omnino
770 1353 974 1419 inauditum.
1028 1352 1151 1431 „Unde
1185 1353 1379 1421 deiectustt

216 1452 294 1536 qnid
311 1452 489 1535 proficies,
516 1473 594 1519 cum
613 1451 660 1518 itti
676 1452 742 1519 hoc
755 1454 1014 1536 respondebunt
1036 1456 1109 1540 tibi,
1136 1453 1228 1536 quod
1248 1467 1288 1522 tu
1305 1476 1380 1522 nutu
1424 1501 1425 1504 =

216 1553 315 1622 mihi:
358 1560 509 1622 armatos
541 1550 580 1622 se
612 1555 671 1622 tibi
700 1551 893 1634 obstitisse,
931 1577 973 1621 ne
999 1556 1032 1623 in
1061 1556 1161 1623 aedes
1189 1557 1379 1624 accederes:

216 1655 314 1723 deiici
349 1676 454 1739 porro
490 1654 588 1722 nulio
622 1653 726 1723 modo
760 1658 931 1738 potuisse,
978 1657 1034 1739 qui
1071 1680 1139 1724 non
1176 1657 1380 1725 accesserit?

157 1762 195 1826 37
217 1753 486 1834 Deiicior'ego,
508 1755 656 1838 inquis,
694 1757 724 1823 si
754 1758 829 1839 quis
863 1778 1017 1824 meorum
1049 1757 1205 1825 deiicitnr
1240 1760 1380 1831 omnino.

170 1846 177 1859 ’
214 1852 287 1922 iam
311 1857 395 1923 benc
423 1850 514 1937 ag'isg
544 1879 563 1923 a
586 1857 697 1925 verbis
719 1858 809 1923 enim
835 1857 980 1933 recedis,
1011 1868 1045 1923 et
1069 1859 1240 1941 aequitate
1268 1862 1381 1938 uteris3

214 1978 293 2024 narn
327 1958 432 2025 verbe
466 1957 613 2039 quidem·
632 1959 704 2039 ipsa
739 1959 768 2024 si
800 1958 897 2041 sequi
931 1955 1110 2035 volumus,
1145 1963 1321 2042 quomodo
1352 1975 1381 2029 tu

214 2059 390 2136 deiiceris,
428 2079 507 2125 cum
531 2078 651 2126 servus
677 2069 756 2128 tuus
778 2058 962 2125 deiicituri
1001 2057 1128 2124 Verum
1159 2061 1205 2126 ita
1234 2074 1303 2142 est,
1340 2062 1383 2127 nti
1424 2079 1425 2104 ³

214 2158 314 2228 dicis:
354 2170 388 2226 te
420 2158 589 2226 deiectum
622 2159 729 2227 debeo
760 2159 968 2240 intelligere,
1003 2149 1162 2252 etiamsi
1187 2172 1383 2229 tectusnon

213 2261 340 2339 iberis,
370 2261 512 2329 nonne!>
541 2265 616 2342 Age
640 2282 749 2337 nuno,
782 2261 811 2351 si
830 2280 874 2327 ne
893 2273 1029 2328 tuorum
1053 2261 1188 2343 quidem
1212 2263 1381 2345 quisquam

213 2361 289 2431 loco
311 2356 426 2431 motus
444 2364 527 2444 crit,
559 2376 660 2446 atque
678 2381 798 2430 omnes
817 2363 851 2428 in
866 2360 1003 2428 aedibus
1023 2362 1187 2429 asservati
1203 2383 1244 2428 ac
1257 2364 1381 2438 retenti,

215 2479 250 2532 tu
273 2465 369 2533 solus
392 2463 584 2547 prohibitus
609 2474 644 2529 et
664 2485 683 2529 a
705 2463 771 2529 tuis
795 2461 933 2529 aedibus
951 2464 985 2529 vi
1005 2476 1106 2547 atquc
1130 2463 1235 2531 ermis
1257 2475 1383 2544 proter·
1424 2521 1425 2524 ,

213 2567 314 2632 ritus:
349 2575 464 2630 utrum
496 2563 585 2629 hano
608 2563 776 2630 actionem
802 2561 959 2641 hebebis,
1001 2585 1067 2646 qua
1088 2586 1150 2630 nos
1175 2564 1228 2631 nri
1250 2585 1380 2643 snmus,
1424 2601 1425 2632 ;

214 2663 372 2731 analium
392 2656 604 2746 quampiam,
633 2684 675 2731 an
697 2665 836 2732 omnino
854 2663 1011 2732 nuttam?
1035 2664 1174 2731 Nullam
1191 2685 1268 2733 esse
1285 2668 1381 2732 actio·
1422 2682 1423 2727 r

213 2785 291 2832 nem
310 2757 422 2832 dicere
444 2767 478 2832 in
502 2785 538 2830 re
564 2776 632 2832 tem
660 2765 783 2845 insigni
810 2770 946 2847 tamque
973 2766 1081 2832 atroci
1106 2786 1214 2849 neque
1241 2766 1383 2848 pruden-
1422 2823 1423 2841 ,

215 2866 405 2949 ticenoque
426 2866 638 2934 auctoritatis
660 2879 739 2932 tuae
764 2878 835 2946 est3
868 2866 979 2933 aliosi
999 2886 1084 2949 quae
1104 2868 1281 2942 forteest,
1303 2886 1382 2950 quoe
1422 2872 1423 2925 i

154 2986 277 3047 ugnos
304 2968 445 3048 fugerit,
480 2969 550 3046 dic,
586 2987 672 3052 quae
699 2968 764 3035 sit:
810 2959 911 3049 cupio
949 2965 1094 3034 discere.
1135 2967 1229 3036 Haeo
1259 2970 1290 3036 si
1317 2979 1381 3039 est.

213 3092 278 3154 qna
300 3093 362 3139 nos
388 3071 441 3138 usi
468 3088 606 3149 sumus,
646 3080 678 3137 te
706 3068 819 3135 indice
843 3069 1020 3135 vincamus
1044 3089 1184 3136 necesse
1215 3082 1287 3148 est;
1319 3091 1382 3135 non
1421 3150 1422 3161 ἵ

213 3174 302 3239 enim
324 3192 464 3247 vereor,
502 3191 545 3236 ne
570 3169 635 3237 boc
659 3168 774 3246 dicas,
808 3167 983 3235 incudem
1012 3189 1115 3236 causa
1139 3170 1262 3236 codem
1286 3172 1384 3235 inter·
1421 3172 1422 3205 i

213 3271 303 3338 dieto
325 3285 356 3338 tc
381 3284 539 3354 oportere
561 3274 708 3348 restitui,
747 3272 926 3337 Caecinam
952 3294 1018 3337 non
1039 3285 1210 3359 oportere.
1249 3273 1382 3339 Etenim

213 3374 268 3442 cui
289 3396 358 3441 non
379 3375 597 3456 perspicuum
626 3371 742 3440 estad
767 3373 934 3437 incertum
961 3374 1113 3438 revocari
1140 3374 1243 3447 bona,
1277 3373 1383 3439 tintu-

163 3472 178 3495 ’“
210 3494 290 3552 nas,
321 3474 554 3557 possessiones
577 3475 749 3546 omnium,
776 3471 804 3536 si
825 3470 894 3537 ulia
916 3494 958 3537 ex
983 3484 1079 3553 parte
1099 3472 1266 3539 sententia
1287 3472 1382 3539 liuius
1420 3480 1421 3489 ’

209 3574 380 3642 interdicti
402 3574 574 3640 deminuta
591 3585 649 3639 aut
670 3573 841 3638 infirmata
860 3572 932 3639 siit>
959 3574 986 3638 si
1010 3575 1212 3639 auctoritate
1233 3573 1381 3638 virorum

212 3676 329 3746 talium
352 3677 402 3744 vis
424 3685 634 3742 armatorum
656 3673 829 3741 hominnm
855 3673 981 3740 iudicio
1005 3675 1190 3755 approbate
1215 3674 1382 3740 videatur:
1419 3754 1420 3757 Ἴ

209 3779 244 3845 in
267 3801 334 3859 quo
357 3776 481 3844 iudicio
501 3798 569 3842 non
589 3775 630 3842 de
652 3777 755 3843 armis
775 3776 979 3852 dubitatum,
1013 3777 1071 3841 sed
1092 3775 1132 3839 de
1150 3776 1262 3842 verbis
1284 3794 1382 3855 quoe·
1418 3768 1420 3807 t

208 3879 310 3947 situm
331 3899 407 3948 csse
427 3877 588 3945 dicarint>
628 3878 705 3947 isne
731 3879 821 3959 apud
841 3898 900 3943 vos
923 3877 1088 3943 obtinebit
1109 3898 1246 3944 causum
1270 3894 1381 3950 snam,

275 4114 287 4177 ἦ
303 4117 345 4162 37.
364 4117 431 4162 cerba
449 4117 540 4176 quidem
551 4115 613 4178 ipsa]
632 4117 684 4163 Eri.
698 4116 768 4161 verbu
779 4115 831 4171 ipsc
842 4113 874 4159 Ο.
884 4137 917 4148 -
924 4108 1078 4171 protorum]
1092 4111 1145 4158 Erf.
1154 4112 1293 4167 perterritus
1303 4109 1338 4154 0.
1351 4131 1382 4145 -

207 4200 228 4243 ti
245 4198 312 4259 quac]
331 4199 382 4245 Erf.
400 4202 422 4244 εἰ
438 4215 483 4258 qno
500 4202 531 4246 Ο.

275 4276 287 4338 5
303 4279 345 4324 38.
363 4291 408 4323 uon
419 4278 577 4340 perspicuum]
596 4279 714 4337 Palimps.
733 4279 784 4324 Eri.
800 4278 949 4334 perspicuum
966 4288 1013 4319 nou
1029 4275 1102 4320 0.-
1112 4274 1156 4336 ert]
1174 4276 1288 4334 Palimpc.
1301 4274 1337 4319 sit
1350 4273 1382 4317 0.
