2850 4759
199 262 259 325 114
667 260 907 333 CICERONIS

200 425 245 494 sit
265 419 445 492 ostendere
465 443 534 489 uon
555 421 750 504 possedisse
770 443 865 501 eum,
897 410 954 505 qui
982 422 1133 509 deiectus
1161 428 1220 504 sit,
1248 429 1354 496 ronde-

200 528 309 595 suuari
332 537 444 591 tamen
466 525 660 605 sponsionis
682 545 824 593 neeesse
845 545 938 605 esse,
971 527 1000 592 si
1021 527 1170 594 fateatur
1190 548 1263 596 esse
1281 530 1354 596 deie-

200 639 304 694 ctum.
1143 618 1146 623 ’

140 735 179 799 92
277 728 429 795 xxxtt.
474 725 660 808 Dupliciter
679 725 833 795 homiues
855 728 1077 796 deiieiuuturz
1114 742 1174 796 aut
1201 733 1356 798 sineeon·

199 829 262 897 ctis
285 830 468 895 armatisve
490 828 702 904 horninibus,
738 842 795 894 aut
816 852 877 913 per
899 831 1253 915 eiusmodirationem
1275 846 1358 913 atque
1413 860 1414 927 q

199 930 286 996 rim.¹
325 929 380 996 Ad
409 930 700 997 duas'dissimiles
727 952 783 997 res
811 932 878 998 duo
906 933 1055 1000 diiuncta
1082 933 1263 1000 interdicta
1283 945 1359 999 sunt.
1413 930 1414 939 ’

199 1036 239 1100 lu
260 1032 317 1098 illa
339 1035 371 1098 vi
394 1032 589 1114 quotidiana
610 1054 678 1097 non
699 1035 782 1099 satis
804 1045 856 1099 est
876 1054 979 1114 posse
1000 1026 1125 1100 docere
1140 1056 1177 1100 se
1193 1033 1359 1107 deiectum,

199 1135 261 1203 uisi
284 1132 463 1200 ostendere
484 1131 615 1214 potest,
632 1152 709 1221 cum
734 1134 940 1214 possideret,
967 1148 1039 1200 tum
1055 1134 1236 1203 deiectum.
1277 1137 1323 1202 Ne
1334 1134 1361 1199 id

200 1234 335 1317 quidem
358 1234 440 1301 satis
462 1245 532 1310 est,
562 1234 626 1299 uisi
649 1233 751 1299 docet
771 1234 817 1299 ita
838 1254 875 1300 se
896 1236 1105 1315 possedisse,
1135 1248 1174 1301 ut
1189 1238 1297 1302 neeri
1311 1255 1361 1302 uec

199 1333 286 1400 clam
308 1355 371 1400 uec
392 1337 547 1416 precario
569 1334 773 1416 possederit.
826 1335 944 1418 ltaque
966 1339 1012 1422 is,
1045 1338 1158 1421 quise
1185 1339 1362 1404 restituisse

199 1436 302 1515 dixit,
326 1459 446 1516 magna
463 1456 545 1501 voce
561 1456 662 1517 saepe
677 1436 831 1502 confiteri
847 1436 935 1502 solet
948 1459 985 1504 se
1000 1438 1033 1503 vi
1049 1438 1232 1503 deiecisse:
1256 1458 1361 1502 verum

197 1536 281 1604 ittud
309 1537 419 1615 addit,
452 1537 550 1616 „Nou
570 1527 814 1617 'possidebat:“
849 1535 1044 1613 ueletiam,
1075 1561 1153 1604 cum
1177 1538 1244 1605 hoo
1264 1539 1361 1618 ipsum

199 1642 387 1717 concessu,
419 1640 522 1703 vineit
555 1650 665 1704 tamen
688 1639 927 1718 sponsionem,
962 1641 989 1706 si
1011 1639 1151 1720 planum
1173 1639 1257 1704 saoit
1278 1640 1315 1704 ab
1333 1658 1371 1703 se.

140 1738 177 1801 93
198 1736 294 1805 ilium
323 1751 382 1806 aut
412 1742 442 1805 vi
472 1736 532 1806 aut
559 1738 644 1804 clam
674 1750 733 1804 aut
759 1740 915 1819 precario
941 1740 1147 1822 possedisse.
1190 1740 1364 1812 Videtisne,

199 1852 284 1923 quot
304 1840 558 1906 defensionibus
579 1861 677 1919 eum,
710 1841 766 1921 qui
788 1841 861 1905 siue
882 1842 985 1906 armis
1008 1861 1047 1906 ac
1069 1839 1286 1906 multitudine
1305 1840 1363 1904 vim

199 1941 338 2024 fecerit,
359 1943 407 2006 uti
423 1960 525 2023 posse
540 1942 684 2007 maiores
701 1941 903 2007 volueriut&
921 1941 1019 2006 Hune
1033 1962 1133 2016 vero,
1156 1943 1212 2023 qui
1228 1943 1268 2008 ab
1282 1942 1362 2017 iure,

199 2043 327 2114 officio,
352 2043 445 2108 bonis
468 2044 620 2109 moribus
643 2041 685 2109 ad
705 2043 855 2120 ferrum,
878 2043 919 2108 ad
942 2065 1051 2117 arma,
1072 2041 1112 2106 ad
1134 2042 1275 2108 eaedem
1296 2064 1364 2107 cou-

199 2143 344 2221 fugerit,
367 2143 494 2209 muium
517 2145 549 2210 in
572 2165 676 2209 eausa
698 2143 898 2210 destitutum
914 2144 1052 2226 videtis,
1077 2155 1130 2218 ut,
1152 2145 1208 2224 qui
1225 2155 1362 2208 armatus

198 2245 240 2312 de
271 2247 488 2325 possessione
515 2244 765 2321 contendisset,
803 2244 953 2311 inermus
988 2242 1156 2326 planede
1191 2246 1364 2325 sponsione

197 2359 353 2413 certaret.
397 2345 529 2428 Ecquid
551 2347 653 2424 igitur
668 2347 827 2418 interest,
850 2347 944 2422 Piso,
966 2348 1054 2413 inter
1068 2343 1363 2412 haeciurerdiotat

198 2448 318 2529 ecquid
340 2449 497 2521 interest,
519 2460 631 2510 utrum
655 2448 687 2509 iu
710 2445 777 2510 hoc
798 2447 842 2511 sit
863 2444 1033 2529 additum,
1057 2448 1142 2512 Cum
1165 2451 1208 2516 A.
1233 2447 1363 2513 Caecina

196 2547 405 2629 possederit,
429 2545 566 2610 necne&t
595 2544 736 2625 Ecquid
751 2557 783 2609 te
805 2547 891 2612 ratio
913 2548 1014 2624 iuris,
1036 2548 1157 2630 ecquid
1179 2549 1363 2614 interdicto·
1413 2604 1414 2613 ,

196 2670 273 2712 rum
298 2633 556 2722 dissimilitudo,
593 2645 712 2726 ecquid
743 2648 927 2712 auctoritas
958 2638 1124 2715 maiorum
1148 2646 1362 2716 commorat
1413 2682 1414 2735 i

198 2748 230 2814 Si
254 2759 344 2814 esset
366 2746 535 2820 additum,
560 2746 601 2812 de
623 2769 663 2812 eo
687 2748 803 2828 quaeri
826 2758 1015 2827 oporteret:
1038 2747 1191 2814 additum
1214 2774 1284 2817 nou
1306 2760 1363 2822 est;
1390 2810 1393 2814 ,

137 2836 176 2907 94
198 2863 308 2915 tamen
331 2842 528 2930 oportebit?
556 2852 668 2930 Atque
691 2869 753 2927 ego
775 2849 808 2913 iu
832 2847 895 2912 hoc
917 2850 1097 2915 Caecinam
1119 2871 1187 2914 uon
1210 2849 1367 2924 defundes
1413 2831 1414 2867 ³

195 2950 348 3034 possedit
371 2953 458 3017 euim
482 2940 643 3025 Caecina,
672 2962 950 3031 recuperatores:
982 2963 1017 3017 et
1037 2951 1091 3028 id,
1122 2953 1257 3018 tametsi
1279 2963 1362 3016 extra

196 3074 334 3121 causam
357 3064 429 3132 est,
451 3074 648 3135 percurram
673 3063 786 3117 tamen
809 3052 921 3128 breui,
942 3064 1065 3118 utnon
1079 3053 1192 3119 miuus
1206 3052 1362 3120 hominem

194 3157 306 3236 ipsum
330 3179 428 3236 quam
452 3156 503 3220 ius
525 3166 709 3219 commune
732 3153 910 3219 defensum
933 3151 1057 3219 velitis.

275 3255 492 3320 Caesenniam
515 3255 710 3334 possedisse
731 3267 873 3335 propter
893 3243 1145 3319 usumfructum
1167 3276 1238 3320 nou
1259 3271 1363 3332 negas.

198 3352 265 3445 Qui
288 3352 431 3419 colonus
452 3348 570 3418 ha'lnrit
592 3355 800 3420 conductum
830 3355 871 3419 de
894 3355 1081 3420 Caesennia
1101 3354 1263 3433 fundum,
1294 3373 1360 3419 eum

194 3454 286 3519 idem
314 3474 358 3518 ex
386 3454 503 3520 eadem
534 3453 763 3521 conductione
793 3455 897 3520 iiserit
926 3456 958 3519 in
985 3454 1110 3540 friardo,
1141 3454 1280 3521 dubium
1301 3463 1360 3526 est,

196 3556 294 3638 quin,
333 3550 575 3621 siCaeseunia
605 3567 675 3619 tum
709 3556 920 3636 possidebat,
958 3577 1036 3621 cum
1068 3566 1141 3620 erat
1166 3555 1307 3622 colonus
1332 3552 1360 3614 in

194 3653 320 3730 surrdo,
342 3668 420 3735 post
441 3657 512 3720 eius
536 3667 679 3721 mortem
703 3655 803 3723 heres
826 3656 946 3722 eodem
961 3657 1036 3722 iore
1050 3655 1271 3738 possederit?
1302 3655 1360 3719 De·

194 3754 272 3820 inde
299 3756 371 3837 ipse
399 3756 561 3834 Caecina,
597 3777 674 3823 cum
703 3759 865 3826 circuiret
892 3757 1050 3839 praedia,
1086 3759 1178 3824 veuit
1207 3759 1241 3824 in
1267 3758 1359 3823 istum

193 3917 420 3934 m,-
450 3922 454 3925 .

262 4017 283 4078 i,
297 4021 338 4066 99.
361 4020 453 4082 potest]
484 4022 535 4068 Etr.
555 4026 633 4079 possit
652 4025 683 4070 0.
701 4050 736 4062 -
758 4026 883 4069 restituisse
907 4025 964 4068 dicit
989 4023 1072 4069 Lumb.
1093 4048 1126 4060 -
1149 4028 1226 4067 tomen
1248 4020 1359 4080 sponsione

193 4103 217 4154 h,
233 4103 249 4146 l.
271 4101 336 4158 Ere,
355 4119 402 4149 non
424 4119 506 4163 supru.
525 4107 575 4151 cfr.
594 4108 710 4152 Huschke
729 4107 848 4152 Analecta
870 4121 894 4164 p.
917 4108 972 4152 tto.

261 4185 272 4244 i
294 4188 335 4231 93.
357 4187 468 4247 inermus]
499 4189 549 4233 Erf.
574 4191 669 4233 istrmnt‘s
695 4190 725 4233 Ο.
749 4212 780 4225 ·-
800 4194 875 4232 utrum
900 4191 924 4232 in
944 4164 1126 4248 ducenaria]
1150 4189 1200 4233 Ere.
1231 4193 1300 4233 udum
1320 4181 1360 4225 doc

90 4272 98 4277 “
192 4267 246 4311 oon.
272 4269 302 4312 0.
