<?xml version="1.0" encoding="UTF-8"?>
<!DOCTYPE html PUBLIC "-//W3C//DTD XHTML 1.0 Transitional//EN"
    "http://www.w3.org/TR/xhtml1/DTD/xhtml1-transitional.dtd">
<html xmlns="http://www.w3.org/1999/xhtml" xml:lang="en" lang="en">
 <head>
  <title>
</title>
<meta http-equiv="Content-Type" content="text/html;charset=utf-8" />
  <meta name='ocr-system' content='tesseract 3.04.00' />
  <meta name='ocr-capabilities' content='ocr_page ocr_carea ocr_par ocr_line ocrx_word'/>
</head>
<body>
  <div class='ocr_page' id='page_1' title='image "./mtulliiciceroni00orelgoog_0076.png"; bbox 0 0 2850 4759; ppageno 0'>
   <div class='ocr_carea' id='block_1_1' title="bbox 207 261 919 334">
    <p class='ocr_par' dir='ltr' id='par_1_1' title="bbox 207 261 919 334">
     <span class='ocr_line' id='line_1_1' title="bbox 207 261 919 334; baseline -0.001 -3"><span class='ocrx_word' id='word_1_1' title='bbox 207 266 247 334; x_wconf 77' lang='grc'>51</span> <span class='ocrx_word' id='word_1_2' title='bbox 681 261 919 334; x_wconf 80' lang='lat' dir='ltr'>CICERONIS</span> 
     </span>
    </p>
   </div>
   <div class='ocr_carea' id='block_1_2' title="bbox 152 418 1401 3462">
    <p class='ocr_par' dir='ltr' id='par_1_2' title="bbox 152 418 1401 3462">
     <span class='ocr_line' id='line_1_2' title="bbox 208 418 1374 508; baseline 0 -17"><span class='ocrx_word' id='word_1_3' title='bbox 208 423 405 506; x_wconf 86' lang='lat' dir='ltr'>giosissimo</span> <span class='ocrx_word' id='word_1_4' title='bbox 436 431 538 508; x_wconf 83' lang='lat' dir='ltr'>atque</span> <span class='ocrx_word' id='word_1_5' title='bbox 568 419 805 504; x_wconf 85' lang='lat' dir='ltr'>antiquissimo</span> <span class='ocrx_word' id='word_1_6' title='bbox 836 419 915 489; x_wconf 91' lang='lat' dir='ltr'>loco</span> <span class='ocrx_word' id='word_1_7' title='bbox 942 418 1170 493; x_wconf 85' lang='lat' dir='ltr'>sustulerunt.</span> <span class='ocrx_word' id='word_1_8' title='bbox 1221 421 1374 491; x_wconf 72' lang='lat' dir='ltr'>Postridie</span> 
     </span>
     <span class='ocr_line' id='line_1_3' title="bbox 208 521 1373 607; baseline -0.004 -11"><span class='ocrx_word' id='word_1_9' title='bbox 208 524 406 596; x_wconf 77' lang='lat' dir='ltr'><strong>sacerdotes</strong></span> <span class='ocrx_word' id='word_1_10' title='bbox 422 524 556 593; x_wconf 86' lang='lat' dir='ltr'>Cereris</span> <span class='ocrx_word' id='word_1_11' title='bbox 578 535 679 607; x_wconf 87' lang='lat' dir='ltr'>atque</span> <span class='ocrx_word' id='word_1_12' title='bbox 700 521 790 592; x_wconf 90' lang='lat' dir='ltr'>illius</span> <span class='ocrx_word' id='word_1_13' title='bbox 811 523 881 590; x_wconf 85' lang='lat' dir='ltr'>farri</span> <span class='ocrx_word' id='word_1_14' title='bbox 901 523 1094 603; x_wconf 76' lang='lat' dir='ltr'><strong>antistitae,</strong></span> <span class='ocrx_word' id='word_1_15' title='bbox 1129 523 1280 592; x_wconf 87' lang='lat' dir='ltr'>maiores</span> <span class='ocrx_word' id='word_1_16' title='bbox 1299 537 1373 603; x_wconf 91' lang='lat' dir='ltr'>natu,</span> 
     </span>
     <span class='ocr_line' id='line_1_4' title="bbox 209 624 1375 711; baseline -0.001 -17"><span class='ocrx_word' id='word_1_17' title='bbox 209 628 374 711; x_wconf 85' lang='lat' dir='ltr'>probatae</span> <span class='ocrx_word' id='word_1_18' title='bbox 394 647 436 693; x_wconf 90' lang='lat' dir='ltr'>ac</span> <span class='ocrx_word' id='word_1_19' title='bbox 457 625 587 695; x_wconf 86' lang='lat' dir='ltr'>nobiles</span> <span class='ocrx_word' id='word_1_20' title='bbox 609 626 788 710; x_wconf 88' lang='lat' dir='ltr'>mulieres,</span> <span class='ocrx_word' id='word_1_21' title='bbox 810 646 883 694; x_wconf 88' lang='lat' dir='ltr'>rem</span> <span class='ocrx_word' id='word_1_22' title='bbox 905 624 948 694; x_wconf 91' lang='lat' dir='ltr'>ad</span> <span class='ocrx_word' id='word_1_23' title='bbox 970 626 1191 706; x_wconf 76' lang='lat' dir='ltr'>magistratus</span> <span class='ocrx_word' id='word_1_24' title='bbox 1204 646 1290 694; x_wconf 92' lang='lat' dir='ltr'>suos</span> <span class='ocrx_word' id='word_1_25' title='bbox 1304 626 1375 693; x_wconf 81' lang='lat' dir='ltr'>dele</span> 
     </span>
     <span class='ocr_line' id='line_1_5' title="bbox 210 726 1373 814; baseline -0.004 -16"><span class='ocrx_word' id='word_1_26' title='bbox 210 741 304 798; x_wconf 75' lang='lat' dir='ltr'>runt,</span> <span class='ocrx_word' id='word_1_27' title='bbox 347 729 513 797; x_wconf 84' lang='lat' dir='ltr'>Omnibus</span> <span class='ocrx_word' id='word_1_28' title='bbox 533 729 715 814; x_wconf 87' lang='lat' dir='ltr'>acerbum,</span> <span class='ocrx_word' id='word_1_29' title='bbox 738 727 935 809; x_wconf 88' lang='lat' dir='ltr'>indignum,</span> <span class='ocrx_word' id='word_1_30' title='bbox 956 726 1153 796; x_wconf 89' lang='lat' dir='ltr'>luctuosum</span> <span class='ocrx_word' id='word_1_31' title='bbox 1176 726 1320 811; x_wconf 86' lang='lat' dir='ltr'>denique</span> <span class='ocrx_word' id='word_1_32' title='bbox 1336 730 1373 793; x_wconf 90' lang='lat' dir='ltr'>ri·</span> 
     </span>
     <span class='ocr_line' id='line_1_6' title="bbox 152 828 1373 913; baseline -0.002 -14"><span class='ocrx_word' id='word_1_33' title='bbox 152 830 372 910; x_wconf 78' lang='lat' dir='ltr'>loodcbatur.</span> <span class='ocrx_word' id='word_1_34' title='bbox 415 831 512 898; x_wconf 78' lang='lat' dir='ltr'>Tune·</span> <span class='ocrx_word' id='word_1_35' title='bbox 533 831 598 899; x_wconf 89' lang='lat' dir='ltr'>iste</span> <span class='ocrx_word' id='word_1_36' title='bbox 623 842 802 913; x_wconf 88' lang='lat' dir='ltr'>permotus</span> <span class='ocrx_word' id='word_1_37' title='bbox 828 828 885 896; x_wconf 88' lang='lat' dir='ltr'>illa</span> <span class='ocrx_word' id='word_1_38' title='bbox 913 829 1092 897; x_wconf 77' lang='lat' dir='ltr'>atrocitate</span> <span class='ocrx_word' id='word_1_39' title='bbox 1113 830 1262 911; x_wconf 87' lang='lat' dir='ltr'>negotii,</span> <span class='ocrx_word' id='word_1_40' title='bbox 1294 831 1373 897; x_wconf 83' lang='lat' dir='ltr'>utri</span> 
     </span>
     <span class='ocr_line' id='line_1_7' title="bbox 212 930 1374 1018; baseline -0.006 -15"><span class='ocrx_word' id='word_1_41' title='bbox 212 956 250 1004; x_wconf 83' lang='lat' dir='ltr'>sc</span> <span class='ocrx_word' id='word_1_42' title='bbox 270 932 411 1002; x_wconf 84' lang='lat' dir='ltr'>sceleris</span> <span class='ocrx_word' id='word_1_43' title='bbox 433 931 523 1001; x_wconf 90' lang='lat' dir='ltr'>illius</span> <span class='ocrx_word' id='word_1_44' title='bbox 544 933 695 1018; x_wconf 85' lang='lat' dir='ltr'>suspicio</span> <span class='ocrx_word' id='word_1_45' title='bbox 718 932 977 1011; x_wconf 88' lang='lat' dir='ltr'>demoveretur,</span> <span class='ocrx_word' id='word_1_46' title='bbox 1012 930 1071 998; x_wconf 92' lang='lat' dir='ltr'>dat</span> <span class='ocrx_word' id='word_1_47' title='bbox 1091 930 1218 1015; x_wconf 82' lang='lat' dir='ltr'>hospiti</span> <span class='ocrx_word' id='word_1_48' title='bbox 1239 954 1303 1000; x_wconf 88' lang='lat' dir='ltr'>suo</span> <span class='ocrx_word' id='word_1_49' title='bbox 1322 934 1374 999; x_wconf 88' lang='lat' dir='ltr'>cui-</span> 
     </span>
     <span class='ocr_line' id='line_1_8' title="bbox 212 1034 1374 1120; baseline -0.003 -17"><span class='ocrx_word' id='word_1_50' title='bbox 212 1034 290 1103; x_wconf 91' lang='lat' dir='ltr'>dam</span> <span class='ocrx_word' id='word_1_51' title='bbox 312 1035 507 1115; x_wconf 76' lang='lat' dir='ltr'>negotium,</span> <span class='ocrx_word' id='word_1_52' title='bbox 532 1045 571 1101; x_wconf 93' lang='lat' dir='ltr'>ut</span> <span class='ocrx_word' id='word_1_53' title='bbox 591 1034 737 1119; x_wconf 89' lang='lat' dir='ltr'>aliquem</span> <span class='ocrx_word' id='word_1_54' title='bbox 760 1035 941 1120; x_wconf 84' lang='lat' dir='ltr'>reperiret,</span> <span class='ocrx_word' id='word_1_55' title='bbox 971 1055 1073 1117; x_wconf 88' lang='lat' dir='ltr'>quem</span> <span class='ocrx_word' id='word_1_56' title='bbox 1094 1034 1175 1101; x_wconf 90' lang='lat' dir='ltr'>illud</span> <span class='ocrx_word' id='word_1_57' title='bbox 1198 1035 1321 1107; x_wconf 85' lang='lat' dir='ltr'>secisse</span> <span class='ocrx_word' id='word_1_58' title='bbox 1336 1035 1374 1100; x_wconf 91' lang='lat' dir='ltr'>in-</span> 
     </span>
     <span class='ocr_line' id='line_1_9' title="bbox 212 1134 1373 1228; baseline 0.001 -26"><span class='ocrx_word' id='word_1_59' title='bbox 212 1134 408 1215; x_wconf 77' lang='lat' dir='ltr'>simularet,</span> <span class='ocrx_word' id='word_1_60' title='bbox 441 1134 603 1228; x_wconf 89' lang='lat' dir='ltr'>darctqne</span> <span class='ocrx_word' id='word_1_61' title='bbox 631 1157 789 1219; x_wconf 81' lang='lat' dir='ltr'>operam,</span> <span class='ocrx_word' id='word_1_62' title='bbox 821 1147 859 1202; x_wconf 89' lang='lat' dir='ltr'>ut</span> <span class='ocrx_word' id='word_1_63' title='bbox 881 1135 909 1204; x_wconf 90' lang='lat' dir='ltr'>is</span> <span class='ocrx_word' id='word_1_64' title='bbox 931 1156 972 1203; x_wconf 92' lang='lat' dir='ltr'>co</span> <span class='ocrx_word' id='word_1_65' title='bbox 994 1136 1135 1203; x_wconf 87' lang='lat' dir='ltr'>crimine</span> <span class='ocrx_word' id='word_1_66' title='bbox 1157 1137 1373 1214; x_wconf 83' lang='lat' dir='ltr'>damnaretur,</span> 
     </span>
     <span class='ocr_line' id='line_1_10' title="bbox 211 1237 1373 1322; baseline -0.003 -16"><span class='ocrx_word' id='word_1_67' title='bbox 211 1259 256 1306; x_wconf 89' lang='lat' dir='ltr'>uc</span> <span class='ocrx_word' id='word_1_68' title='bbox 277 1239 348 1322; x_wconf 80' lang='lat' dir='ltr'>ipsc</span> <span class='ocrx_word' id='word_1_69' title='bbox 370 1251 461 1306; x_wconf 88' lang='lat' dir='ltr'>esset</span> <span class='ocrx_word' id='word_1_70' title='bbox 480 1239 513 1304; x_wconf 91' lang='lat' dir='ltr'>in</span> <span class='ocrx_word' id='word_1_71' title='bbox 532 1238 682 1314; x_wconf 88' lang='lat' dir='ltr'>crimine,</span> <span class='ocrx_word' id='word_1_72' title='bbox 724 1239 792 1304; x_wconf 84' lang='lat' dir='ltr'>ltcs</span> <span class='ocrx_word' id='word_1_73' title='bbox 807 1259 875 1304; x_wconf 90' lang='lat' dir='ltr'>non</span> <span class='ocrx_word' id='word_1_74' title='bbox 889 1237 1174 1321; x_wconf 84' lang='lat' dir='ltr'>procrastinatur.</span> <span class='ocrx_word' id='word_1_75' title='bbox 1216 1239 1302 1307; x_wconf 86' lang='lat' dir='ltr'>Nam</span> <span class='ocrx_word' id='word_1_76' title='bbox 1315 1260 1373 1306; x_wconf 89' lang='lat' dir='ltr'>cunr</span> 
     </span>
     <span class='ocr_line' id='line_1_11' title="bbox 212 1337 1372 1423; baseline -0.004 -15"><span class='ocrx_word' id='word_1_77' title='bbox 212 1340 279 1408; x_wconf 86' lang='lat' dir='ltr'>istc</span> <span class='ocrx_word' id='word_1_78' title='bbox 300 1341 419 1418; x_wconf 83' lang='lat' dir='ltr'>Catina</span> <span class='ocrx_word' id='word_1_79' title='bbox 441 1340 619 1423; x_wconf 80' lang='lat' dir='ltr'>profectus</span> <span class='ocrx_word' id='word_1_80' title='bbox 643 1351 750 1417; x_wconf 86' lang='lat' dir='ltr'>essct,</span> <span class='ocrx_word' id='word_1_81' title='bbox 769 1338 861 1407; x_wconf 87' lang='lat' dir='ltr'>servi</span> <span class='ocrx_word' id='word_1_82' title='bbox 882 1337 1059 1409; x_wconf 88' lang='lat' dir='ltr'>cuiusdam</span> <span class='ocrx_word' id='word_1_83' title='bbox 1080 1361 1207 1408; x_wconf 75' lang='lat' dir='ltr'>eramen</span> <span class='ocrx_word' id='word_1_84' title='bbox 1230 1341 1372 1409; x_wconf 82' lang='lat' dir='ltr'>defertur.</span> 
     </span>
     <span class='ocr_line' id='line_1_12' title="bbox 211 1438 1374 1513; baseline -0.003 -3"><span class='ocrx_word' id='word_1_85' title='bbox 211 1442 246 1510; x_wconf 90' lang='lat' dir='ltr'>ls</span> <span class='ocrx_word' id='word_1_86' title='bbox 268 1454 465 1513; x_wconf 89' lang='lat' dir='ltr'>accusatur:</span> <span class='ocrx_word' id='word_1_87' title='bbox 486 1443 556 1510; x_wconf 87' lang='lat' dir='ltr'>ficti</span> <span class='ocrx_word' id='word_1_88' title='bbox 578 1454 682 1511; x_wconf 88' lang='lat' dir='ltr'>testes</span> <span class='ocrx_word' id='word_1_89' title='bbox 704 1442 738 1509; x_wconf 90' lang='lat' dir='ltr'>in</span> <span class='ocrx_word' id='word_1_90' title='bbox 760 1463 838 1509; x_wconf 91' lang='lat' dir='ltr'>cum</span> <span class='ocrx_word' id='word_1_91' title='bbox 861 1438 996 1508; x_wconf 88' lang='lat' dir='ltr'>dantur.</span> <span class='ocrx_word' id='word_1_92' title='bbox 1039 1443 1124 1510; x_wconf 90' lang='lat' dir='ltr'>Rern</span> <span class='ocrx_word' id='word_1_93' title='bbox 1140 1453 1374 1509; x_wconf 87' lang='lat' dir='ltr'>cunctussena·</span> 
     </span>
     <span class='ocr_line' id='line_1_13' title="bbox 215 1534 1373 1624; baseline -0.003 -13"><span class='ocrx_word' id='word_1_94' title='bbox 215 1556 269 1612; x_wconf 88' lang='lat' dir='ltr'>tus</span> <span class='ocrx_word' id='word_1_95' title='bbox 292 1544 524 1622; x_wconf 75' lang='lat' dir='ltr'>Catinensium</span> <span class='ocrx_word' id='word_1_96' title='bbox 546 1541 677 1624; x_wconf 88' lang='lat' dir='ltr'>legibus</span> <span class='ocrx_word' id='word_1_97' title='bbox 698 1542 882 1611; x_wconf 80' lang='lat' dir='ltr'>iudicabat.</span> <span class='ocrx_word' id='word_1_98' title='bbox 924 1543 1127 1612; x_wconf 83' lang='lat' dir='ltr'>Sacerdotes</span> <span class='ocrx_word' id='word_1_99' title='bbox 1146 1534 1326 1614; x_wconf 38' lang='lat' dir='ltr'>&#39;uocantum</span> <span class='ocrx_word' id='word_1_100' title='bbox 1343 1565 1373 1610; x_wconf 80' lang='lat' dir='ltr'>cr</span> 
     </span>
     <span class='ocr_line' id='line_1_14' title="bbox 203 1645 1373 1729; baseline 0.003 -16"><span class='ocrx_word' id='word_1_101' title='bbox 203 1647 254 1714; x_wconf 62' lang='lat' dir='ltr'>viis</span> <span class='ocrx_word' id='word_1_102' title='bbox 276 1646 451 1729; x_wconf 83' lang='lat' dir='ltr'>quaeritur</span> <span class='ocrx_word' id='word_1_103' title='bbox 471 1658 606 1715; x_wconf 87' lang='lat' dir='ltr'>secreto</span> <span class='ocrx_word' id='word_1_104' title='bbox 627 1646 662 1720; x_wconf 82' lang='lat' dir='ltr'>in</span> <span class='ocrx_word' id='word_1_105' title='bbox 684 1647 797 1725; x_wconf 88' lang='lat' dir='ltr'>curia,</span> <span class='ocrx_word' id='word_1_106' title='bbox 832 1645 1011 1729; x_wconf 87' lang='lat' dir='ltr'>quidesse</span> <span class='ocrx_word' id='word_1_107' title='bbox 1036 1647 1167 1714; x_wconf 88' lang='lat' dir='ltr'>sactum</span> <span class='ocrx_word' id='word_1_108' title='bbox 1188 1650 1373 1717; x_wconf 82' lang='lat' dir='ltr'>arbitraren-</span> 
     </span>
     <span class='ocr_line' id='line_1_15' title="bbox 215 1739 1371 1834; baseline -0.003 -20"><span class='ocrx_word' id='word_1_109' title='bbox 215 1739 288 1827; x_wconf 82' lang='lat' dir='ltr'>tur,</span> <span class='ocrx_word' id='word_1_110' title='bbox 312 1747 599 1832; x_wconf 83' lang='lat' dir='ltr'>quemadmodum</span> <span class='ocrx_word' id='word_1_111' title='bbox 615 1749 750 1829; x_wconf 91' lang='lat' dir='ltr'>signum</span> <span class='ocrx_word' id='word_1_112' title='bbox 767 1762 857 1817; x_wconf 85' lang='lat' dir='ltr'>essct</span> <span class='ocrx_word' id='word_1_113' title='bbox 871 1747 1034 1821; x_wconf 85' lang='lat' dir='ltr'>ablatum.</span> <span class='ocrx_word' id='word_1_114' title='bbox 1072 1747 1294 1834; x_wconf 85' lang='lat' dir='ltr'>Respondent</span> <span class='ocrx_word' id='word_1_115' title='bbox 1304 1746 1371 1822; x_wconf 89' lang='lat' dir='ltr'>illae,</span> 
     </span>
     <span class='ocr_line' id='line_1_16' title="bbox 190 1845 1373 1946; baseline -0.004 -29"><span class='ocrx_word' id='word_1_116' title='bbox 190 1845 192 1854; x_wconf 77' lang='grc'>’</span> <span class='ocrx_word' id='word_1_117' title='bbox 216 1851 384 1940; x_wconf 74' lang='lat' dir='ltr'>praetoris</span> <span class='ocrx_word' id='word_1_118' title='bbox 410 1850 444 1946; x_wconf 84' lang='lat' dir='ltr'>in</span> <span class='ocrx_word' id='word_1_119' title='bbox 472 1872 513 1920; x_wconf 89' lang='lat' dir='ltr'>eo</span> <span class='ocrx_word' id='word_1_120' title='bbox 534 1848 613 1919; x_wconf 86' lang='lat' dir='ltr'>loco</span> <span class='ocrx_word' id='word_1_121' title='bbox 635 1870 754 1919; x_wconf 86' lang='lat' dir='ltr'>servos</span> <span class='ocrx_word' id='word_1_122' title='bbox 776 1872 851 1921; x_wconf 89' lang='lat' dir='ltr'>esse</span> <span class='ocrx_word' id='word_1_123' title='bbox 867 1851 970 1922; x_wconf 86' lang='lat' dir='ltr'>visos.</span> <span class='ocrx_word' id='word_1_124' title='bbox 1011 1853 1099 1930; x_wconf 90' lang='lat' dir='ltr'>Res,</span> <span class='ocrx_word' id='word_1_125' title='bbox 1123 1872 1210 1934; x_wconf 86' lang='lat' dir='ltr'>quae</span> <span class='ocrx_word' id='word_1_126' title='bbox 1225 1850 1373 1919; x_wconf 86' lang='lat' dir='ltr'>essetian</span> 
     </span>
     <span class='ocr_line' id='line_1_17' title="bbox 214 1952 1372 2035; baseline -0.003 -16"><span class='ocrx_word' id='word_1_127' title='bbox 214 1966 315 2021; x_wconf 87' lang='lat' dir='ltr'>autea</span> <span class='ocrx_word' id='word_1_128' title='bbox 343 1976 412 2020; x_wconf 87' lang='lat' dir='ltr'>uon</span> <span class='ocrx_word' id='word_1_129' title='bbox 441 1954 605 2031; x_wconf 86' lang='lat' dir='ltr'>obscura,</span> <span class='ocrx_word' id='word_1_130' title='bbox 640 1952 860 2021; x_wconf 86' lang='lat' dir='ltr'>sacerdotum</span> <span class='ocrx_word' id='word_1_131' title='bbox 889 1954 1085 2023; x_wconf 88' lang='lat' dir='ltr'>testimonio</span> <span class='ocrx_word' id='word_1_132' title='bbox 1112 1954 1292 2035; x_wconf 86' lang='lat' dir='ltr'>perspicua</span> <span class='ocrx_word' id='word_1_133' title='bbox 1315 1969 1372 2020; x_wconf 86' lang='lat' dir='ltr'>esse</span> 
     </span>
     <span class='ocr_line' id='line_1_18' title="bbox 213 2054 1372 2137; baseline -0.003 -17"><span class='ocrx_word' id='word_1_134' title='bbox 213 2056 339 2137; x_wconf 81' lang='lat' dir='ltr'>coepit.</span> <span class='ocrx_word' id='word_1_135' title='bbox 381 2054 456 2123; x_wconf 91' lang='lat' dir='ltr'>Itur</span> <span class='ocrx_word' id='word_1_136' title='bbox 475 2055 510 2122; x_wconf 88' lang='lat' dir='ltr'>in</span> <span class='ocrx_word' id='word_1_137' title='bbox 531 2055 726 2124; x_wconf 90' lang='lat' dir='ltr'>consilium:</span> <span class='ocrx_word' id='word_1_138' title='bbox 748 2076 870 2124; x_wconf 87' lang='lat' dir='ltr'>servus</span> <span class='ocrx_word' id='word_1_139' title='bbox 891 2055 948 2124; x_wconf 88' lang='lat' dir='ltr'>illo</span> <span class='ocrx_word' id='word_1_140' title='bbox 968 2057 1132 2124; x_wconf 87' lang='lat' dir='ltr'>innocens</span> <span class='ocrx_word' id='word_1_141' title='bbox 1149 2057 1372 2123; x_wconf 86' lang='lat' dir='ltr'>omnibusseu·</span> 
     </span>
     <span class='ocr_line' id='line_1_19' title="bbox 216 2153 1401 2248; baseline -0.006 -25"><span class='ocrx_word' id='word_1_142' title='bbox 216 2159 332 2226; x_wconf 84' lang='lat' dir='ltr'>tentiis</span> <span class='ocrx_word' id='word_1_143' title='bbox 354 2155 555 2236; x_wconf 86' lang='lat' dir='ltr'>absolvitur,</span> <span class='ocrx_word' id='word_1_144' title='bbox 586 2181 653 2247; x_wconf 84' lang='lat' dir='ltr'>quo</span> <span class='ocrx_word' id='word_1_145' title='bbox 680 2157 815 2226; x_wconf 80' lang='lat' dir='ltr'>facilius</span> <span class='ocrx_word' id='word_1_146' title='bbox 843 2179 903 2228; x_wconf 83' lang='lat' dir='ltr'>ros</span> <span class='ocrx_word' id='word_1_147' title='bbox 924 2157 1014 2226; x_wconf 88' lang='lat' dir='ltr'>huuc</span> <span class='ocrx_word' id='word_1_148' title='bbox 1040 2158 1198 2227; x_wconf 82' lang='lat' dir='ltr'>cornibus</span> <span class='ocrx_word' id='word_1_149' title='bbox 1219 2153 1372 2226; x_wconf 86' lang='lat' dir='ltr'>sententiis</span> <span class='ocrx_word' id='word_1_150' title='bbox 1400 2241 1401 2248; x_wconf 6' lang='grc' dir='ltr'>ἵ</span> 
     </span>
     <span class='ocr_line' id='line_1_20' title="bbox 154 2251 1373 2352; baseline -0.004 -27"><span class='ocrx_word' id='word_1_151' title='bbox 154 2260 451 2342; x_wconf 83' lang='lat' dir='ltr'>101eondemnare</span> <span class='ocrx_word' id='word_1_152' title='bbox 480 2260 632 2344; x_wconf 71' lang='lat' dir='ltr'>possitis,</span> <span class='ocrx_word' id='word_1_153' title='bbox 689 2261 781 2352; x_wconf 79' lang='lat' dir='ltr'>Quid</span> <span class='ocrx_word' id='word_1_154' title='bbox 808 2264 895 2327; x_wconf 89' lang='lat' dir='ltr'>onim</span> <span class='ocrx_word' id='word_1_155' title='bbox 925 2259 1098 2343; x_wconf 83' lang='lat' dir='ltr'>postulas,</span> <span class='ocrx_word' id='word_1_156' title='bbox 1132 2260 1282 2328; x_wconf 72' lang='lat' dir='ltr'>Verres?</span> <span class='ocrx_word' id='word_1_157' title='bbox 1308 2251 1373 2339; x_wconf 89' lang='lat' dir='ltr'>qnid</span> 
     </span>
     <span class='ocr_line' id='line_1_21' title="bbox 214 2358 1371 2447; baseline -0.007 -17"><span class='ocrx_word' id='word_1_158' title='bbox 214 2363 362 2445; x_wconf 69' lang='lat' dir='ltr'>speras?</span> <span class='ocrx_word' id='word_1_159' title='bbox 393 2363 474 2447; x_wconf 90' lang='lat' dir='ltr'>quid</span> <span class='ocrx_word' id='word_1_160' title='bbox 488 2358 491 2363; x_wconf 75' lang='grc'><strong>’</strong></span> <span class='ocrx_word' id='word_1_161' title='bbox 504 2361 693 2446; x_wconf 66' lang='lat' dir='ltr'>expectas?</span> <span class='ocrx_word' id='word_1_162' title='bbox 727 2384 829 2447; x_wconf 89' lang='lat' dir='ltr'>quem</span> <span class='ocrx_word' id='word_1_163' title='bbox 859 2363 918 2433; x_wconf 91' lang='lat' dir='ltr'>tibi</span> <span class='ocrx_word' id='word_1_164' title='bbox 939 2374 999 2431; x_wconf 90' lang='lat' dir='ltr'>aut</span> <span class='ocrx_word' id='word_1_165' title='bbox 1019 2362 1121 2430; x_wconf 87' lang='lat' dir='ltr'>deum</span> <span class='ocrx_word' id='word_1_166' title='bbox 1141 2373 1202 2429; x_wconf 90' lang='lat' dir='ltr'>aut</span> <span class='ocrx_word' id='word_1_167' title='bbox 1220 2361 1371 2430; x_wconf 86' lang='lat' dir='ltr'>bominem</span> 
     </span>
     <span class='ocr_line' id='line_1_22' title="bbox 214 2458 1372 2548; baseline -0.006 -17"><span class='ocrx_word' id='word_1_168' title='bbox 214 2463 343 2538; x_wconf 82' lang='lat' dir='ltr'>auxilio</span> <span class='ocrx_word' id='word_1_169' title='bbox 366 2466 521 2537; x_wconf 80' lang='lat' dir='ltr'>sutricum</span> <span class='ocrx_word' id='word_1_170' title='bbox 542 2465 671 2548; x_wconf 62' lang='lat' dir='ltr'>putas?</span> <span class='ocrx_word' id='word_1_171' title='bbox 710 2468 809 2534; x_wconf 85' lang='lat' dir='ltr'>Eone</span> <span class='ocrx_word' id='word_1_172' title='bbox 838 2476 875 2529; x_wconf 88' lang='lat' dir='ltr'>tu</span> <span class='ocrx_word' id='word_1_173' title='bbox 901 2483 1021 2532; x_wconf 86' lang='lat' dir='ltr'>servos</span> <span class='ocrx_word' id='word_1_174' title='bbox 1042 2463 1086 2531; x_wconf 91' lang='lat' dir='ltr'>ad</span> <span class='ocrx_word' id='word_1_175' title='bbox 1106 2462 1321 2547; x_wconf 88' lang='lat' dir='ltr'>spoliandum</span> <span class='ocrx_word' id='word_1_176' title='bbox 1335 2458 1372 2524; x_wconf 77' lang='grc'>1-</span> 
     </span>
     <span class='ocr_line' id='line_1_23' title="bbox 214 2560 1371 2649; baseline -0.003 -18"><span class='ocrx_word' id='word_1_177' title='bbox 214 2588 297 2631; x_wconf 91' lang='lat' dir='ltr'>num</span> <span class='ocrx_word' id='word_1_178' title='bbox 319 2566 504 2634; x_wconf 81' lang='lat' dir='ltr'>immittere</span> <span class='ocrx_word' id='word_1_179' title='bbox 524 2587 629 2633; x_wconf 89' lang='lat' dir='ltr'>ausus</span> <span class='ocrx_word' id='word_1_180' title='bbox 651 2586 704 2641; x_wconf 85' lang='lat' dir='ltr'>cs,</span> <span class='ocrx_word' id='word_1_181' title='bbox 737 2588 804 2649; x_wconf 87' lang='lat' dir='ltr'>qrro</span> <span class='ocrx_word' id='word_1_182' title='bbox 833 2564 957 2633; x_wconf 89' lang='lat' dir='ltr'>libcros</span> <span class='ocrx_word' id='word_1_183' title='bbox 985 2565 1080 2633; x_wconf 89' lang='lat' dir='ltr'>adire</span> <span class='ocrx_word' id='word_1_184' title='bbox 1106 2587 1148 2634; x_wconf 85' lang='lat' dir='ltr'>ne</span> <span class='ocrx_word' id='word_1_185' title='bbox 1179 2565 1297 2634; x_wconf 89' lang='lat' dir='ltr'>orandi</span> <span class='ocrx_word' id='word_1_186' title='bbox 1319 2560 1371 2646; x_wconf 85' lang='lat' dir='ltr'>qui·</span> 
     </span>
     <span class='ocr_line' id='line_1_24' title="bbox 215 2663 1372 2742; baseline -0.005 -9"><span class='ocrx_word' id='word_1_187' title='bbox 215 2666 292 2734; x_wconf 88' lang='lat' dir='ltr'>dem</span> <span class='ocrx_word' id='word_1_188' title='bbox 315 2687 418 2733; x_wconf 88' lang='lat' dir='ltr'>causa</span> <span class='ocrx_word' id='word_1_189' title='bbox 447 2668 499 2738; x_wconf 83' lang='lat' dir='ltr'>fas</span> <span class='ocrx_word' id='word_1_190' title='bbox 527 2668 630 2742; x_wconf 68' lang='lat' dir='ltr'>erat?</span> <span class='ocrx_word' id='word_1_191' title='bbox 659 2667 765 2737; x_wconf 89' lang='lat' dir='ltr'>Hisne</span> <span class='ocrx_word' id='word_1_192' title='bbox 786 2668 888 2736; x_wconf 90' lang='lat' dir='ltr'>rebus</span> <span class='ocrx_word' id='word_1_193' title='bbox 909 2689 1030 2736; x_wconf 87' lang='lat' dir='ltr'>manus</span> <span class='ocrx_word' id='word_1_194' title='bbox 1055 2669 1179 2741; x_wconf 77' lang='lat' dir='ltr'>afferre</span> <span class='ocrx_word' id='word_1_195' title='bbox 1205 2692 1278 2737; x_wconf 91' lang='lat' dir='ltr'>non</span> <span class='ocrx_word' id='word_1_196' title='bbox 1298 2663 1372 2733; x_wconf 91' lang='lat' dir='ltr'>dubi·</span> 
     </span>
     <span class='ocr_line' id='line_1_25' title="bbox 217 2768 1373 2853; baseline -0.005 -16"><span class='ocrx_word' id='word_1_197' title='bbox 217 2771 314 2848; x_wconf 88' lang='lat' dir='ltr'>tasti,</span> <span class='ocrx_word' id='word_1_198' title='bbox 341 2790 360 2837; x_wconf 94' lang='lat' dir='ltr'>a</span> <span class='ocrx_word' id='word_1_199' title='bbox 393 2771 514 2853; x_wconf 88' lang='lat' dir='ltr'>qnibus</span> <span class='ocrx_word' id='word_1_200' title='bbox 553 2771 654 2841; x_wconf 89' lang='lat' dir='ltr'>etiam</span> <span class='ocrx_word' id='word_1_201' title='bbox 684 2768 805 2839; x_wconf 86' lang='lat' dir='ltr'>oculos</span> <span class='ocrx_word' id='word_1_202' title='bbox 837 2768 996 2837; x_wconf 86' lang='lat' dir='ltr'>cohibere</span> <span class='ocrx_word' id='word_1_203' title='bbox 1028 2783 1060 2838; x_wconf 87' lang='lat' dir='ltr'>te</span> <span class='ocrx_word' id='word_1_204' title='bbox 1087 2770 1292 2852; x_wconf 78' lang='lat' dir='ltr'>religionum</span> <span class='ocrx_word' id='word_1_205' title='bbox 1318 2769 1373 2834; x_wconf 85' lang='lat' dir='ltr'>iura</span> 
     </span>
     <span class='ocr_line' id='line_1_26' title="bbox 215 2870 1371 2955; baseline -0.01 -13"><span class='ocrx_word' id='word_1_206' title='bbox 215 2873 412 2955; x_wconf 67' lang='lat' dir='ltr'>cogebant?</span> <span class='ocrx_word' id='word_1_207' title='bbox 454 2873 606 2941; x_wconf 88' lang='lat' dir='ltr'>Tametsi</span> <span class='ocrx_word' id='word_1_208' title='bbox 630 2894 674 2940; x_wconf 87' lang='lat' dir='ltr'>ne</span> <span class='ocrx_word' id='word_1_209' title='bbox 702 2870 812 2939; x_wconf 75' lang='lat' dir='ltr'>ocutis</span> <span class='ocrx_word' id='word_1_210' title='bbox 841 2871 976 2954; x_wconf 87' lang='lat' dir='ltr'>quidem</span> <span class='ocrx_word' id='word_1_211' title='bbox 999 2884 1117 2954; x_wconf 82' lang='lat' dir='ltr'>captus</span> <span class='ocrx_word' id='word_1_212' title='bbox 1139 2874 1173 2939; x_wconf 91' lang='lat' dir='ltr'>in</span> <span class='ocrx_word' id='word_1_213' title='bbox 1196 2872 1284 2940; x_wconf 87' lang='lat' dir='ltr'>hane</span> <span class='ocrx_word' id='word_1_214' title='bbox 1302 2872 1371 2938; x_wconf 85' lang='lat' dir='ltr'>sran·</span> 
     </span>
     <span class='ocr_line' id='line_1_27' title="bbox 213 2967 1372 3044; baseline -0.005 -1"><span class='ocrx_word' id='word_1_215' title='bbox 213 2975 292 3043; x_wconf 88' lang='lat' dir='ltr'>dem</span> <span class='ocrx_word' id='word_1_216' title='bbox 319 2989 387 3043; x_wconf 90' lang='lat' dir='ltr'>tam</span> <span class='ocrx_word' id='word_1_217' title='bbox 407 2974 605 3043; x_wconf 86' lang='lat' dir='ltr'>sceleratam</span> <span class='ocrx_word' id='word_1_218' title='bbox 626 2996 667 3043; x_wconf 91' lang='lat' dir='ltr'>ac</span> <span class='ocrx_word' id='word_1_219' title='bbox 691 2987 759 3042; x_wconf 90' lang='lat' dir='ltr'>tarn</span> <span class='ocrx_word' id='word_1_220' title='bbox 778 2975 943 3041; x_wconf 83' lang='lat' dir='ltr'>nefariam</span> <span class='ocrx_word' id='word_1_221' title='bbox 965 2974 1136 3043; x_wconf 87' lang='lat' dir='ltr'>decidisti:</span> <span class='ocrx_word' id='word_1_222' title='bbox 1157 2967 1237 3044; x_wconf 86' lang='lat' dir='ltr'>nam</span> <span class='ocrx_word' id='word_1_223' title='bbox 1262 2975 1295 3043; x_wconf 92' lang='lat' dir='ltr'>id</span> <span class='ocrx_word' id='word_1_224' title='bbox 1310 2993 1372 3041; x_wconf 86' lang='lat' dir='ltr'>con·</span> 
     </span>
     <span class='ocr_line' id='line_1_28' title="bbox 215 3068 1372 3165; baseline -0.007 -18"><span class='ocrx_word' id='word_1_225' title='bbox 215 3080 356 3162; x_wconf 87' lang='lat' dir='ltr'>cupisti,</span> <span class='ocrx_word' id='word_1_226' title='bbox 379 3078 469 3161; x_wconf 87' lang='lat' dir='ltr'>quod</span> <span class='ocrx_word' id='word_1_227' title='bbox 487 3099 658 3160; x_wconf 87' lang='lat' dir='ltr'>nunquam</span> <span class='ocrx_word' id='word_1_228' title='bbox 672 3077 827 3157; x_wconf 58' lang='lat' dir='ltr'>videram</span> <span class='ocrx_word' id='word_1_229' title='bbox 847 3076 898 3153; x_wconf 88' lang='lat' dir='ltr'>id,</span> <span class='ocrx_word' id='word_1_230' title='bbox 918 3078 1075 3162; x_wconf 88' lang='lat' dir='ltr'>inquam,</span> <span class='ocrx_word' id='word_1_231' title='bbox 1098 3078 1282 3165; x_wconf 86' lang='lat' dir='ltr'>adamasti,</span> <span class='ocrx_word' id='word_1_232' title='bbox 1301 3068 1372 3159; x_wconf 84' lang='lat' dir='ltr'>quod</span> 
     </span>
     <span class='ocr_line' id='line_1_29' title="bbox 217 3178 1371 3264; baseline -0.003 -18"><span class='ocrx_word' id='word_1_233' title='bbox 217 3194 315 3247; x_wconf 87' lang='lat' dir='ltr'>antea</span> <span class='ocrx_word' id='word_1_234' title='bbox 338 3204 405 3247; x_wconf 91' lang='lat' dir='ltr'>nou</span> <span class='ocrx_word' id='word_1_235' title='bbox 431 3201 627 3262; x_wconf 83' lang='lat' dir='ltr'>aspexeras.</span> <span class='ocrx_word' id='word_1_236' title='bbox 669 3180 819 3253; x_wconf 84' lang='lat' dir='ltr'>Auribus</span> <span class='ocrx_word' id='word_1_237' title='bbox 851 3191 886 3245; x_wconf 90' lang='lat' dir='ltr'>tu</span> <span class='ocrx_word' id='word_1_238' title='bbox 911 3191 1040 3247; x_wconf 88' lang='lat' dir='ltr'>tautam</span> <span class='ocrx_word' id='word_1_239' title='bbox 1065 3178 1287 3264; x_wconf 88' lang='lat' dir='ltr'>cupiditatem</span> <span class='ocrx_word' id='word_1_240' title='bbox 1310 3195 1371 3244; x_wconf 86' lang='lat' dir='ltr'>cou·</span> 
     </span>
     <span class='ocr_line' id='line_1_30' title="bbox 212 3278 1372 3363; baseline 0.003 -17"><span class='ocrx_word' id='word_1_241' title='bbox 212 3282 355 3363; x_wconf 82' lang='lat' dir='ltr'>cepisti,</span> <span class='ocrx_word' id='word_1_242' title='bbox 392 3294 429 3347; x_wconf 91' lang='lat' dir='ltr'>ut</span> <span class='ocrx_word' id='word_1_243' title='bbox 450 3302 524 3349; x_wconf 91' lang='lat' dir='ltr'>eam</span> <span class='ocrx_word' id='word_1_244' title='bbox 549 3303 616 3348; x_wconf 87' lang='lat' dir='ltr'>non</span> <span class='ocrx_word' id='word_1_245' title='bbox 639 3293 770 3359; x_wconf 90' lang='lat' dir='ltr'>metus,</span> <span class='ocrx_word' id='word_1_246' title='bbox 805 3305 874 3349; x_wconf 90' lang='lat' dir='ltr'>non</span> <span class='ocrx_word' id='word_1_247' title='bbox 896 3282 1031 3363; x_wconf 86' lang='lat' dir='ltr'>religio,</span> <span class='ocrx_word' id='word_1_248' title='bbox 1064 3306 1133 3350; x_wconf 88' lang='lat' dir='ltr'>non</span> <span class='ocrx_word' id='word_1_249' title='bbox 1157 3282 1301 3351; x_wconf 88' lang='lat' dir='ltr'>deorum</span> <span class='ocrx_word' id='word_1_250' title='bbox 1318 3278 1372 3350; x_wconf 70' lang='lat' dir='ltr'>ris,</span> 
     </span>
     <span class='ocr_line' id='line_1_31' title="bbox 155 3376 1373 3462; baseline -0.006 -9"><span class='ocrx_word' id='word_1_251' title='bbox 155 3392 211 3458; x_wconf 76' lang='grc'>102</span> <span class='ocrx_word' id='word_1_252' title='bbox 219 3406 285 3450; x_wconf 80' lang='lat' dir='ltr'>riou</span> <span class='ocrx_word' id='word_1_253' title='bbox 304 3381 702 3452; x_wconf 83' lang='lat' dir='ltr'>borninnmexistimatio</span> <span class='ocrx_word' id='word_1_254' title='bbox 725 3384 926 3450; x_wconf 81' lang='lat' dir='ltr'>contineret.</span> <span class='ocrx_word' id='word_1_255' title='bbox 967 3387 1014 3452; x_wconf 87' lang='lat' dir='ltr'>At</span> <span class='ocrx_word' id='word_1_256' title='bbox 1030 3406 1073 3456; x_wconf 82' lang='lat' dir='ltr'>ex</span> <span class='ocrx_word' id='word_1_257' title='bbox 1090 3386 1180 3454; x_wconf 88' lang='lat' dir='ltr'>bono</span> <span class='ocrx_word' id='word_1_258' title='bbox 1200 3387 1273 3462; x_wconf 78' lang='lat' dir='ltr'>vico</span> <span class='ocrx_word' id='word_1_259' title='bbox 1291 3376 1373 3451; x_wconf 86' lang='lat' dir='ltr'>crede</span> 
     </span>
    </p>
   </div>
   <div class='ocr_carea' id='block_1_3' title="bbox 219 3504 412 3519">
    <p class='ocr_par' dir='ltr' id='par_1_3' title="bbox 219 3504 412 3519">
     <span class='ocr_line' id='line_1_32' title="bbox 219 3504 412 3519; baseline 0.016 -3"><span class='ocrx_word' id='word_1_260' title='bbox 219 3504 412 3519; x_wconf 41' lang='grc' dir='ltr'>,ιη-.-</span> 
     </span>
    </p>
   </div>
   <div class='ocr_carea' id='block_1_4' title="bbox 213 3575 1375 3887">
    <p class='ocr_par' dir='ltr' id='par_1_4' title="bbox 213 3575 1375 3887">
     <span class='ocr_line' id='line_1_33' title="bbox 284 3575 1375 3643; baseline 0.001 -19"><span class='ocrx_word' id='word_1_261' title='bbox 284 3577 366 3640; x_wconf 60' lang='lat'><strong>510⁰.</strong></span> <span class='ocrx_word' id='word_1_262' title='bbox 387 3575 524 3643; x_wconf 75' lang='lat' dir='ltr'>iudicabat]</span> <span class='ocrx_word' id='word_1_263' title='bbox 544 3579 606 3639; x_wconf 74' lang='lat' dir='ltr'>Reg.</span> <span class='ocrx_word' id='word_1_264' title='bbox 624 3578 693 3624; x_wconf 82' lang='lat' dir='ltr'>Leid.</span> <span class='ocrx_word' id='word_1_265' title='bbox 711 3594 758 3638; x_wconf 85' lang='lat' dir='ltr'>pro</span> <span class='ocrx_word' id='word_1_266' title='bbox 777 3580 864 3625; x_wconf 83' lang='lat' dir='ltr'>iudicat</span> <span class='ocrx_word' id='word_1_267' title='bbox 880 3580 938 3626; x_wconf 86' lang='lat' dir='ltr'>Em.</span> <span class='ocrx_word' id='word_1_268' title='bbox 972 3580 1049 3628; x_wconf 83' lang='lat' dir='ltr'>Recto</span> <span class='ocrx_word' id='word_1_269' title='bbox 1066 3595 1092 3627; x_wconf 84' lang='lat' dir='ltr'>sc</span> <span class='ocrx_word' id='word_1_270' title='bbox 1109 3580 1183 3628; x_wconf 85' lang='lat' dir='ltr'>babet</span> <span class='ocrx_word' id='word_1_271' title='bbox 1199 3581 1308 3642; x_wconf 76' lang='lat' dir='ltr'>impert:</span> <span class='ocrx_word' id='word_1_272' title='bbox 1321 3588 1375 3625; x_wconf 59' lang='lat' dir='ltr'>sear</span> 
     </span>
     <span class='ocr_line' id='line_1_34' title="bbox 214 3662 1375 3724; baseline 0.001 -16"><span class='ocrx_word' id='word_1_273' title='bbox 214 3669 281 3708; x_wconf 83' lang='lat' dir='ltr'>tores</span> <span class='ocrx_word' id='word_1_274' title='bbox 299 3662 362 3709; x_wconf 87' lang='lat' dir='ltr'>enim</span> <span class='ocrx_word' id='word_1_275' title='bbox 380 3663 470 3709; x_wconf 84' lang='lat' dir='ltr'>iudices</span> <span class='ocrx_word' id='word_1_276' title='bbox 487 3662 617 3719; x_wconf 82' lang='lat' dir='ltr'>sedebant,</span> <span class='ocrx_word' id='word_1_277' title='bbox 634 3665 690 3708; x_wconf 86' lang='lat' dir='ltr'>dum</span> <span class='ocrx_word' id='word_1_278' title='bbox 707 3664 766 3717; x_wconf 86' lang='lat' dir='ltr'>illa,</span> <span class='ocrx_word' id='word_1_279' title='bbox 785 3678 849 3724; x_wconf 86' lang='lat' dir='ltr'>quau</span> <span class='ocrx_word' id='word_1_280' title='bbox 867 3665 940 3720; x_wconf 86' lang='lat' dir='ltr'>fiunt,</span> <span class='ocrx_word' id='word_1_281' title='bbox 958 3670 1070 3723; x_wconf 76' lang='lat' dir='ltr'>aguntur.</span> <span class='ocrx_word' id='word_1_282' title='bbox 1088 3665 1115 3711; x_wconf 84' lang='lat' dir='ltr'>Z.</span> <span class='ocrx_word' id='word_1_283' title='bbox 1144 3666 1248 3713; x_wconf 83' lang='lat' dir='ltr'>Accedit</span> <span class='ocrx_word' id='word_1_284' title='bbox 1260 3666 1375 3720; x_wconf 72' lang='lat' dir='ltr'>hamore</span> 
     </span>
     <span class='ocr_line' id='line_1_35' title="bbox 213 3736 1374 3811; baseline 0.008 -22"><span class='ocrx_word' id='word_1_285' title='bbox 213 3758 261 3804; x_wconf 87' lang='lat' dir='ltr'>quo</span> <span class='ocrx_word' id='word_1_286' title='bbox 284 3744 415 3791; x_wconf 80' lang='lat' dir='ltr'>sententia:</span> <span class='ocrx_word' id='word_1_287' title='bbox 448 3749 584 3801; x_wconf 80' lang='lat' dir='ltr'>„acoatua‚</span> <span class='ocrx_word' id='word_1_288' title='bbox 602 3750 630 3794; x_wconf 91' lang='lat' dir='ltr'>ut</span> <span class='ocrx_word' id='word_1_289' title='bbox 647 3758 742 3811; x_wconf 83' lang='lat' dir='ltr'>semper</span> <span class='ocrx_word' id='word_1_290' title='bbox 759 3746 783 3792; x_wconf 91' lang='lat' dir='ltr'>iu</span> <span class='ocrx_word' id='word_1_291' title='bbox 801 3747 890 3793; x_wconf 87' lang='lat' dir='ltr'>talibus</span> <span class='ocrx_word' id='word_1_292' title='bbox 907 3747 959 3793; x_wconf 79' lang='lat' dir='ltr'>fieri</span> <span class='ocrx_word' id='word_1_293' title='bbox 976 3747 1087 3806; x_wconf 81' lang='lat' dir='ltr'>solebat,</span> <span class='ocrx_word' id='word_1_294' title='bbox 1104 3748 1237 3797; x_wconf 82' lang='lat' dir='ltr'>iudicabat.</span> <span class='ocrx_word' id='word_1_295' title='bbox 1254 3775 1288 3787; x_wconf 96' lang='lat'>-</span> <span class='ocrx_word' id='word_1_296' title='bbox 1304 3760 1331 3791; x_wconf 69' lang='lat' dir='ltr'>et</span> <span class='ocrx_word' id='word_1_297' title='bbox 1344 3736 1374 3797; x_wconf 82' lang='lat' dir='ltr'>tis]</span> 
     </span>
     <span class='ocr_line' id='line_1_36' title="bbox 217 3827 423 3887; baseline 0 -13"><span class='ocrx_word' id='word_1_298' title='bbox 217 3827 279 3887; x_wconf 76' lang='lat' dir='ltr'>Reg.</span> <span class='ocrx_word' id='word_1_299' title='bbox 298 3844 328 3873; x_wconf 72' lang='lat' dir='ltr'>eo</span> <span class='ocrx_word' id='word_1_300' title='bbox 343 3830 379 3873; x_wconf 82' lang='lat' dir='ltr'>dis</span> <span class='ocrx_word' id='word_1_301' title='bbox 397 3828 423 3881; x_wconf 88' lang='grc' dir='ltr'>Ζ,</span> 
     </span>
    </p>
   </div>
   <div class='ocr_carea' id='block_1_5' title="bbox 213 3931 1375 4176">
    <p class='ocr_par' dir='ltr' id='par_1_5' title="bbox 213 3931 1375 4176">
     <span class='ocr_line' id='line_1_37' title="bbox 279 3931 1373 4001; baseline -0.005 -21"><span class='ocrx_word' id='word_1_302' title='bbox 279 3933 291 3996; x_wconf 66' lang='lat' dir='ltr'>l</span> <span class='ocrx_word' id='word_1_303' title='bbox 310 3935 366 3982; x_wconf 90' lang='grc'><strong>101.</strong></span> <span class='ocrx_word' id='word_1_304' title='bbox 386 3938 442 3994; x_wconf 82' lang='lat' dir='ltr'>qnid</span> <span class='ocrx_word' id='word_1_305' title='bbox 462 3933 582 4001; x_wconf 66' lang='lat' dir='ltr'>expectas]</span> <span class='ocrx_word' id='word_1_306' title='bbox 599 3938 651 3984; x_wconf 77' lang='lat' dir='ltr'>Eri.</span> <span class='ocrx_word' id='word_1_307' title='bbox 669 3940 771 3999; x_wconf 77' lang='lat' dir='ltr'>Lagona.</span> <span class='ocrx_word' id='word_1_308' title='bbox 788 3940 830 3986; x_wconf 77' lang='lat'>29.</span> <span class='ocrx_word' id='word_1_309' title='bbox 854 3940 910 3999; x_wconf 82' lang='lat' dir='ltr'>quid</span> <span class='ocrx_word' id='word_1_310' title='bbox 928 3944 1017 3996; x_wconf 76' lang='lat' dir='ltr'>spectas</span> <span class='ocrx_word' id='word_1_311' title='bbox 1033 3938 1095 3999; x_wconf 74' lang='lat' dir='ltr'>ch.</span> <span class='ocrx_word' id='word_1_312' title='bbox 1113 3938 1191 3986; x_wconf 82' lang='lat' dir='ltr'>Laid.</span> <span class='ocrx_word' id='word_1_313' title='bbox 1221 3931 1373 3986; x_wconf 79' lang='lat' dir='ltr'>vemmtttrt:</span> 
     </span>
     <span class='ocr_line' id='line_1_38' title="bbox 221 4016 1375 4082; baseline 0.002 -21"><span class='ocrx_word' id='word_1_314' title='bbox 221 4031 300 4071; x_wconf 89' lang='lat' dir='ltr'>„nom</span> <span class='ocrx_word' id='word_1_315' title='bbox 319 4024 423 4075; x_wconf 75' lang='lat' dir='ltr'>spectare</span> <span class='ocrx_word' id='word_1_316' title='bbox 440 4022 472 4065; x_wconf 90' lang='lat' dir='ltr'>ad</span> <span class='ocrx_word' id='word_1_317' title='bbox 492 4021 647 4068; x_wconf 80' lang='lat' dir='ltr'>occasionem</span> <span class='ocrx_word' id='word_1_318' title='bbox 667 4023 769 4069; x_wconf 84' lang='lat' dir='ltr'>alieuius</span> <span class='ocrx_word' id='word_1_319' title='bbox 788 4022 882 4082; x_wconf 82' lang='lat' dir='ltr'>negotii</span> <span class='ocrx_word' id='word_1_320' title='bbox 895 4022 1056 4082; x_wconf 79' lang='lat' dir='ltr'>suscipiendi,</span> <span class='ocrx_word' id='word_1_321' title='bbox 1074 4027 1197 4082; x_wconf 66' lang='lat' dir='ltr'>expectare</span> <span class='ocrx_word' id='word_1_322' title='bbox 1215 4025 1247 4069; x_wconf 89' lang='lat' dir='ltr'>ad</span> <span class='ocrx_word' id='word_1_323' title='bbox 1269 4016 1375 4066; x_wconf 61' lang='lat' dir='ltr'>auxilium</span> 
     </span>
     <span class='ocr_line' id='line_1_39' title="bbox 213 4099 1011 4176; baseline 0.009 -33"><span class='ocrx_word' id='word_1_324' title='bbox 213 4100 284 4172; x_wconf 76' lang='lat' dir='ltr'>quod</span> <span class='ocrx_word' id='word_1_325' title='bbox 304 4099 373 4152; x_wconf 82' lang='lat' dir='ltr'>nobis</span> <span class='ocrx_word' id='word_1_326' title='bbox 391 4100 503 4147; x_wconf 74' lang='lat' dir='ltr'>atie-unus</span> <span class='ocrx_word' id='word_1_327' title='bbox 521 4108 645 4150; x_wconf 85' lang='lat' dir='ltr'>venturum</span> <span class='ocrx_word' id='word_1_328' title='bbox 663 4119 803 4162; x_wconf 77' lang='lat' dir='ltr'>speramus,</span> <span class='ocrx_word' id='word_1_329' title='bbox 821 4107 935 4176; x_wconf 78' lang='lat' dir='ltr'>pertinet.</span> <span class='ocrx_word' id='word_1_330' title='bbox 943 4108 959 4131; x_wconf 85' lang='lat'>“</span> <span class='ocrx_word' id='word_1_331' title='bbox 979 4106 1011 4152; x_wconf 84' lang='lat' dir='ltr'>Z.&#39;</span> 
     </span>
    </p>
   </div>
   <div class='ocr_carea' id='block_1_6' title="bbox 212 4201 1375 4358">
    <p class='ocr_par' dir='ltr' id='par_1_6' title="bbox 212 4201 1375 4358">
     <span class='ocr_line' id='line_1_40' title="bbox 281 4201 1375 4277; baseline 0.005 -25"><span class='ocrx_word' id='word_1_332' title='bbox 281 4205 293 4266; x_wconf 66' lang='lat' dir='ltr'>l</span> <span class='ocrx_word' id='word_1_333' title='bbox 320 4209 377 4253; x_wconf 70' lang='grc'><strong>109.</strong></span> <span class='ocrx_word' id='word_1_334' title='bbox 397 4221 438 4251; x_wconf 83' lang='lat' dir='ltr'>nec</span> <span class='ocrx_word' id='word_1_335' title='bbox 452 4207 545 4270; x_wconf 80' lang='lat' dir='ltr'>uidisse]</span> <span class='ocrx_word' id='word_1_336' title='bbox 564 4210 624 4269; x_wconf 77' lang='lat' dir='ltr'>lleg.</span> <span class='ocrx_word' id='word_1_337' title='bbox 645 4211 712 4257; x_wconf 80' lang='lat' dir='ltr'>Leid.</span> <span class='ocrx_word' id='word_1_338' title='bbox 733 4226 803 4270; x_wconf 79' lang='lat' dir='ltr'>neqrre</span> <span class='ocrx_word' id='word_1_339' title='bbox 827 4227 848 4258; x_wconf 86' lang='lat' dir='ltr'>n.</span> <span class='ocrx_word' id='word_1_340' title='bbox 870 4212 927 4258; x_wconf 87' lang='lat' dir='ltr'>Em.</span> <span class='ocrx_word' id='word_1_341' title='bbox 948 4213 975 4258; x_wconf 85' lang='lat' dir='ltr'>Z.</span> <span class='ocrx_word' id='word_1_342' title='bbox 989 4238 1023 4250; x_wconf 91' lang='lat'>-</span> <span class='ocrx_word' id='word_1_343' title='bbox 1039 4228 1070 4259; x_wconf 79' lang='lat' dir='ltr'>ou</span> <span class='ocrx_word' id='word_1_344' title='bbox 1087 4211 1191 4277; x_wconf 73' lang='lat' dir='ltr'>minicae]</span> <span class='ocrx_word' id='word_1_345' title='bbox 1213 4216 1272 4274; x_wconf 75' lang='lat' dir='ltr'>Reg.</span> <span class='ocrx_word' id='word_1_346' title='bbox 1288 4201 1375 4258; x_wconf 54' lang='lat' dir='ltr'>Laid]-</span> 
     </span>
     <span class='ocr_line' id='line_1_41' title="bbox 212 4289 1375 4358; baseline 0.011 -23"><span class='ocrx_word' id='word_1_347' title='bbox 212 4302 260 4347; x_wconf 84' lang='lat' dir='ltr'>pro</span> <span class='ocrx_word' id='word_1_348' title='bbox 278 4294 303 4334; x_wconf 85' lang='lat' dir='ltr'>at</span> <span class='ocrx_word' id='word_1_349' title='bbox 318 4305 364 4346; x_wconf 50' lang='lat' dir='ltr'>mm</span> <span class='ocrx_word' id='word_1_350' title='bbox 381 4290 416 4338; x_wconf 85' lang='lat' dir='ltr'>ito</span> <span class='ocrx_word' id='word_1_351' title='bbox 437 4299 464 4339; x_wconf 90' lang='lat' dir='ltr'>ut</span> <span class='ocrx_word' id='word_1_352' title='bbox 480 4292 643 4354; x_wconf 75' lang='lat' dir='ltr'>iuterrogatio</span> <span class='ocrx_word' id='word_1_353' title='bbox 664 4294 805 4354; x_wconf 82' lang='lat' dir='ltr'>excipiatur</span> <span class='ocrx_word' id='word_1_354' title='bbox 825 4296 1036 4358; x_wconf 80' lang='lat' dir='ltr'>interrogatione,</span> <span class='ocrx_word' id='word_1_355' title='bbox 1054 4312 1088 4345; x_wconf 84' lang='lat' dir='ltr'>cx</span> <span class='ocrx_word' id='word_1_356' title='bbox 1109 4299 1184 4347; x_wconf 81' lang='lat' dir='ltr'>Tullii</span> <span class='ocrx_word' id='word_1_357' title='bbox 1202 4313 1253 4347; x_wconf 77' lang='lat' dir='ltr'>usu.</span> <span class='ocrx_word' id='word_1_358' title='bbox 1270 4318 1306 4335; x_wconf 91' lang='lat'>-</span> <span class='ocrx_word' id='word_1_359' title='bbox 1326 4289 1375 4339; x_wconf 61' lang='lat'><em>⁰51⁰·</em></span> 
     </span>
    </p>
   </div>
   <div class='ocr_carea' id='block_1_7' title="bbox 0 0 1432 4759">
    <p class='ocr_par' dir='ltr' id='par_1_7' title="bbox 0 0 1432 4759">
     <span class='ocr_line' id='line_1_42' title="bbox 0 0 1432 4759; baseline 0 0"><span class='ocrx_word' id='word_1_360' title='bbox 0 0 1432 4759; x_wconf 95' lang='lat' dir='ltr'> </span> 
     </span>
    </p>
   </div>
  </div>
 </body>
</html>
