2850 4759
211 291 382 361 ortano
407 293 491 363 rao
517 294 555 360 a.
579 226 828 371 naturane,
852 317 883 362 c.
907 299 926 361 a
946 310 979 363 a
1000 299 1027 363 a.
1148 299 1206 363 aar

32 457 62 521 in
83 454 161 521 foro
188 442 359 530 dicerem.
391 453 509 523 codem
538 455 695 523 audiente
720 468 755 523 et
782 456 992 539 disceptante
1021 470 1069 544 te,
1101 480 1204 541 quan·

32 572 94 624 tam
128 557 215 625 rrrilri
250 557 458 626 alacritatem
498 559 614 642 populi
647 560 789 627 Rotnani
823 582 1011 631 concursus
1050 563 1203 631 afferret!

31 664 112 753 Quis
135 666 230 730 enim
258 663 339 731 ciris
361 663 390 729 ei
411 663 481 743 regi
508 685 575 730 non
599 663 747 742 faveret,
780 665 875 732 errius
897 686 1033 731 omnem
1058 678 1203 734 aetatem

30 771 60 833 iu
79 767 200 850 populi
220 769 364 835 Rotnani
386 765 479 835 bellis
498 782 736 851 consumptam
754 790 829 836 esse
847 769 1083 836 meiniiiissett
1123 770 1204 852 Spe·

30 885 155 954 ctarem
190 874 339 949 curiam,
373 872 523 938 intuerer
552 872 683 950 forum,
727 872 857 939 caelum
891 873 1034 956 denique
1063 886 1203 941 testarer

30 976 151 1057 ipsum.
196 975 254 1043 Sic
263 986 274 1062 ,'
297 999 373 1042 curn
392 989 427 1043 et
448 974 589 1044 deorum
608 975 853 1044 immortalium
875 991 908 1043 et
926 978 1040 1060 populi
1061 978 1203 1045 Romani

30 1092 59 1144 et
81 1092 226 1147 senatus
254 1078 414 1147 beneficia
437 1082 472 1146 in
495 1100 609 1160 regem
637 1079 1077 1158 Deiotarumrecordarer,
1109 1080 1202 1149 nullo

31 1182 127 1250 roardo
154 1183 242 1250 milri
267 1185 387 1252 deesse
410 1195 528 1268 posset
548 1166 688 1251 oratius
712 1184 809 1275 Quae
830 1187 987 1267 quorriam
1009 1185 1203 1264 angustiora
1223 1196 1243 1259 7

30 1286 169 1364 parietes
194 1289 345 1374 faciunt,
379 1289 537 1373 actioque
560 1290 729 1356 maximae
754 1310 876 1357 causae
900 1287 1091 1355 debilitatur·
1112 1287 1201 1366 loco,

31 1404 119 1457 mum
141 1404 220 1476 est,
258 1373 403 1471 Caesar,
435 1393 492 1477 qui
512 1416 574 1476 pro
600 1391 714 1460 multis
736 1414 835 1476 saepe
858 1392 988 1476 dixisti,
1020 1392 1099 1476 quid
1121 1392 1201 1471 milri

30 1514 109 1560 nunc
125 1497 319 1577 artiori-sit,
340 1495 382 1563 ad
403 1498 563 1580 teipsum
585 1497 732 1576 referres
753 1520 819 1580 quo
840 1496 972 1563 facilius
992 1517 1070 1562 eum
1090 1498 1202 1579 aequi,

31 1609 74 1662 tas
103 1611 180 1685 tua,
215 1614 297 1669 tum-
317 1599 475 1669 audiendi
506 1598 677 1682 diligentia
706 1603 836 1668 minuat
864 1600 948 1667 hanc
976 1601 1201 1683 perturbatio·

31 1694 97 1767 nem
127 1725 257 1770 ineam·
296 1705 366 1772 Sed
397 1718 576 1790 uniloquam
610 1705 651 1774 de
685 1708 902 1776 accusatione
930 1706 1002 1788 ipsa
1031 1704 1125 1776 dico.
1159 1704 1200 1771 de

33 1819 266 1875 accusatorum
291 1829 351 1891 spe
376 1830 485 1890 pauca
506 1809 630 1876 dicam.
673 1808 740 1899 Qui
765 1832 843 1877 cum
865 1810 1043 1876 videantur
1065 1830 1127 1875 nec
1152 1810 1202 1875 in*

33 1909 119 1983 genio
143 1931 210 1979 nec
236 1933 300 1979 usu
330 1925 429 1996 atque
456 1914 700 1982 exercitatione
726 1938 840 1980 reruni
866 1913 997 1989 valere,
1021 1926 1132 1979 tamen
1158 1912 1199 1978 ad

36 2006 110 2076 hane
128 2034 270 2083 eausam
296 2036 363 2083 non
383 2022 456 2084 sine
480 2016 590 2100 aliqua
613 2039 674 2101 spe
699 2031 733 2085 et
753 2018 959 2098 cogitatione
982 2028 1157 2082 venerunt.

102 2118 162 2184 111.
207 2119 336 2187 lratum
372 2133 403 2186 te
434 2123 507 2202 regi
530 2123 689 2188 Deiotaro
718 2123 824 2189 luisse
855 2134 1050 2188 non-erant
1077 2120 1240 2198 nescii'3‘8

37 2218 183 2290 aisceturn
215 2222 314 2292 illum
338 2226 538 2308 quibusdam
563 2225 789 2293 incommodis
821 2239 854 2292 et
884 2225 1094 2293 detrimentis
1123 2246 1200 2306 pro-

38 2332 101 2399 tler
130 2327 356 2396 offensionem
385 2330 486 2396 animi
517 2329 564 2394 tui
594 2328 836 2408 memineraut3
871 2331 983 2412 [teque
1012 2350 1089 2393 curn
1122 2328 1199 2393 huic

38 2422 161 2506 iratum,
191 2444 264 2499 turn
290 2433 350 2501 sibi
377 2436 524 2501 amicum
547 2456 621 2503 esse
649 2434 917 2515 cognoverant3]
943 2452 1088 2515 cumque
1109 2432 1198 2513 apud

39 2526 134 2609 ipsum
155 2546 187 2602 te
207 2535 250 2603 de
268 2548 326 2604 tuo
344 2537 496 2620 periculo
513 2537 681 2620 dicerent,
705 2538 778 2606 fore
795 2540 977 2623 putabant,
999 2549 1036 2602 ut
1054 2539 1086 2602 in
1103 2534 1198 2601 exul-

39 2648 140 2704 cerato
169 2641 285 2708 animo
318 2642 416 2709 facile
444 2645 559 2712 fictum
592 2646 720 2711 crimen
750 2642 922 2710 insideret.
966 2642 1196 2732 Quamobrem

41 2731 94 2802 lure
117 2765 179 2813 nos
205 2747 373 2827 primum,
396 2750 538 2824 Caesar.
561 2762 672 2827 metu,
693 2771 754 2831 per·
781 2747 881 2815 fidem
911 2760 944 2814 et
972 2746 1196 2814 constantiam

41 2851 68 2903 et
84 2865 139 2923 per
159 2848 374 2918 clementiam
392 2866 501 2947 tuam.
531 2854 653 2934 libera,
676 2877 717 2921 ne
733 2852 881 2921 residere
899 2853 932 2918 in
953 2865 984 2917 te
1001 2848 1103 2915 ullam
1122 2870 1198 2931 par·

42 2960 220 2984 5——

97 3026 108 3088 1
128 3031 150 3078 7.
170 3036 286 3082 maximae
309 3034 400 3097 causae]
425 3035 471 3082 eil).
498 3037 589 3094 idest,
615 3040 688 3099 longa
704 3037 876 3101 gravissimae,
902 3038 1000 3094 quanta,
1025 3033 1102 3095 inquit
1126 3032 1137 3094 1
1156 3033 1197 3088 5.,

43 3112 208 3179 ruthenorum
229 3124 256 3166 s'rr
277 3124 441 3179 disceptatione
464 3127 554 3168 uersata
579 3127 629 3177 ests
652 3122 734 3185 sicque
757 3120 918 3176 Quintilianus
943 3119 985 3176 ¹2,
1006 3119 1049 3171 tu,
1067 3118 1108 3162 63.
1125 3131 1197 3175 genus

42 3194 143 3261 (licendi)
161 3208 301 3252 maximis
317 3208 439 3266 quibusque
455 3208 530 3267 causis
549 3207 818 3251 accommodatissimum.
836 3219 903 3251 causa
920 3205 1021 3249 maxime
1040 3201 1097 3264 (sic)
1116 3202 1144 3247 tt.
1161 3227 1197 3240 -

43 3282 90 3329 mili
108 3290 173 3349 aare]
191 3292 239 3338 alb.
275 3291 316 3339 stc
336 3291 412 3351 magis
433 3292 510 3337 elucet
524 3291 651 3351 oppositio
672 3272 731 3337 milti
751 3286 779 3352 )(
798 3293 828 3336 od
844 3294 867 3335 te
882 3293 963 3349 ipsum.
980 3303 1038 3335 aune
1054 3289 1113 3333 matt
1121 3287 1150 3333 E.
1163 3312 1196 3328 ω

44 3377 84 3409 itm
103 3375 212 3438 aequitas]
235 3378 280 3423 alb.
302 3377 358 3422 Huc
380 3376 448 3422 unice
472 3381 561 3422 rectum
581 3391 631 3421 esse
654 3376 713 3423 scite
734 3375 907 3422 demonstrarit
924 3373 1087 3432 Stucrenburg
1102 3375 1133 3419 ad
1149 3372 1195 3418 Ar-

44 3447 140 3502 ‘llffllflm
156 3475 180 3520 p.
202 3463 257 3507 176.
277 3467 323 3507 tum
341 3477 390 3521 aeq.
411 3461 440 3506 E.
453 3476 583 3505 -uecn
596 3456 645 3523 uec]
671 3461 701 3507 el.
718 3475 832 3519 sequen
845 3473 914 3518 raeque
932 3459 955 3505 b.
973 3458 1001 3505 E.
1018 3483 1048 3496 -
1062 3473 1102 3503 usu
1118 3473 1196 3504 rerum

45 3536 100 3592 “litt
114 3549 273 3592 exercitatione
295 3546 398 3593 Ernestii
414 3536 519 3605 suspicio
536 3560 551 3590 a
568 3544 695 3591 Sclruetzio
714 3551 821 3605 recepta.

47 3655 51 3661 ·
100 3627 152 3691 18.
170 3639 278 3698 afflictum
297 3640 328 3686 el.
345 3640 482 3685 Steinmetz.
520 3639 606 3684 Verum
628 3639 675 3685 hoc
694 3641 791 3686 verbum
809 3639 918 3694 minime,
936 3646 961 3685 ut
980 3638 1009 3684 V.
1023 3638 1053 3684 D.
1071 3638 1194 3700 opinatur,

47 3714 154 3764 motatio
174 3729 223 3779 est,
248 3726 289 3770 scd
313 3724 381 3771 nimia
398 3723 555 3776 invidiosum,
583 3737 654 3784 quarn
675 3729 700 3768 ut
722 3736 805 3768 coram
826 3721 932 3768 Caesare
953 3736 1069 3782 usurpare
1088 3722 1195 3781 potuerit

48 3803 126 3848 uratur.
167 3808 222 3854 scit.
244 3808 372 3855 Steinmetz
395 3815 512 3854 natusest
534 3808 670 3868 siguificare
690 3808 792 3861 latratus
818 3813 879 3853 esset
896 3813 976 3853 autera
996 3807 1194 3863 daniedergeoeor·

45 3874 86 3930 sm·
100 3907 130 3924 —
150 3894 246 3939 anteum
265 3893 322 3955 esee]
349 3894 396 3940 elb.
421 3895 519 3939 amicum
538 3893 568 3939 13.
604 3893 664 3938 Cum
685 3892 811 3952 Madvigio
834 3893 938 3957 Opusec.
952 3955 955 3963 Ι
962 3906 987 3951 ρ.
1016 3891 1070 3936 tas.
1092 3898 1194 3950 propter

49 3971 163 4021 sententiae
179 3980 323 4039 pravitatem
340 3980 387 4026 lioc
407 3978 505 4025 incisum
523 3975 566 4040 []
601 3978 663 4024 Mox
682 3980 785 4036 quodque
804 3991 850 4038 pro
868 3992 959 4035 cumque
977 3976 1044 4020 03¹.
1062 3975 1110 4020 dno
1125 3976 1193 4029 Lam·

50 4041 89 4093 1111
105 4054 175 4108 codd,
194 4071 217 4109 et
235 4078 299 4110 maus
321 4064 385 4109 b..-
402 4065 499 4117 Cmar,
517 4058 633 4124 rnetu1el.
653 4066 725 4116 metu,
747 4063 830 4107 Caesar
847 4061 869 4106 b.
884 4065 956 4112 rnatu,
978 4061 1001 4104 C.
1024 4057 1146 4103 CaesarE.
1160 4081 1193 4093 -
1246 4100 1248 4104 .
1328 4109 1330 4112 ⁴

47 4140 242 4211 terrenitatum]
261 4150 292 4196 el.
312 4151 452 4195 cterrrerrtt'am
473 4150 496 4196 b.
520 4148 549 4195 tt.
572 4172 601 4183 —
627 4150 694 4192 istam
714 4145 746 4207 te]
769 4145 815 4193 ells.
836 4149 856 4190 te
874 4147 941 4189 utam
961 4143 990 4188 E.
1024 4142 1136 4187 Nondum
1155 4155 1192 4185 me

52 4233 221 4266 κὴ·-
481 4272 483 4275 .

106 4304 154 4366 18·
172 4313 290 4375 afflictum]
315 4318 344 4362 de
365 4315 446 4363 Diria.
467 4316 498 4369 ἵ,
516 4315 557 4361 st.
593 4314 719 4359 Deiotarus
750 4313 870 4358 Caesarem
893 4308 971 4354 eodem
990 4314 1091 4364 tempore
1108 4311 1131 4351 et
1151 4309 1193 4350 to·

54 4382 99 4428 stem
114 4393 134 4434 ct
150 4395 260 4456 torpetem
282 4399 346 4446 uidit.
390 4399 449 4453 Quia
467 4399 511 4443 doe
530 4399 642 4447 siracusa
659 4398 686 4444 ta
704 4411 754 4443 eum
770 4398 793 4441 ei
810 4396 964 4452 Tragasaeum
981 4393 1129 4437 tetrarchiam
1146 4392 1192 4436 eri·
