2850 4759
163 925 260 1056 m.»
288 976 563 1057 runnu
607 975 1035 1058 crcunours
1069 913 1074 924 ‘

579 1158 620 1207 IN

63 1249 1145 1444 tonstrinam

307 1529 886 1587 ouartouasounrruoa

442 1687 745 1711 ...ψ-

451 1842 731 1909 PRAEFATIO.

100 2000 183 2069 inter
208 2014 263 2071 tot
291 2000 506 2081 orationum,
532 2023 619 2087 quae
640 2013 719 2069 sunt
740 2002 773 2070 in
794 2001 991 2080 Catilinam,
1013 2003 1175 2074 editiones
1247 2081 1251 2086 ,

40 2101 111 2172 nulla
134 2104 242 2174 adhuc
273 2117 369 2173 catat
393 2104 433 2172 ad
470 2107 676 2190 optimorum
704 2106 861 2173 codicum
891 2107 1051 2175 familiam
1077 2131 1176 2176 accu-

21 2207 124 2275 ratius
144 2222 280 2288 exactor
300 2230 376 2276 nam
402 2229 488 2293 quae
511 2208 665 2291 proxime
690 2208 732 2275 ad
757 2208 844 2276 hanc
866 2208 999 2277 laudem
1028 2212 1175 2289 accedit,

41 2306 293 2391 Steinuretziana,
315 2334 355 2379 eo
380 2324 491 2379 tamen
513 2312 647 2379 nomine
669 2312 778 2380 minus
803 2311 923 2379 idonea
944 2313 1077 2380 videtur
1100 2318 1176 2382 usui

40 2412 152 2494 critico,
185 2415 278 2499 quod
306 2414 505 2499 plerumque
535 2414 574 2482 iis
607 2426 737 2483 tautum
767 2414 869 2495 toris,
903 2416 961 2484 ubi
989 2416 1109 2484 Editor
1135 2418 1182 2484 ab.

40 2511 171 2587 Ernestio
190 2522 251 2590 sibi
276 2518 515 2588 discedendum
537 2538 612 2587 csse
632 2518 746 2605 duxit,
766 2519 919 2588 lectionis
941 2521 1177 2588 auctoritatem

42 2618 134 2703 affertt
150 2626 196 2691 ita
212 2638 250 2693 ut
271 2626 303 2691 in
320 2624 393 2693 aliis
409 2622 605 2707 permultis,
627 2623 705 2707 quid
723 2625 793 2692 suis
814 2625 847 2691 in
865 2622 973 2692 Codd.
992 2627 1179 2708 reppererit
1252 2703 1255 2712 x

42 2720 81 2788 vir
103 2724 232 2807 doctus,
269 2726 367 2812 plane
392 2748 455 2796 uos
482 2728 602 2808 fugiat.
653 2727 757 2809 Atqui
786 2726 819 2793 in
847 2726 953 2794 uibus
978 2727 1178 2810 praesertim

42 2829 257 2902 posterioribus
275 2832 481 2900 orationibus
498 2828 641 2898 multum
661 2831 821 2898 intererat
834 2829 942 2908 scire,
963 2830 1041 2915 quid
1061 2830 1179 2913 optimi

43 2927 140 3012 quique
159 2932 230 3002 libri
256 2934 465 3004 exhiberent·
853 2933 858 2941 ’

102 3032 180 3103 Huic
201 3040 304 3120 igitur
324 3036 541 3108 urconunodo
565 3036 691 3104 mederi
711 3035 845 3105 tandem
867 3035 985 3115 statui,
1012 3035 1179 3103 tota-ov).-
1275 3032 1277 3038 '

44 3127 105 3222 ³⁰73]
121 3140 218 3210 tribus
235 3164 282 3210 ex
303 3143 474 3210 codicibus
495 3141 792 3224 praestantissimis
813 3138 990 3208 emendata
1009 3139 1180 3206 omnibus·

45 3253 94 3312 (lue
111 3259 220 3312 eorum
249 3243 449 3312 lectionibus
474 3246 628 3312 enotatis.
669 3243 720 3311 lta
743 3245 870 3311 factum
895 3255 961 3323 est,
981 3255 1019 3311 ut
1041 3264 1180 3325 perraro
1272 3312 1275 3319 f

46 3334 161 3411 aliorum
180 3348 287 3415 Codri.
306 3347 502 3432 appellanda
520 3360 610 3417 esset
630 3351 831 3428 auctoritas,
853 3349 915 3416 uisi
936 3347 990 3414 ubi
1007 3356 1180 3430 praestare
1255 3433 1259 3438 4

46 3439 188 3515 videretur
212 3452 515 3522 Grammaticorum
545 3464 716 3532 veterum,
746 3452 951 3521 scholiastae
979 3464 1014 3518 et
1037 3449 1120 3544 Qod.
1148 3452 1188 3536 in

46 3543 137 3705 {timis
166 3552 425 3637 salisburgensis
456 3556 530 3627 Sec.
553 3558 599 3626 Χ.
627 3553 682 3624 vel
714 3555 775 3625 xt.
804 3556 894 3641 apud
926 3556 1181 3626 Steinmetziuru

56 3659 134 3720 ecto.

247 3762 317 3832 Mei
341 3777 454 3832 nutem
480 3763 632 3834 bisunt:

48 3949 54 3961 .
106 3857 137 3937 ¹)
156 3862 193 3934 Τ.
206 3889 244 3925 =
258 3869 521 3949 Jl'egernseeusis
542 3873 647 3947 (nuno
660 3868 893 3944 Monacensis)
914 3864 1063 3937 Sec-XI.
1087 3890 1182 3939 ame

47 3970 103 4032 ¹t80
123 3981 194 4045 post
220 3970 475 4041 Steinmetzium
505 3972 616 4041 denuo
640 3963 993 4052 wintoniensium
1017 3972 1184 4041 Salisbur·

49 4064 304 4143 beniaminae
331 4078 552 4148 auctoritatis.

108 4170 136 4243 ²)
157 4175 190 4241 R.
203 4200 240 4235 =
254 4178 520 4261 Rhenaugieusis
537 4180 733 4248 monasterii
750 4180 785 4246 in
803 4202 890 4263 pago
907 4179 1082 4248 Turicensi
1099 4176 1181 4244 eod.

50 4256 83 4329 Ν.
102 4268 259 4352 cxxvii.
287 4283 360 4354 See.
384 4284 447 4353 xt
471 4282 711 4363 tirrannum
743 4287 823 4352 neu
851 4306 871 4352 a
896 4306 950 4353 me
978 4285 1051 4366 ipso
1076 4278 1187 4348 cora..

52 4370 108 4450 ¹¹¹⁸,
123 4396 312 4467 permagnos
333 4386 555 4459 auctoritatis.
