2850 4759
215 287 275 356 'tto
677 283 910 353 CICERONIS

175 452 196 514 8
216 446 305 534 qrrod
329 446 493 533 treferium
515 459 670 530 stuprum
686 468 754 514 non
768 467 829 529 per
842 443 966 513 illum?
1005 445 1076 513 lam
1092 465 1175 512 vero
1190 455 1276 529 mae
1290 457 1384 540 tarta,

215 569 362 636 nuquam
392 555 423 618 iu
452 551 519 620 ullo
549 552 683 619 homine
704 539 1065 619 iuventutis'ittecebra
1085 550 1168 637 fuit,
1204 563 1326 634 quanta
1344 551 1372 617 in

172 677 175 682 ’
214 656 301 725 ittet
330 658 388 741 qui
407 656 490 724 alios
512 658 582 739 ipse
604 657 737 724 amabat
758 656 969 744 turpissime,
990 654 1135 722 aliorum
1157 654 1268 721 amori
1289 654 1372 734 flagi·

215 761 397 834 tiosissirne
417 760 601 835 serviebat,
638 758 710 827 aliis
738 759 887 827 fructum
917 755 1108 844 libidinum,
1139 755 1212 826 aliis
1236 770 1370 825 mortem

216 879 390 948 parentruu
427 886 494 931 nou
523 862 624 930 modo
651 862 871 946 impellendo,
906 884 1023 929 verum
1053 863 1153 928 etiam
1186 859 1369 929 adiuvando

213 967 446 1051 pollicebatur.
487 968 585 1060 Nune
612 987 693 1034 vero
723 988 822 1049 quarn
850 966 963 1034 subito
988 987 1057 1033 non
1084 966 1197 1033 solum
1220 986 1268 1032 ex
1288 966 1371 1042 urbe,

213 1093 332 1139 verum
354 1072 454 1138 etiaur
477 1091 520 1137 ex
535 1071 641 1157 agris,
664 1071 833 1152 ingentem
849 1092 1027 1137 numerum
1043 1068 1258 1154 perditorum
1273 1068 1371 1137 homi·

212 1198 293 1243 num
315 1173 526 1256 eollegerat?
568 1174 677 1241 Nemo
704 1196 773 1241 non
800 1172 903 1241 modo
931 1174 1079 1248 Romae,
1113 1157 1172 1240 se'd
1197 1174 1289 1257 [nec]
1310 1173 1369 1241 ullo

211 1280 245 1346 in
267 1278 390 1359 angulo
415 1278 517 1346 totius
533 1277 647 1345 ltaliae
667 1295 851 1360 oppressus
872 1296 950 1343 aere
970 1275 1078 1343 alieno
1093 1276 1176 1356 fuit,
1196 1300 1299 1361 quern
1314 1300 1370 1344 uon

212 1382 254 1451 ad
275 1381 341 1450 boo
361 1381 554 1451 incredibile
574 1380 711 1450 sceleris
732 1379 854 1448 foedus
875 1378 1064 1448 adsciverit.

171 1501 191 1563 9
289 1489 336 1550 V.
378 1488 487 1570 Atque
507 1498 545 1553 nt
565 1486 636 1560 eius
658 1483 792 1552 diversa
812 1482 926 1551 studia
939 1484 972 1551 in
987 1481 1139 1556 dissimili
1154 1484 1289 1551 ratione
1303 1503 1370 1567 per·

210 1589 340 1671 spicere
362 1591 517 1672 possitis,
538 1611 638 1657 nemo
659 1600 711 1656 cst
731 1590 764 1656 in
785 1586 866 1656 ludo
887 1585 1087 1669 gladiatorio
1108 1586 1224 1670 paullo
1240 1586 1284 1656 ad
1298 1588 1370 1654 faci-

210 1713 274 1760 nus
296 1692 474 1774 audacior,
509 1694 565 1778 qui
592 1713 628 1761 se
654 1715 723 1760 nou
749 1692 904 1759 intimum
927 1690 1091 1759 Catilinae
1116 1711 1191 1758 esse
1212 1690 1369 1766 fateatur;

209 1816 308 1862 nemo
331 1797 363 1863 iu
383 1818 483 1882 scena
505 1795 612 1874 levior
632 1808 665 1863 et
685 1791 857 1881 nequior,
877 1794 932 1879 qui
953 1784 990 1862 se
1010 1818 1078 1875 non
1099 1793 1253 1862 eiusdem
1274 1814 1369 1877 propa

209 1898 362 1967 sodalem
384 1900 488 1969 fuisse
509 1892 766 1984 commemoret.
809 1901 919 1982 Atque
940 1897 1029 1965 idem
1053 1909 1164 1965 tamen
1178 1909 1368 1981 stuprorum
1410 1923 1411 1926 ¹

209 2015 243 2069 et
263 2002 429 2071 srelernrn
451 2004 697 2070 exercitatione
712 2001 923 2071 assuefactus
945 2001 1065 2082 frigori
1093 2012 1126 2068 et
1151 2001 1235 2068 fami
1262 2014 1297 2069 et
1321 2002 1368 2069 siti

144 2165 147 2172 .
209 2118 243 2172 ct
263 2105 383 2186 vigiliis
405 2103 632 2190 perferendis,
653 2106 753 2173 fortis
774 2106 814 2173 ab
835 2107 907 2173 istis
927 2103 1203 2191 praedicabatur,
1226 2126 1305 2173 cum
1325 2110 1367 2173 in··

208 2199 356 2277 dustriae
375 2210 522 2278 subsidia
544 2224 643 2294 atque
663 2209 885 2276 iustrumenta
908 2209 1040 2275 virtutis
1062 2210 1095 2275 in
1115 2206 1253 2276 libidine
1273 2207 1366 2277 autli-

148 2318 187 2383 lb
208 2315 634 2410 ciaque,consumerentur.
675 2313 775 2380 Hunc
795 2333 876 2380 vero
897 2313 925 2380 si
947 2312 1054 2379 secuti
1076 2322 1176 2378 eruut
1197 2313 1250 2379 sui
1272 2315 1367 2381 conri-

209 2431 279 2498 tes·,
317 2421 416 2486 siex
445 2420 528 2485 urbe
558 2416 700 2483 exierint
729 2415 985 2500 desperatorum
1015 2414 1189 2483 hominurn
1220 2416 1367 2498 flagitiosi

207 2544 351 2603 greges:
384 2546 405 2588 o
428 2543 488 2588 nos
509 2522 643 2598 beatos,
665 2542 685 2587 o
709 2541 778 2586 rem
800 2518 968 2603 publicam
990 2518 1213 2598 fortunatam,
1236 2543 1256 2587 o
1278 2541 1366 2604 prac-
1388 2515 1393 2534 ’

206 2623 332 2690 claram
347 2622 488 2689 laudem
511 2621 706 2691 consulatus
728 2623 810 2690 urei!
851 2622 926 2689 Non
948 2624 1036 2689 eninr
1057 2624 1123 2690 iarn
1145 2635 1226 2691 sunt
1247 2624 1365 2692 medio·
1409 2633 1410 2644 ¹

208 2748 283 2793 cres
306 2727 477 2793 bominum
499 2725 670 2807 libidines,
697 2751 765 2795 non
786 2725 952 2794 humanae
974 2725 1133 2794 audaciae
1160 2747 1201 2793 ao
1231 2727 1366 2795 toleran-

206 2829 284 2896 dae:
320 2828 401 2896 nibil
429 2831 580 2912 cogitant
605 2830 668 2897 nisi
689 2830 828 2909 caedes,
856 2830 920 2898 nisi
940 2829 1114 2908 lncendia,¹
1139 2831 1202 2897 nisi
1224 2833 1363 2913 rapinas:

209 2935 412 3016 patrimonia
444 2955 506 3001 sua
539 2934 783 3016 profuderunt:
819 2932 975 3001 fortunas
1008 2953 1087 3001 suas
1120 2932 1363 3015 obligaverunt:

209 3055 401 3069 ——u‘

273 3135 284 3197 ἕ
303 3138 326 3183 8.
346 3149 445 3195 unquam
462 3136 486 3178 tn
503 3127 563 3195 ullo]
581 3132 634 3178 Til.
654 3133 677 3176 in
695 3133 744 3177 ullo
762 3145 858 3190 unquam
876 3132 933 3177 Ero.
952 3157 981 3171 -
994 3132 1181 3189 flagitiosissime
1199 3135 1276 3178 amori
1291 3133 1318 3178 P.
1335 3156 1362 3168 -

174 3218 176 3224 '
204 3216 229 3261 in
241 3220 307 3273 agris
322 3217 347 3262 Ρ.
356 3217 532 3272 —perdt'torum
544 3216 659 3258 trerminum
671 3228 786 3258 numerum
798 3212 827 3257 Ρ.
838 3239 870 3249 -
880 3214 920 3257 aad
933 3209 997 3275 [nec]
1012 3214 1072 3274 ullo]
1083 3215 1195 3275 Madvig.
1205 3217 1262 3263 Sine
1272 3214 1282 3277 [
1293 3215 1303 3276 ]
1314 3215 1359 3261 Ero.

203 3302 243 3345 aed
260 3314 288 3343 oe
304 3302 352 3345 ullo
370 3301 394 3343 in
411 3313 466 3356 ang.
482 3297 512 3343 T.
529 3300 568 3342 red
585 3312 612 3341 aa
629 3300 678 3343 ulto
695 3300 785 3356 quidem
802 3300 889 3355 angoto
906 3312 1024 3369 superior.
1043 3302 1067 3343 in
1086 3299 1115 3346 R.
1168 3356 1174 3360 Δ

276 3407 328 3464 bt).
348 3410 372 3452 r'a
389 3408 479 3451 atcerte
497 3413 542 3452 rat.
559 3407 589 3452 P.
606 3432 639 3443 -
656 3408 758 3452 sodalem
775 3420 822 3451 erse
833 3406 939 3463 falcatur-
956 3408 993 3454 rel
1012 3414 1171 3474 commemoret
1188 3408 1217 3455 P.
1235 3436 1268 3447 -
1279 3409 1361 3468 srigori

203 3498 227 3538 et
237 3489 320 3556 sarai]
348 3492 430 3538 bamb.
449 3491 561 3538 Wunder.
573 3491 670 3550 frigore
687 3496 710 3535 et
725 3491 792 3549 sarrae
810 3491 866 3536 Em.
885 3505 938 3537 curn
956 3491 1033 3538 Codd.
1052 3492 1125 3538 etiam
1143 3493 1217 3539 TRP.
1237 3520 1269 3532 -·
1286 3499 1307 3538 et
1321 3495 1359 3549 rig.

206 3578 258 3622 Til.
278 3603 308 3613 -
326 3592 354 3621 oe
372 3578 418 3633 vig.
435 3575 495 3625 Em.
514 3599 549 3612 ·-
566 3581 707 3647 cornamerct
723 3575 752 3620 P.
770 3579 830 3634 (non
848 3573 912 3633 Tu.)

269 3684 280 3745 b
302 3686 339 3730 lt).
362 3686 383 3729 ai
401 3685 471 3732 secuti
488 3689 554 3728 erunt
569 3686 607 3728 aut
625 3681 728 3743 comiter]
747 3682 820 3729 TttP.
833 3688 855 3729 si
871 3687 907 3729 sui
917 3683 1010 3744 suerint
1021 3691 1113 3731 comiter
1124 3690 1196 3731 secuti
1206 3688 1264 3734 Ero.
1283 3711 1314 3723 -
1325 3688 1359 3729 ir·

201 3784 280 3815 manoe
297 3771 406 3814 antiociae
420 3784 448 3814 ac
461 3770 607 3821 tolerandam
624 3762 693 3826 nibil]
703 3766 759 3828 Hoc
771 3767 857 3814 ordine
865 3768 957 3814 TP.-
967 3772 1077 3815 numanae
1090 3769 1213 3832 cowll.)
1228 3770 1359 3817 tote-ramae
1405 3811 1406 3816 ,

201 3856 327 3908 aurtoetacr
344 3856 403 3899 ntlril
417 3854 446 3899 tt.
459 3853 516 3899 Era.
547 3853 593 3900 Vr.
610 3866 637 3895 ac
654 3853 695 3905 tot.
715 3848 747 3911 []
767 3845 874 3913 Madvig.
887 3877 918 3889 -
930 3855 1019 3899 caedem
1034 3854 1063 3899 ll.
1073 3854 1135 3914 (non
1147 3854 1188 3912 Τ.)
1203 3880 1239 3892 -
1255 3857 1358 3912 obligare·

200 3938 269 4000 runt]
286 3939 338 3984 Til.
363 3936 470 3997 Madvig.
487 3938 656 3993 obligurierunt
677 3951 691 3982 e
708 3936 770 3982 eoo.
787 3934 839 3998 (l)
854 3937 942 3983 Mureti
959 3936 1016 3984 Em.
1029 3962 1064 3975 -
1084 3952 1156 3995 nuper
1173 3937 1280 4003 ἅψοιτο]
1296 3936 1357 3984 TRP.

200 4024 293 4081 dejicere
311 4038 382 4080 nuper
398 4024 456 4070 Era.
473 4048 507 4060 -
523 4022 685 4066 comaattcna
702 4021 731 4068 T.
750 4023 923 4066 commotiones
941 4021 970 4068 tt.
987 4023 1021 4059 -2
1037 4024 1078 4080 qui
1088 4021 1157 4080 ferre
1173 4023 1204 4070 P.
1223 4050 1255 4062 -
1273 4023 1356 4070 llabcnt

201 4109 303 4153 ebriosos
321 4108 409 4160 Tun,
428 4121 475 4153 non
493 4099 568 4150 clrior
585 4105 692 4167 Madvig.
706 4131 737 4142 -
751 4103 866 4165 conserti]
884 4105 958 4152 Tur.
976 4104 1074 4165 consecti
1090 4106 1148 4153 Ero.
1159 4130 1189 4145 -
1202 4110 1323 4154 incendium
1332 4104 1356 4150 Ρ.

191 4271 247 4355 ¹per⁴
267 4291 387 4339 Etruriam
411 4290 507 4334 ducena.
529 4284 638 4343 Philipp.
665 4285 708 4340 ta,
725 4285 749 4328 9.
771 4283 826 4328 Tiar
843 4284 893 4328 otae
910 4286 963 4328 runt
978 4284 1009 4328 ad
1026 4285 1152 4341 Mutinam,
1176 4302 1191 4333 a
1209 4301 1291 4346 rupero
1305 4284 1356 4331 meri
1402 4217 1404 4274 ἲ

201 4378 331 4435 Flaminio,
349 4376 377 4421 ab
395 4376 419 4418 r'n
431 4386 471 4418 ero
489 4371 600 4424 Aurelia,
617 4369 691 4414 medio
711 4367 797 4414 Cassia.
