2850 4759
206 286 291 359 189²
678 282 916 356 CICERONIS

199 451 249 518 ¹tlt)
268 470 306 518 re
320 448 454 534 publiea
470 450 639 529 cogitare,
662 448 719 531 qui
741 445 920 529 pecuniam
935 464 979 512 ex
994 445 1125 512 aerario
1141 438 1367 526 depromptam

204 550 248 617 ud
268 549 392 619 bellum
412 547 722 619 administrandum
751 559 811 614 aut
833 545 1214 629 proptercupiditatem
1241 547 1368 628 proriu-

203 653 276 719 riae
297 638 550 733 magistratibus
577 650 731 718 diriterit
755 660 815 715 aut
837 658 979 729 propter
996 647 1173 713 avaritiam
1194 648 1322 713 Romae
1340 647 1367 712 iu

203 764 345 836 qrraestu
376 752 579 837 reliquerit?
631 750 755 818 Vestra
780 747 1051 816 admurmuratio
1081 748 1182 827 facit,
1214 748 1367 838 Quirites,

202 865 240 920 ut
254 860 442 934 agnoscere
457 852 655 936 rideamini,
677 875 733 934 qur
725 849 834 916 haeo
846 850 1008 916 feceriut.
1029 870 1094 930 ego
1110 861 1223 918 autem
1239 850 1366 917 nomino

201 957 391 1034 neminem3
422 974 527 1038 quare
548 955 648 1021 irasci
670 950 752 1019 mihi
775 970 876 1018 nemo
897 952 1041 1033 poterit,
1076 951 1146 1018 nisi
1161 954 1216 1034 qui
1239 963 1316 1018 ante
1333 951 1367 1017 de

142 1067 181 1128 38
200 1073 248 1123 se
257 1053 408 1121 voluerit
428 1055 594 1122 confiteri.
649 1053 769 1137 ltaque
795 1064 937 1136 propter
964 1051 1052 1120 hano
1073 1053 1252 1119 avaritiam
1274 1055 1367 1134 irnpe-

139 1234 142 1249 ,
199 1166 355 1223 satorum
377 1166 520 1238 quantas
541 1152 772 1231 calamitates,
794 1173 997 1237 quoeunque
1017 1164 1156 1227 rentum
1178 1154 1241 1231 sit,
1271 1153 1366 1220 nostri

199 1257 373 1324 exereitus
387 1257 516 1341 ferant,
538 1256 612 1340 quis
627 1254 792 1335 ignorati
812 1253 954 1334 ltinera,
976 1275 1061 1337 quae
1074 1274 1136 1336 per
1150 1252 1257 1320 hosce
1273 1273 1364 1320 annos

198 1359 232 1423 in
254 1356 351 1424 ltalia
379 1378 441 1441 per
461 1376 563 1437 agros
590 1367 691 1439 atque
711 1354 836 1438 oppida
864 1358 990 1422 uirium
1011 1357 1248 1424 Romanorum
1269 1356 1365 1424 nostri

197 1458 423 1538 imperatores
449 1458 624 1534 feceruut,
657 1457 905 1536 recordamini,
936 1469 1007 1524 turn
1036 1456 1169 1524 facilius
1199 1458 1365 1539 statuetis,

197 1555 276 1639 quid
299 1555 389 1638 apud
410 1569 547 1637 exteras
568 1559 724 1625 nationes
745 1559 819 1624 lieri
840 1559 1056 1625 existimetis.
1112 1558 1239 1626 Utrum
1261 1558 1364 1640 plures

196 1657 407 1725 arbitramini
433 1679 496 1740 per
523 1656 629 1725 hosce
655 1678 764 1726 annos
793 1657 940 1727 militum
968 1670 1164 1726 vestrorum
1187 1661 1294 1725 armis
1314 1657 1366 1722 lro·

196 1759 306 1825 stiurn'
327 1759 450 1838 urbes,
485 1779 527 1825 an
553 1753 704 1829 hibernis
730 1760 905 1828 sociorum
934 1761 1088 1828 civitates
1120 1779 1195 1826 esse
1217 1756 1365 1825 deletas?
1408 1768 1409 1815 ἲ

195 1857 314 1940 Neque
342 1859 431 1925 enim
458 1871 574 1942 potest
600 1857 791 1928 exercitum
819 1861 848 1928 is
876 1863 1052 1928 continere
1079 1860 1285 1941 imperator,
1318 1858 1364 1941 qui

195 1960 327 2041 seipse
347 1980 416 2026 nun
439 1961 608 2038 eontinet,
642 1975 753 2045 neque
773 1981 913 2030 severus
935 1962 1065 2029 esseio
1086 1959 1289 2039 iudicando,
1317 1958 1364 2042 qui
1408 2038 1409 2045 ἵ

136 2077 175 2141 99
136 2058 311 2139 gallos
301 2080 335 2126 ιιι
356 2080 394 2128 se
414 2080 555 2129 severos
576 2080 653 2129 esse
670 2063 799 2131 iudices
814 2084 882 2129 non
897 2060 982 2128 νοΙι.
1024 2061 1088 2128 Hie
1103 2063 1272 2129 miramur
1286 2061 1363 2127 huno
1408 2107 1409 2141 3

196 2160 370 2229 hominem
401 2173 533 2230 tanturn
565 2158 734 2231 excellere
761 2163 904 2240 ueteris,
947 2164 1044 2231 cuius
1073 2160 1246 2242 legiones
1258 2164 1305 2230 sio
1331 2161 1362 2225 in

194 2263 313 2331 Asiam
341 2264 575 2346 pervenerint,
610 2276 649 2331 ut
670 2286 747 2331 non
776 2263 881 2330 modo
908 2284 1030 2331 manus
1065 2265 1150 2330 tanti
1184 2265 1361 2336 exereitus,

195 2363 254 2430 sod
276 2384 320 2430 ne
341 2366 521 2444 vestigium
550 2365 686 2446 quidem
708 2365 865 2447 cuiquam
887 2378 1009 2445 pacato
1031 2364 1191 2431 nocuisse
1213 2361 1363 2431 dic-atur?

119 2480 128 2497 ⁶
194 2464 267 2531 lam
297 2485 399 2540 vero,
434 2464 723 2547 quemadmodum
752 2464 876 2533 milites
903 2464 1097 2544 hibernent,
1120 2466 1280 2549 ,quotidie
1300 2484 1362 2531 ser·

112 2592 114 2599 ·
195 2585 315 2631 mones
350 2584 391 2630 ae
422 2562 557 2632 litterae
590 2566 831 2648 perferuntur3
870 2574 939 2634 non
968 2567 1089 2644 modo,
1128 2579 1167 2632 ut
1193 2577 1360 2649 sumptum

194 2656 299 2729 faeiat
318 2664 352 2730 iu
374 2663 530 2742 militem,
564 2667 691 2734 nemini
718 2668 769 2733 vis
791 2667 950 2745 affertur,
985 2667 1045 2735 sed
1067 2689 1109 2734 ne
1130 2670 1280 2748 cupienti
1301 2663 1362 2749 qui·

195 2763 272 2830 dem
294 2765 450 2848 cuiquam
472 2767 692 2847 permittitur.
734 2766 863 2835 Hiemis
885 2768 993 2845 enim,
1024 2791 1093 2836 non
1115 2771 1276 2835 avaritiae
1295 2788 1362 2850 per
1407 2780 1408 2871 l

194 2866 324 2946 fugium
353 2867 497 2935 maiores
523 2868 632 2935 nostri
659 2868 694 2933 in
720 2866 894 2936 sociorum
928 2880 1029 2952 atque
1055 2871 1244 2938 amicorum
1274 2869 1360 2937 tectis

194 2989 270 3036 esse
291 2965 484 3037 voluerunt.
1406 3044 1407 3051 ἵ

132 3090 172 3151 99
273 3070 368 3138 atr
410 3072 497 3154 Age
511 3093 615 3148 vero,
651 3071 775 3139 ceteris
803 3071 835 3138 in
858 3072 959 3139 rebus
981 3068 1112 3155 quasit
1134 3076 1358 3156 temperantia,
1406 3118 1407 3153 3

193 3171 420 3239 considerate.
475 3172 573 3240 Unde
600 3171 692 3238 illam
707 3250 708 3253 Ἴ
722 3182 849 3237 tantam
879 3171 1089 3241 celeritatem
1111 3187 1146 3240 et
1167 3187 1235 3241 tarn
1258 3176 1359 3242 iucre-
1406 3184 1407 3187 ’

193 3271 327 3338 dibilenr
350 3292 490 3337 cursum
512 3272 687 3338 inventurn
709 3272 865 3353 putatis?
913 3273 991 3339 Nou
1014 3275 1103 3339 enirn
1127 3272 1221 3339 illum
1245 3274 1358 3340 eximia
1406 3346 1407 3349 Ἴ

192 3373 243 3438 ris
274 3371 442 3450 remigum
470 3382 534 3471 aut!
555 3391 611 3438 ars
638 3372 791 3439 inaudita
818 3373 1029 3454 gubernandi
1055 3386 1123 3442 aut
1143 3377 1235 3442 venti
1267 3373 1358 3458 aliqui
1406 3388 1407 3393 ’

258 3620 270 3681 l
291 3619 332 3671 38.
345 3621 401 3670 Οιιι.
417 3636 456 3669 rr.
475 3622 500 3666 in
516 3620 590 3667 Itulru
609 3621 639 3668 P
658 3647 693 3660 —
703 3621 855 3681 jecerintE.
871 3645 903 3661 -
924 3627 1079 3671 recordemini
1098 3625 1128 3671 Ρ.
1146 3648 1180 3664 -
1198 3627 1220 3669 is
1239 3626 1358 3683 ιἰιιμιιιιι

189 3706 306 3749 continere
322 3704 495 3749 exercitumll.
512 3728 546 3741 -
562 3718 586 3748 se
604 3703 664 3763 ipre]
681 3704 711 3750 ll.
729 3704 758 3749 Ε
775 3719 800 3748 ιι
817 3707 891 3761 iprum
907 3707 966 3753 Ern.

256 3785 268 3846 l
286 3786 327 3832 89.
342 3783 506 3861 perverterint]
525 3786 554 3831 E.
570 3790 725 3843 peruenerunt
736 3786 794 3832 Em.
807 3787 831 3832 id
843 3791 909 3848 quod
921 3788 1028 3835 defendit
1039 3789 1110 3836 Buko
1122 3790 1184 3835 Bibl.
1198 3791 1253 3836 crit.
1265 3789 1325 3841 1145,
1335 3784 1355 3828 9·

187 3884 213 3927 p.
234 3868 306 3924 tlt,
324 3866 371 3924 itu,
391 3873 416 3913 ut
434 3854 551 3927 interrog.
569 3866 661 3927 signum
679 3875 787 3927 ponatur
804 3870 862 3929 post
879 3882 902 3915 v.
921 3873 1009 3916 ceteris.
1022 3895 1051 3906 -
1062 3874 1164 3929 quotidie
1176 3874 1208 3916 ιιιι
1226 3886 1265 3916 uos
1277 3870 1357 3915 liturus
1405 3894 1406 3917 l

183 3949 335 4006 perferuntur
358 3963 387 3995 oe
410 3962 525 3996 sermones
549 3951 615 3996 lruim
638 3965 653 3995 ιι
675 3953 757 3996 milite.
782 3954 814 3997 od
835 3957 949 4008 sumptum
968 3956 1056 3999 ιιιιιιιιιί
1071 3957 1106 3998 oia
1123 3955 1258 4007 adhibetur,
1283 3952 1320 3996 red
1333 3960 1356 3991 ro
1404 3978 1405 3991 ι

157 4024 161 4035 ”
187 4032 289 4088 cupienti
305 4033 395 4090 quidem
413 4032 469 4076 dure
484 4035 627 4088 permittitur
644 4033 674 4079 P.

255 4110 325 4173 940.
345 4130 390 4172 qua
406 4112 453 4174 sit]
472 4114 516 4170 R,
534 4122 561 4162 ut
578 4117 679 4162 rotetur
697 4117 803 4163 Medius.
822 4119 897 4173 qualis
914 4120 946 4162 sit
962 4118 992 4164 E.
1007 4118 1064 4164 Ern.
1076 4142 1110 4154 -
1127 4118 1239 4164 Firmunt
1251 4119 1354 4162 inuentum
1404 4092 1405 4155 l

185 4197 215 4243 P.
233 4196 263 4241 Ε.
283 4210 329 4253 pro
347 4196 453 4242 Munatii
470 4199 559 4243 initum.
577 4224 609 4235 —
623 4200 688 4243 illum
706 4212 788 4243 monus
805 4202 919 4256 remigum
937 4200 966 4244 1².
984 4225 1018 4238 -
1036 4215 1075 4245 eur
1092 4198 1140 4260 res]
1158 4201 1237 4246 Codd.
1256 4193 1354 4245 nonnulli
1403 4164 1405 4197 ⁴

186 4277 341 4325 Steinmetzil.
359 4281 401 4323 liae
419 4292 456 4323 ιιι
471 4278 501 4323 Ε.
519 4279 578 4326 Ειιι.
593 4301 627 4315 -
645 4279 757 4325 Firmunt
773 4281 894 4325 devocavit
910 4282 939 4326 Ρ.
957 4282 986 4327 Ε.
1005 4296 1052 4340 pro
1071 4281 1138 4327 Mun.
1157 4284 1280 4326 reuocauit.
