2850 4759
218 311 387 383 ORATIO
408 316 468 383 111.
490 313 832 422 monsterolum,
853 340 883 387 o.
906 320 928 383 8
948 332 982 389 et
1000 322 1031 389 9.
1149 323 1208 388 233

52 494 144 556 quent
163 474 352 542 inauratum
373 473 409 542 iu
428 474 595 558 Capitolio
616 497 758 560 parrum
784 491 884 564 atque
903 478 1102 570 laetantem,
1121 483 1209 552 ube·

49 579 136 645 ribus
152 576 278 661 lupinis
295 577 478 648 inhiantem
494 580 602 649 fnisse
621 583 831 650 meministis.
873 583 951 675 Quo
970 584 1103 668 quidem
1122 598 1210 654 tem·

49 702 127 763 pore
151 702 230 748 eum
258 681 455 764 haruspices
480 703 523 750 ex
548 694 619 750 tota
638 683 778 753 Etruria
800 689 1051 775 convenissent,
1087 689 1209 759 eredes

50 795 147 867 atque
164 785 318 853 incendia
338 798 372 853 et
394 784 506 867 legum
529 787 700 856 interitum
723 800 758 857 et
775 787 898 866 bellum
919 791 1016 858 oirile
1033 814 1074 859 ae
1092 791 1210 861 dome·

50 889 166 956 sticum
192 901 227 956 et
254 890 357 958 totius
380 890 473 960 urbis
492 902 593 975 utque
612 893 744 975 imperii
765 914 925 961 oceasum
941 896 1210 981 appropinquare

51 989 220 1069 dixerunt,
255 994 318 1061 nisi
342 992 387 1061 dii
413 993 623 1064 immortales
650 997 741 1063 omni
764 997 896 1064 ratione
916 995 1039 1080 placati
1061 1020 1126 1069 suo
1148 1023 1210 1067 nn·

50 1096 134 1164 mine
166 1111 274 1179 prope
302 1101 373 1164 fata
403 1098 477 1181 ipsu
505 1097 696 1170 flexissent
727 1099 845 1184 ltaque
873 1100 1010 1170 illorum
1036 1098 1268 1186 respersisti)
1327 1107 1329 1110 ’

52 1209 124 1265 tune
156 1212 190 1266 et
219 1198 291 1270 ludi
310 1221 371 1282 per
399 1200 515 1268 decem
548 1200 619 1269 dies
651 1201 736 1269 faeti
763 1216 862 1285 sunt,
900 1227 1011 1289 neque
1036 1228 1092 1275 res
1121 1205 1208 1290 ulla,

52 1323 129 1385 qnae
142 1302 186 1370 ad
201 1302 385 1386 placandos
403 1303 484 1373 deos
502 1306 704 1394 pertineret,
734 1311 974 1392 praetermissa
988 1322 1059 1378 est:
1091 1310 1211 1378 iidem·

52 1428 109 1489 que
131 1408 308 1476 iusserunt
330 1406 552 1478 simulacrum
570 1408 660 1477 lovis
683 1410 800 1479 lacere
821 1414 931 1481 maius
951 1414 1048 1482 wetin
1070 1413 1208 1484 excelso

52 1509 216 1579 collocare
245 1523 280 1578 et
308 1524 443 1590 contra,
478 1519 580 1596 'atque
603 1526 680 1581 ante
708 1515 837 1594 fuerat,
871 1515 915 1583 ad
938 1520 1102 1585 orientem
1127 1539 1210 1586 eon-

52 1627 197 1684 vertere:
234 1637 274 1683 ae
295 1637 492 1700 se-sperare
516 1615 689 1697 dixerunt,
715 1618 743 1685 si
758 1616 848 1687 illud·
863 1622 1017 1702 signum,
1051 1619 1140 1705 quod
1161 1623 1211 1689 vi-

53 1716 148 1798 detis,
185 1718 270 1788 solis
294 1732 409 1788 ‘ortum
438 1732 473 1788 et
495 1719 609 1787 forum
637 1720 1102 1807 curiamqueconspiceret,
1121 1725 1209 1804 fore,

53 1835 89 1889 nt
106 1844 143 1890 ea
162 1822 323 1903 consilia,
361 1845 446 1907 qnae
467 1821 553 1891 olam
579 1837 692 1892 essent
711 1824 794 1896 inita
815 1840 933 1895 contra
954 1828 1098 1903 salutem
1116 1829 1209 1897 urbis

53 1936 141 2007 atque
155 1927 303 2008 imperii,
335 1924 601 2005 illustrarentur,
627 1940 664 1995 nt
678 1949 698 1995 a
711 1943 830 1997 senatu
844 1930 1038 2016 populoque
1055 1934 1209 2001 Romano

53 2030 186 2111 perspici
210 2041 363 2113 possent.
404 2035 516 2114 Atque
541 2029 622 2098 illud
646 2034 781 2113 signum
805 2036 852 2101 ita
872 2034 1105 2106 collocandum
1129 2058 1212 2103 eon·

55 2125 133 2200 sules
153 2130 201 2199 illi
225 2131 442 2207 locaverunt.
468 2135 527 2202 sed
548 2146 638 2203 tanta
653 2136 719 2203 fuit
733 2138 845 2220 operis
867 2137 1023 2213 tarditas,
1050 2151 1089 2205 nt
1102 2160 1212 2222 neque

53 2238 340 2319 asuperioribns.
358 2238 553 2332 oonsulibus
585 2259 694 2322 neque
720 2261 740 2308 a
772 2240 870 2307 nobis
901 2253 979 2307 aute
1007 2240 1211 2312 hodiernum

56 2337 132 2407 diem
157 2339 396 2410 collocaretur.
466 2381 503 2402 a
681 2354 683 2358 ’
876 2423 880 2427 ὁ

121 2444 185 2513 ΙΧ.
222 2444 292 2511 Hic
326 2445 398 2528 quis
429 2456 543 2528 potest
577 2466 668 2522 esse,
704 2444 873 2537 Quirites,
918 2457 985 2513 tarn
1018 2466 1159 2513 aversus
1193 2446 1273 2514 affl

55 2565 141 2626 vero,
177 2566 247 2616 tarn
275 2569 469 2631 praeceps,
502 2561 572 2617 tarn
599 2560 711 2616 mente
742 2565 878 2633 captus,
915 2550 973 2632 qni
998 2562 1101 2631 neget
1129 2549 1213 2617 haee

56 2652 173 2727 omnia,
211 2673 298 2735 qnae
324 2641 494 2731 videmus,
533 2654 781 2736 praecipueque
806 2655 893 2722 hano
921 2657 1038 2724 urbem
1069 2653 1212 2724 deorum

56 2749 288 2824 immortalium
313 2767 398 2824 nutu
422 2777 462 2823 ao
488 2768 658 2840 potestate
680 2757 938 2825 administrari?
975 2758 1110 2827 Etenim
1132 2778 1212 2826 eum
1270 2795 1272 2800 ·
1303 2743 1306 2762 ’

56 2874 237 2892 Qun-n·—

112 2956 124 3019 l
139 2959 180 3004 20.
194 2972 241 3016 per
256 2956 343 3020 decem]
363 2956 415 3028 Tll.
432 2958 567 3015 decemper
583 2956 641 3006 Em.
653 2982 687 2995 -
698 2955 839 3017 placandos]
856 2955 931 3004 TRP.
948 2956 1057 3017 Madvig.
1072 2957 1212 3014 placandum

57 3037 105 3087 Em.
115 3064 146 3080 ι-
157 3049 224 3088 antea
235 3043 260 3102 s.
278 3044 307 3089 T.
318 3069 353 3083 -
365 3044 419 3092 om.
431 3047 453 3088 et
463 3042 546 3102 forum
559 3043 590 3088 ll.
603 3040 666 3103 (nou
679 3041 762 3103 T.)-
776 3043 834 3087 illud
844 3039 945 3103 rignum]
957 3041 1033 3088 TllP.
1044 3041 1212 3121 illustro.-

58 3124 191 3190 loeooeruut]
208 3130 241 3175 R.
259 3127 316 3173 Ern.
335 3129 504 3172 collocaverunt
520 3127 551 3173 P.
566 3151 601 3165 ·-
619 3131 746 3174 statuerunt
760 3125 790 3173 T.

115 3233 125 3297 l
141 3238 181 3284 2¹.
199 3253 229 3283 ue
242 3237 306 3297 pot]
322 3236 375 3282 Tll.
393 3240 459 3295 utque
473 3240 525 3293 pol.
543 3235 600 3281 Ero.
612 3261 646 3275 -
657 3237 690 3281 ila
708 3238 765 3281 esset
781 3236 811 3281 R.
829 3233 888 3294 (non
900 3234 948 3295 T.)
959 3260 993 3273 —
1005 3239 1029 3281 el
1044 3250 1070 3280 eu
1085 3250 1129 3293 per
1141 3231 1211 3298 eines]

59 3317 111 3365 Col.
127 3321 222 3369 Mureti.
240 3322 325 3368 Sullsb.
343 3326 366 3367 el
382 3337 409 3368 eu
425 3337 440 3367 a
456 3324 554 3380 perditio
572 3321 658 3366 einilrur
673 3319 703 3366 T.
721 3320 798 3382 (errat
815 3317 963 3379 Steinmetz.)
981 3320 1012 3366 R.
1024 3320 1082 3366 Em.
1099 3324 1122 3365 el
1132 3336 1158 3365 eu
1166 3334 1213 3378 per
1300 3391 1302 3396 .

59 3404 109 3449 eires
123 3409 157 3451 orl
173 3423 187 3453 n
201 3386 302 3466 perditis
319 3407 405 3452 ciuibus
421 3406 451 3453 P.
467 3432 500 3444 -
519 3406 574 3453 Om.
585 3405 677 3466 foetum
694 3405 724 3452 R.
748 3403 809 3466 (non
820 3403 863 3464 T.)
879 3430 913 3444 —
930 3420 975 3466 quo
993 3407 1079 3458 colluto
1095 3405 1127 3451 lt.
1196 3455 1201 3466 ⁸

61 3571 106 3616 rlnlu
121 3578 203 3629 teneri,
222 3575 259 3621 Ne
273 3578 331 3633 port
347 3575 437 3619 excelsa
455 3573 486 3618 rui
503 3576 605 3619 columen
616 3572 732 3633 somate
742 3574 840 3627 decore,
859 3573 940 3618 Sourta
957 3572 1024 3618 Inois
1036 3574 1123 3630 aperies
1135 3561 1216 3617 cleros

62 3662 161 3711 spectaret
171 3662 201 3706 'iu
219 3664 299 3716 orions
317 3659 374 3706 Tum
385 3658 458 3718 sore,
476 3663 500 3704 ut
519 3661 620 3704 occultos
636 3661 737 3716 populus
755 3663 889 3717 raucumque
906 3661 996 3703 senatus
1011 3657 1107 3702 cernere
1118 3660 1213 3702 conatam

61 3748 140 3796 perrel,
165 3747 187 3791 ri
205 3747 264 3790 solis
280 3745 311 3790 orl
328 3748 404 3789 ortum
423 3743 537 3788 Couomm
554 3744 607 3788 r'urle
620 3747 716 3801 potrum
733 3743 796 3789 nerlu
810 3744 937 3802 populique
952 3744 1046 3789 rideret.
1081 3743 1148 3788 Haec
1164 3746 1212 3786 lur-

62 3824 107 3871 tlolrr
125 3831 162 3874 eliu
183 3834 269 3889 speeies
293 3832 430 3889 multumque
452 3832 543 3875 morula
569 3827 664 3873 murno
689 3833 710 3874 le
735 3829 825 3873 tandem
845 3830 913 3873 'celso
933 3832 968 3874 eet
993 3830 1017 3873 ιἰι
1042 3828 1094 3873 κᾶε
1122 3829 1213 3882 loeutus

63 3909 126 3969 Atque
146 3929 189 3962 uua
201 3917 252 3975 firi
267 3930 295 3961 ae
312 3918 400 3974 rigueti
415 3904 526 3971 tempo’ru
543 3914 602 3959 lroru
620 3913 728 3971 luppiter
746 3914 836 3958 excelsa
856 3912 962 3957 clarabat
982 3917 1073 3969 seeptro
1093 3914 1213 3964 columnae

64 3992 90 4036 Fi
108 3999 178 4045 ‘loom
193 4003 286 4058 potr-ise
295 4001 407 4059 flammae
424 3999 536 4059 ferroque
557 4001 642 4055 parua
668 3999 765 4044 Vocibus
784 3998 939 4055 Allobrogum
952 3998 1060 4054 patrium
1079 3998 1213 4055 populoque

61 4076 149 4128 rantra
165 4104 196 4117 ·-
213 4085 360 4128 simulacrum
374 4082 451 4142 Ionis]
468 4084 499 4128 de
510 4081 591 4130 Divin.
608 4084 639 4139 2,
656 4084 698 4129 20.
716 4085 752 4129 llo
766 4086 820 4141 ipre
832 4088 946 4141 tempore,
964 4095 1009 4141 quo
1016 4081 1089 4139 fieret
1103 4082 1213 4127 iudicium

65 4162 214 4211 contemtionis
231 4168 255 4212 iu
272 4171 364 4221 renutu,
382 4168 474 4226 tignum
487 4167 553 4212 Iouis
569 4168 661 4213 biennio
672 4173 744 4226 post,
768 4182 836 4226 quam
853 4173 904 4213 eret
916 4170 1029 4218 loretum,
1054 4168 1078 4210 iu
1096 4166 1212 4222 Capitolio

66 4245 211 4297 collocabatur.
244 4251 341 4302 Cullldo
364 4251 389 4298 irl
413 4251 537 4300 Ciceroni·
559 4251 663 4304 ‚oonsilio
686 4259 811 4300 tum’onm
833 4252 941 4298 maxime
962 4252 1053 4298 sactum
1074 4265 1137 4305 esse,
1162 4261 1212 4309 qno

66 4331 148 4386 r⁰rrlo
169 4335 285 4396 religiono
304 4336 455 4397 imponeret,
479 4336 655 4394 demonstrarit
675 4335 802 4399 Boeltiger
823 4336 847 4384 in
865 4334 1011 4384 Prolnsione
1031 4336 1064 4382 ud
1083 4335 1107 4380 h.
1125 4334 1141 4380 l.
1164 4331 1212 4379 Bu·

67 4410 132 4462 lllueue
153 4419 221 4470 1791.
239 4423 263 4471 l.
