2850 4759
244 249 412 368 ortano
436 275 499 365 1112
524 296 873 379 messuerunt,
902 319 931 367 ο.
955 302 1005 373 10.
1092 327 1096 333 ·
1137 245 1200 368 aas

52 460 261 544 piissimarum
282 457 372 527 ultro
393 458 456 528 sibi
480 482 499 527 a
522 459 670 542 patriciis
698 457 890 532 hominibus
919 459 1065 529 oblatam
1080 457 1202 544 ‘negli-

44 571 156 645 ‘gerent
173 575 387 645 vestramque
406 561 551 631 salutern
571 563 641 632 suis
662 547 782 646 opibus
798 574 1058 652 anteponerent,
1071 565 1113 632 id
1131 589 1202 635 non

48 666 343 736 divinitusiaetunr
366 686 441 733 esse
464 665 619 748 putatis?
659 667 858 750 praesertim
885 668 943 750 qui
965 689 1028 737 nos
1048 689 1115 736 non
1138 691 1201 752 pu·

46 763 186 853 gnarrdo,
222 768 281 838 scd
307 768 449 840 tacendo
472 790 635 853 superare
656 781 856 852 potueruut.

112 876 159 942 X.
202 872 452 965 Quamobrem,
488 873 657 963 Quirites,
693 875 854 957 quoniarn
879 873 921 942 ad
954 874 1069 944 omnia
1095 872 1202 957 pulvi·
1221 884 1260 950 23

47 980 127 1060 naria
151 975 351 1062 supplicatio
385 977 523 1045 decreta
552 987 621 1056 est,
668 975 876 1045 celebratote
910 976 986 1047 illos
1017 977 1088 1047 dics
1123 961 1202 1046 euin

46 1084 232 1164 coniugibus
253 1104 293 1150 ac
316 1079 429 1150 liberis
449 1081 582 1150 vestris.
622 1079 710 1148 Nam
730 1079 827 1148 multi
846 1102 947 1165 saepe
967 1080 1115 1149 honores
1139 1080 1204 1151 diis

47 1185 281 1274 inmortalibus
302 1188 380 1254 iusti
401 1185 503 1253 habiti
523 1196 604 1252 sunt
626 1204 666 1251 ac
687 1182 805 1261 debiti,
833 1184 893 1252 sed
911 1184 1068 1267 profecto
1084 1186 1204 1254 iustio-

47 1313 92 1359 res
113 1311 293 1375 uunquam.
331 1289 452 1372 Erepti
474 1288 562 1355 eninr
581 1288 670 1377 ,estis
695 1308 740 1355 ex
763 1286 999 1358 crudelissimo
1021 1309 1063 1356 eo
1084 1289 1204 1357 miser-

47 1395 120 1464 rimo
149 1395 308 1473 interitu,
347 1405 383 1460 et
413 1394 521 1475 erepti
551 1392 624 1460 sine
651 1389 771 1469 caede,
810 1390 882 1458 sine
913 1393 1094 1473 sanguine,
1131 1394 1205 1462 siue

45 1501 204 1576 exercitu,
241 1498 313 1565 sine
337 1495 570 1577 dimicatione,
606 1497 710 1577 togati
738 1515 793 1562 nre
817 1516 885 1562 uno
904 1508 1032 1577 togato
1060 1495 1148 1565 dtrce
1171 1510 1206 1565 et

46 1601 238 1684 inperatore
265 1602 403 1682 vicistis
444 1599 579 1667 Etenim
606 1596 852 1678 recordamini,
889 1599 1055 1689 Quirites,
1086 1623 1204 1671 onuree
1224 1610 1265 1673 2¹}

49 1703 147 1773 civiles
181 1705 429 1789 dissensiones,
461 1727 531 1771 non
565 1695 677 1770 solum
711 1723 787 1782 eas,
825 1724 910 1786 quas
943 1703 1103 1783 audistis,
1144 1706 1206 1774 sed

49 1831 112 1885 eas,
143 1833 226 1893 quas
256 1807 480 1891 vosmetipsi
507 1806 707 1876 tnerninistis
734 1818 836 1890 atque
859 1807 1007 1876 vidistis:
1046 1809 1083 1876 L.
1113 1807 1206 1876 Sulla

48 1910 79 1976 P.
101 1911 284 1994 Sulpicium
313 1915 497 1995 oppressit:
531 1932 576 1978 ex
599 1911 682 1977 urbe
707 1910 806 1977 eiecit
830 1910 867 1979 C.
888 1912 1057 1993 Marium,
1092 1925 1206 1981 custo·

50 2013 113 2083 dem
138 2016 240 2084 huius
271 2017 382 2097 urbis,
416 2015 608 2099 multosque
633 2013 739 2081 fortes
770 2015 863 2081 viros
892 2016 1015 2098 partim
1040 2016 1138 2083 eiecit
1161 2037 1205 2083 ex

53 2154 231 2171 --——-—

104 2235 170 2298 523.
188 2203 272 2294 Empti
294 2237 353 2281 reim
365 2234 440 2300 ¹estis]
457 2235 531 2284 TRI'.
548 2237 631 2295 Ercpti
648 2238 708 2282 enim
725 2236 785 2287 Ern.
805 2260 839 2273 —
858 2252 888 2282 cc
905 2239 1035 2285 miserrimo
1051 2255 1080 2285 ac
1096 2242 1206 2314 medelis·

49 2321 97 2365 idtio
111 2321 139 2368 R.
156 2336 171 2367 c
187 2323 241 2367 mis.
259 2326 282 2366 ct
298 2323 362 2368 crud.
380 2322 409 2368 P.

104 2429 170 2492 bii.
188 2445 236 2477 non
259 2429 343 2492 rotam]
366 2430 420 2478 ΤΒ.
443 2445 512 2490 nepus
533 2432 609 2477 solum
629 2430 687 2478 Em.
708 2457 742 2470 -
766 2432 805 2478 seri
828 2430 877 2494 cas]
902 2430 1169 2482 andanumtais
1185 2439 1209 2482 ct

49 2512 82 2557 ies
95 2513 148 2561 Eru.
164 2541 200 2552 -
216 2519 284 2574 atquae
301 2513 359 2577 oid]
377 2514 430 2561 ΤΒ.
448 2520 471 2560 ct
488 2516 533 2562 oid.
552 2515 609 2563 Em.
631 2540 667 2553 -
687 2531 717 2562 ca
734 2517 789 2561 urbe
805 2518 871 2562 eiecit
888 2516 899 2577 [
914 2516 926 2577 ]
943 2518 1052 2578 Madvig.
1070 2532 1125 2565 cunr
1141 2518 1206 2565 aliis.

50 2597 139 2648 Servant
154 2598 209 2649 Tu.
228 2626 265 2639 -
281 2602 345 2646 ciros
356 2599 436 2659 sortes
453 2601 483 2647 lt.
494 2623 528 2635 -
543 2603 633 2657 expulit
649 2616 679 2646 ce·
696 2601 751 2646 urbe
768 2616 788 2647 c.
805 2599 837 2662 n]
854 2600 907 2648 Tit.
925 2617 955 2647 et
972 2604 1026 2648 urbe
1043 2620 1063 2649 c.
1080 2617 1100 2649 a.
1117 2604 1209 2661 repulit

49 2679 96 2730 Ern.
117 2683 186 2742 (Om.
213 2700 237 2736 v.
260 2697 325 2729 cuum
347 2683 394 2742 Ρ.)
417 2709 452 2721 -
474 2698 523 2731 orn.
537 2690 620 2743 postea
641 2683 671 2730 Τ.
688 2685 791 2746 (Habet
808 2697 887 2731 tamen
906 2687 1050 2736 Scholiasta.
1068 2685 1112 2748 R.)
1130 2714 1163 2727 -
1179 2701 1208 2733 ste

49 2768 101 2829 dici]
115 2768 165 2816 ΤΗ.
184 2784 226 2815 sec
243 2771 291 2815 dici
307 2769 337 2815 P.
354 2769 411 2815 Em.
428 2794 462 2807 -
485 2771 616 2815 calamitate
633 2773 665 2818 P.
682 2772 717 2826 R.
731 2769 761 2817 T.
780 2796 811 2807 -
829 2767 869 2835 ac]
887 2772 940 2818 Tit.
957 2776 981 2818 ct
995 2772 1054 2819 Ere.

50 2877 229 2902 r*

105 2958 173 3019 524.
192 2957 224 3006 P.
244 2955 365 3016 Sulpicius
384 2961 418 3003 tr.
437 2952 473 3013 pi.
491 2958 593 3002 sudore
610 2952 746 3011 C.blario,
764 2968 818 3001 curn
834 2955 914 3011 Sulla,
932 2955 971 3002 cui
987 2961 1054 3002 sorte
1071 2955 1208 3003 obverterat
1280 2979 1286 2992 =

50 3037 100 3087 brie
120 3042 247 3101 provincia
272 3042 409 3102 bellumque
432 3053 485 3085 cum
507 3038 662 3096 Mithridate,
691 3040 757 3087 circe
777 3040 867 3086 Nolam
888 3045 1038 3094 moreretur,
1063 3041 1129 3100 leges
1149 3054 1209 3099 pro·

51 3126 167 3186 nulgavit,
185 3134 211 3174 nt
229 3127 315 3173 exules
337 3130 523 3183 revocarentur,
541 3122 600 3170 novi
615 3123 680 3170 cives
700 3123 854 3190 libertinique
868 3124 1065 3171 distribuerentur
1082 3125 1106 3171 in
1119 3124 1209 3180 tribus,

50 3214 70 3253 et
84 3212 209 3259 utbisrius
224 3213 338 3259 adversus
354 3210 521 3257 Mithridatem
536 3209 588 3254 dux
603 3213 736 3260 crearetur,
773 3207 834 3254 Cum
853 3209 939 3255 deinde
957 3209 1209 3262 adversantibuscon·
1277 3235 1279 3238 ν

49 3293 132 3343 nulibus.
147 3297 195 3344 rim
215 3296 345 3353 intulisset,
363 3295 447 3342 occiso
465 3295 496 3348 Q.
515 3292 629 3353 Pompeii
652 3294 707 3340 nus
724 3306 776 3342 cos.
794 3293 857 3349 tilio,
874 3307 965 3353 genero
980 3294 1075 3350 Sullae,
1093 3296 1121 3348 Ι..
1142 3295 1210 3341 Sulla

52 3382 124 3426 consui
142 3395 195 3428 cnm
211 3396 258 3428 sex
274 3380 410 3441 legionibus
429 3380 453 3425 in
471 3379 561 3425 Urbem
578 3378 644 3425 venit
666 3383 691 3425 et
706 3380 821 3425 adversus
837 3379 968 3425 factionem
980 3378 1079 3439 Sulpicii
1096 3385 1121 3428 et
1135 3380 1209 3427 Marii

49 3460 71 3508 in
89 3463 143 3524 ipse¹
159 3466 219 3513 urbe
243 3465 376 3526 pugnavit,
408 3479 510 3526 eamque
532 3462 642 3522 expulit,
666 3478 700 3526 cx
722 3477 772 3525 qus
789 3464 849 3513 ΧΠ.
871 3471 989 3516 asenatu
1009 3465 1091 3514 hortea
1109 3464 1209 3512 iudicati

50 3554 106 3603 sunt,
142 3539 258 3611 Sulpicius
279 3550 370 3598 indicio
390 3550 453 3600 servi
478 3549 515 3597 sui
537 3563 571 3596 cx
592 3548 651 3596 ville
673 3554 805 3606 retractus,
832 3548 864 3595 ab
884 3549 1003 3611 equitibus
1020 3549 1044 3596 in
1060 3550 1228 3614 Laurentiuis·

53 3633 169 3688 paludibus
188 3637 311 3696 iugulatus
329 3641 376 3690 est,
392 3635 484 3682 Marius
502 3648 561 3683 vcro
577 3633 712 3680 Minturnas
731 3634 843 3694 pervenit
856 3649 879 3680 a.
893 3644 917 3680 u.
930 3649 954 3681 c.
966 3636 1024 3681 666.
1043 3634 1096 3682 biv.
1110 3635 1211 3696 Epir.

52 3714 148 3767 Velleius
163 3722 196 3776 2,
218 3722 249 3768 te
261 3747 292 3759 -
304 3722 346 3767 19.
364 3720 473 3780 Appian.
494 3718 523 3766 B.
540 3719 611 3775 c.1,
634 3718 666 3766 65
686 3741 715 3752 -·
735 3719 776 3765 6⁰.
798 3719 954 3768 Semnum.
973 3744 1007 3757 ··-
1026 3719 1078 3767 Cn.
1093 3720 1210 3768 Octauius

52 3813 94 3847 coa.
110 3818 132 3849 a.
145 3819 167 3852 u.
185 3820 206 3853 c.
225 3807 283 3853 667.
312 3806 340 3852 l..
362 3805 502 3852 Cornelium
529 3804 632 3862 Cinnam
656 3806 789 3865 collegam,
816 3818 871 3852 curn
899 3802 1049 3863 perniciosas
1071 3806 1152 3863 leges,
1183 3808 1210 3850 nt

52 3885 102 3931 noui
117 3888 179 3938 cirea
196 3890 220 3937 iu
237 3889 346 3938 omnibus
361 3889 469 3937 tribubus
486 3889 600 3949 suffragia
617 3890 722 3945 ferrern,
742 3904 786 3949 per
801 3890 850 3938 rim
865 3896 938 3951 etque
955 3902 1024 3936 arna
1038 3889 1127 3945 ferret,
1155 3902 1211 3935 cum

53 3969 118 4026 globo
134 3974 257 4022 hominnm
276 3974 452 4022 confmtissimo
470 3989 513 4034 per
530 3987 625 4022 moratu
640 3960 706 4022 uiam
721 3974 746 4019 in
760 3975 840 4021 forum
856 3973 1002 4034 irrumpens,
1030 3975 1097 4022 Urbe
1113 3975 1210 4035 expulit
1249 3955 1251 3966 .

53 4049 214 4119 imperiumque
231 4059 254 4107 ei
269 4059 413 4120 abrogavits
440 4073 490 4120 quo
513 4058 609 4119 quidem
626 4058 650 4105 in
670 4059 773 4106 tumultu
792 4072 841 4106 non
859 4060 935 4106 multo
956 4060 1033 4106 minus
1048 4062 1131 4108 decem
1148 4059 1210 4106 mili-

55 4135 133 4187 busex
149 4145 218 4192 noris
235 4144 326 4192 civibus
345 4144 410 4191 ceeei
426 4150 487 4191 sunt.
507 4143 559 4190 Lir.
577 4144 626 4203 Ep.
646 4144 687 4191 79.
701 4144 810 4205 Appian.
828 4144 857 4189 Β.
874 4144 903 4191 C.
922 4145 951 4199 l,
970 4145 1003 4192 64
1020 4151 1045 4191 et
1060 4144 1102 4192 65.
1119 4145 1157 4192 lu.
1175 4166 1211 4180 ·-

58 4220 130 4289 Cim]
148 4228 225 4276 Cinna
244 4237 267 4276 et
285 4229 378 4280 Marius
388 4265 390 4270 .
401 4243 454 4275 cunr
475 4228 589 4276 Carbone
609 4236 633 4278 et
650 4228 760 4277 Sertorio
777 4230 875 4275 tandem
888 4227 913 4273 in
928 4228 1018 4275 Urbem
1034 4228 1126 4286 recepti
1144 4227 1211 4274 velut

57 4314 143 4366 “ptam
162 4314 277 4363 caedibus
297 4321 328 4361 et.
347 4313 440 4374 rapinis
464 4319 602 4370 vastarunt,
635 4313 679 4360 Cn}
694 4313 801 4374 omerio
822 4327 873 4360 cos.
894 4313 979 4360 occiso
998 4318 1022 4359 et
1037 4311 1147 4357 omnibns
1166 4313 1211 4357 ad·

58 4402 132 4441 venae
149 4398 225 4463 partie
241 4398 518 4452 nubilibus-trucidatis.
547 4398 610 4446 inter
629 4412 691 4460 quos
712 4400 748 4446 M.
769 4397 894 4452 Antonio,
926 4392 1122 4456 eloquentissimo
1148 4393 1209 4447 viro,
