2850 4759
348 294 877 407 eaor.cacc1na,0.ra.
1121 266 1218 362 “acc

42 477 254 542 permagnam
280 455 411 525 initia'a
435 455 534 524 nobis
560 454 723 536 gratiam,
744 468 823 520 cum
845 470 924 520 eum
949 463 1126 521 auctorem
1141 472 1217 522 ’no-

41 574 125 628 strae
151 558 358 626 defensionis
383 577 458 624 eane
482 555 607 623 dicitis.
648 554 737 622 illud
764 566 879 622 autem
904 554 1127 632 miror,-cur
1150 575 1215 624 ros

40 660 202 744 †aliquid
226 672 347 729 contra
371 679 426 725 me
445 659 571 726 sentire
596 657 734 742 dicatis,
756 677 835 724 cum
853 676 932 724 eum
954 667 1130 725 auctorem
1150 677 1215 725 voa

40 786 96 846 pro
117 783 171 828 me
195 759 388 844 appetieris,
410 763 435 836 †
457 770 611 826 restrum
629 758 827 825 nominetis.
871 755 1113 823 Verumtamen
1133 754 1215 849 quial

41 865 82 928 ait
96 876 209 930 vester
224 863 288 930 iste
309 861 461 945 auctor?
498 862 634 951 Qutavs
652 880 812 946 uulnera
833 878 960 926 vaaaas
980 878 1104 926 acrum
1123 878 1214 927 rno-

39 984 316 1046 uuucmrumouu
342 984 409 1032 sta.
1042 966 1045 971 ’

37 1104 39 1109 .
108 1069 278 1131 xxvtrt.
306 1064 475 1148 ⁴Conveni
489 1085 560 1144 ego
584 1085 629 1132 ex
649 1065 715 1132 isto
732 1083 858 1143 genere
881 1062 1117 1133 consultorum
1142 1085 1214 1132 non

40 1167 218 1245 neminem,
253 1178 292 1232 ut
320 1167 459 1248 opinor,
479 1165 597 1231 iatum
624 1165 755 1246 ipsum,
786 1188 853 1247 quo
881 1187 944 1233 vos
969 1176 1112 1234 auctore
1138 1186 1212 1232 rem

39 1268 129 1334 istam
152 1288 258 1348 agere
283 1277 318 1334 et
345 1266 577 1333 defensionem
603 1286 727 1333 causac
753 1266 961 1333 consutuere
988 1287 1051 1334 vos
1081 1265 1212 1345 dicitis}

39 1370 105 1448 qui,
127 1389 206 1434 eum
233 1369 333 1436 istam
359 1367 624 1449 disputationem
646 1386 782 1433 mecum
807 1367 983 1446 ingressus
1009 1379 1119 1445 earet,
1141 1387 1212 1433 non

38 1490 131 1548 posse
151 1470 288 1551 probari
311 1488 516 1552 quemquam
542 1488 618 1534 esse
641 1466 829 1550 deiectum,
851 1469 915 1534 nisi
936 1488 980 1534 ex
1000 1488 1041 1535 eo
1058 1467 1153 1544 loco,
1176 1467 1212 1535 in

40 1593 98 1650 qun
117 1571 259 1645 suisset,
279 1592 351 1635 rem
374 1584 409 1636 et
424 1570 627 1637 sententiam
647 1569 816 1635 interdicti
838 1589 972 1635 mecum
990 1570 1105 1635 facere
1125 1566 1213 1633 fate·

39 1669 146 1748 batur,
170 1671 276 1736 verbo
306 1690 361 1735 me
389 1669 524 1735 excludi
551 1669 702 1748 dicebat3
726 1691 745 1736 a
769 1670 874 1737 verbo
900 1682 1012 1737 autem
1033 1688 1136 1751 posse
1156 1687 1212 1733 re·

38 1771 101 1836 redi
124 1794 195 1837 non
217 1771 458 1837 arbitrabatur.
500 1772 588 1838 Cum
617 1768 784 1852 exemplis
809 1781 925 1837 uterer
949 1768 1084 1848 multis,
1106 1768 1209 1834 etiam
1229 1771 1271 1835 80

37 1870 85 1935 itta
108 1873 249 1938 materia
272 1871 635 1952 aequirarta,ave1·bo
660 1883 694 1937 et
717 1871 758 1936 ab
779 1870 908 1953 scripto
930 1870 1086 1953 piurimis
1106 1888 1210 1951 saepe

36 1970 63 2037 in
82 1975 181 2040 rebus
207 1973 258 2039 ius
279 1983 314 2038 et
329 1972 432 2056 ¹aequi
457 1970 603 2054 bonique
620 1971 788 2037 rationem
811 1989 887 2037 erae
905 1971 1095 2036 seiunctam
1120 1989 1211 2036 senr-

37 2082 151 2155 perque
185 2073 218 2138 id
251 2071 398 2139 valuisse
432 2069 637 2155 plurimum,
665 2070 759 2153 quod
783 2073 817 2147 in
844 2090 882 2137 se
907 2071 1120 2145 auctoritatis
1149 2069 1211 2160 ha-

38 2175 154 2247 buiasct
174 2175 421 2254 aequitatisque
444 2171 650 2254 plurimum:
673 2170 872 2239 consolatus
894 2182 949 2237 est
965 2192 1020 2237 me
1037 2183 1071 2236 et
1091 2181 1209 2237 osten·

37 2273 79 2338 dit
98 2276 129 2340 in
151 2274 218 2341 bac
235 2276 308 2356 ipsa
328 2294 432 2340 causa
450 2272 532 2339 nibil
550 2291 639 2349 csse,
662 2271 754 2355 quod
773 2270 983 2339 laborarem:
1004 2292 1084 2338 nam
1105 2271 1210 2337 verba

36 2374 99 2454 ipsa
125 2376 323 2456 sponsionis
352 2378 468 2441 facere
499 2388 653 2450 mecum,
681 2372 859 2440 similem
887 2370 1068 2451 diligenter
1092 2381 1208 2437 ,attam

38 2475 115 2543 dere.
157 2479 338 2567 Quonam,
360 2478 517 2558 inquam,
540 2474 673 2545 modo?
707 2474 797 2564 Quia
821 2486 933 2551 certe,
960 2472 1087 2557 inquit,
1117 2470 1208 2538 deie-

38 2591 102 2646 ctus
122 2591 178 2645 cat
199 2579 343 2644 Caecina
369 2582 420 2661 vi,
452 2576 646 2643 irominibus
667 2575 826 2653 arnratis,
857 2573 969 2656 aliquo
991 2594 1036 2640 ex
1057 2572 1150 2640 loco:
1177 2572 1209 2639 ei

37 2701 95 2745 noc
120 2701 166 2745 ex
193 2700 236 2745 eo
260 2678 361 2756 icco,
393 2699 494 2760 quem
529 2674 702 2742 inlocum
733 2676 849 2742 venire
881 2670 1009 2753 voluit,
1035 2687 1070 2740 at
1097 2695 1141 2741 ex
1165 2666 1206 2740 e'o

38 2792 132 2856 certe,
164 2779 255 2846 unde
275 2780 374 2859 sugit.
417 2765 643 2867 Quidtumi'
663 2777 824 2852 Praetor,
855 2777 984 2857 inquit,
1014 2774 1230 2850 interdixit,

38 2893 83 2956 ut,
112 2880 203 2948 unde
226 2880 378 2946 deiectus
397 2892 504 2954 esset,
532 2899 572 2943 eo
599 2878 858 2961 restitueretur,
887 2874 955 2943 hoc
979 2888 1048 2952 est,
1069 2876 1210 2957 quicun-

37 3003 93 3061 que
119 2984 146 3049 is
174 2982 274 3049 iocus
298 2992 407 3055 earet,
443 2977 532 3045 uude
561 2977 713 3047 deiectus
739 2987 842 3043 esset.
883 2975 1051 3041 Aebutius
1079 2984 1207 3048 autem,

37 3084 85 3163 qui
104 3085 249 3163 fatetur,
274 3082 385 3164 aliquo
400 3101 452 3174 ex
469 3078 546 3146 loco
564 3076 735 3145 deiectum
755 3094 831 3145 esse
852 3075 1051 3153 Caecinam,
1071 3073 1118 3149 is,
1138 3092 1206 3154 quo

38 3248 254 3265 -un—-ss-

38 3360 127 3418 aliquem
144 3363 185 3411 τοί
201 3363 268 3424 quod
286 3360 369 3407 malin
385 3360 478 3418 aliquid
498 3361 606 3417 aliquem.
641 3360 766 3406 Sententia
781 3358 856 3419 igitur
871 3359 934 3406 baec
949 3364 998 3406 esta
1027 3356 1208 3416 „illudentem

38 3441 117 3500 miror,
134 3456 178 3503 eur
198 3458 243 3491 voe
261 3443 368 3504 aliquem
386 3441 479 3502 aliquid
495 3446 584 3488 eontra
603 3457 641 3490 me
657 3442 746 3489 sentire
764 3442 864 3498 dicetis,
882 3453 937 3488 curu
955 3455 1010 3488 eum
1026 3441 1119 3500 iprum,
1136 3451 1209 3500 quern

38 3528 132 3569 restrum
149 3525 283 3572 nominati·
301 3530 443 3580 auctorem,
460 3538 508 3583 pro
525 3537 579 3581 me,
595 3523 664 3585 (cnm
675 3539 725 3584 ego
737 3525 790 3584 ipae
802 3525 885 3584 potine
897 3534 952 3570 eunt
963 3508 1208 3582 appeunre'pomim)

39 3610 152 3652 auctorem
168 3608 326 3667 appelletia“
359 3607 425 3654 Ante
435 3621 475 3654 aa.
488 3611 589 3651 matrum
609 3608 732 3652 nominetur
747 3608 836 3666 euppIe
851 3605 1019 3666 eogimrionez
1041 3605 1089 3651 reri.
1105 3626 1141 3644 ι-
1157 3603 1209 3660 qui·

38 3684 73 3729 lua
93 3687 197 3748 quidque]
217 3704 232 3735 e
255 3687 326 3749 tut.
346 3689 452 3734 omnibus
472 3689 571 3745 quidque
591 3688 643 3733 Eri.
665 3690 769 3733 omnibus
789 3689 900 3746 quidquid
919 3688 951 3733 0.
985 3687 1115 3732 romane:
1133 3685 1208 3728 omni·

39 3766 74 3810 bur
88 3771 163 3826 quibua
178 3772 285 3828 quidque.
297 3793 331 3807 -
343 3785 390 3815 non
410 3768 533 3829 nemiuem]
558 3771 652 3816 Firmat
671 3772 735 3816 bunc
755 3771 812 3816 lect.
829 3768 896 3826 ert,
913 3770 976 3814 unda
994 3767 1114 3814 stabilitur
1135 3764 1209 3810 etiarn

40 3853 135 3906 “mie
159 3866 208 3910 pro
227 3855 335 3897 convenit
356 3851 454 3913 (Ere).
490 3852 588 3899 Scilicet
608 3853 732 3899 Emesam
750 3846 799 3897 eice
825 3853 885 3901 anua
902 3855 978 3895 auam
997 3852 1085 3902 miror,
1103 3861 1145 3891 cur
1167 3853 1223 3889 coe

40 3931 119 3989 ubertat
133 3939 215 3978 contra
232 3948 269 3977 me
283 3914 375 3979 reatin*
386 3936 487 3988 dicatis,
509 3948 561 3979 cum
577 3949 627 3980 eum
641 3941 759 3979 auctorem
777 3946 818 3977 cce
832 3947 881 3989 pro
895 3948 931 3978 me
946 3933 1081 3988 appelletis,
1104 3932 1209 3991 acetrum

40 4015 157 4060 nominetis.
196 4015 354 4060 Verumtamen
370 4018 427 4074 quid
441 4018 478 4060 ait
495 4018 537 4060 tere
552 4021 630 4061 notter
646 4017 749 4061 amtor?
789 4014 899 4060 Ommbue
916 4014 1028 4071 quidquid
1042 4010 1118 4055 verbis
1132 4012 1210 4052 uetuere

39 4098 244 4154 procuratoremque
269 4100 314 4150 ait,
341 4100 453 4142 conuenit.
497 4099 549 4154 &a
571 4112 601 4141 ea·
621 4100 668 4143 tato
689 4110 775 4155 genere
793 4098 950 4142 consultorum
971 4108 1016 4140 noa
1037 4093 1165 4143 nominem,
1183 4093 1210 4132 ut

41 4175 115 4227 opinor
132 4180 199 4225 iatum
219 4181 309 4236 aprum,
335 4193 382 4237 quo
401 4192 443 4223 noa
464 4183 559 4223 auctore
579 4184 625 4224 cet.

98 4279 109 4342 1
132 4283 172 4330 80.
191 4284 271 4329 multia
288 4285 313 4328 in
331 4283 374 4328 atta
389 4284 488 4329 materia
508 4298 560 4343 aeq.
594 4283 675 4331 luctu.
