2850 4759
71 303 79 332 .
247 252 415 325 canno
439 254 501 319 111.
527 250 576 320 tu
600 227 875 330 cnruruau',
904 268 934 317 ι.
957 251 988 321 ι.
1138 249 1262 314 ιιι

48 416 111 503 quid
125 427 276 499 agerent,
299 409 377 499 quid
388 412 608 498 molirentur,
622 414 783 481 sentirem
799 432 839 479 ac
851 409 1015 478 viderem:
1038 422 1095 491 ut,
1110 429 1196 494 quo·

45 524 119 588 niam
139 521 272 588 auribus
293 509 415 609 vestris
435 530 574 601 propter
593 516 821 585 incredibilem
844 514 1108 597 magnitudinem
1123 536 1196 583 sce-

45 626 110 692 leris
130 626 293 693 minorem
314 623 414 690 iidem
437 623 566 690 faceret
585 622 693 689 oratio
714 642 807 709 mea,
828 641 900 687 rem
916 620 961 686 ita
975 617 1196 703 comprehen-

45 729 156 808 derem,
186 741 225 796 ut
251 740 322 796 turn
351 726 488 797 demum
517 727 637 796 animis
665 723 766 792 saluti
794 737 929 802 vestrae
949 723 1194 808 provideretis,

44 853 106 908 curn
120 833 240 900 'oeulis
269 830 471 899 maleficium
499 831 608 914 ipsum
632 828 804 897 videretis.
843 827 963 913 Itaque
983 841 1021 895 ut
1042 828 1192 912 comperi
1214 833 1233 895 5

43 933 153 1017 legatos
174 935 400 1018 Allobrogum
422 933 498 1003 belli
521 932 734 1016 Transalpini
755 944 790 999 et
811 930 975 999 tumultus
993 931 1113 1001 Gallici
1135 939 1194 999 ex·

44 1040 149 1106 citandi
177 1061 326 1108 causae
354 1041 390 1107 Ρ.
420 1037 561 1106 Lentulo
589 1057 663 1106 esse
689 1035 890 1105 sollicitatos
910 1057 1036 1120 eosque
1056 1037 1090 1103 in
1112 1035 1192 1104 Gal·

43 1139 106 1209 lianr
125 1142 165 1210 ad
185 1165 266 1212 suos
287 1145 378 1211 cives
400 1141 584 1226 eodemque
598 1142 718 1209 itinere
732 1161 809 1228 curn
824 1139 945 1208 litteris
959 1140 1193 1223 mandatisque
1287 1213 1289 1221 ,

43 1244 74 1310 ad
94 1236 264 1314 Catilinam
287 1268 361 1316 esse
384 1247 504 1314 missos
525 1247 753 1330 comitemque
773 1245 813 1312 iis
833 1242 1028 1312 adiunctum
1050 1245 1090 1312 Τ.
1114 1245 1195 1323 Vol·

44 1351 170 1418 turcium
197 1363 298 1435 atque
328 1350 408 1419 huic
427 1369 507 1418 esse
527 1348 570 1416 ad
592 1347 767 1426 Catilinam
790 1346 883 1414 datas
904 1347 1052 1428 litteras,
1083 1348 1192 1416 facul·

43 1463 128 1521 tatem
148 1452 229 1521 milri
251 1451 398 1521 oblatam
418 1454 552 1537 putavi,
574 1464 629 1531 ut,
650 1451 739 1536 quod
755 1463 827 1518 erat
841 1450 1070 1521 difficillimum
1086 1452 1193 1535 quod·

43 1577 94 1637 que
116 1578 176 1638 ego
204 1577 341 1640 semper
369 1558 572 1640 optabam'a
599 1556 661 1624 diis
688 1552 951 1633 immortalibus,
983 1566 1022 1622 ut
1044 1567 1115 1637 tota
1135 1576 1191 1625 res

41 1680 94 1726 non
116 1659 272 1729 solum'a
301 1667 373 1738 me',
407 1659 467 1729 sed
495 1662 595 1728 etiam
617 1680 636 1726 a
656 1671 775 1727 senatu
796 1670 831 1725 et
850 1680 870 1726 a
891 1657 987 1727 vobis
1009 1660 1191 1728 manifesto

43 1762 342 1845 deprehenderetur.
381 1766 499 1848 ltaque
521 1763 677 1858 hesterno
700 1763 753 1829 die
767 1763 802 1833 t.
817 1762 974 1830 Flaccum
989 1774 1023 1830 et
1037 1764 1075 1831 G.
1089 1765 1191 1832 Pona-

42 1866 161 1947 ptinurn,
174 1877 368 1952 praetores,
379 1869 584 1936 fortissimos
600 1879 700 1951 atque
716 1868 964 1937 amantissimos
975 1869 1023 1934 rei
1037 1867 1192 1950 publicae

42 1970 129 2051 viros,
148 1973 189 2040 ad
210 1994 269 2040 me
288 1972 407 2041 rocavi
415 1995 425 2053 ς
446 1993 519 2039 rem
541 1993 675 2039 omnem
698 1973 859 2054 exposui3
887 1969 967 2051 quid
987 1972 1059 2039 lieri
1080 1970 1191 2056 place·

42 2084 94 2150 ret,
112 2076 254 2143 ostendi.
296 2074 348 2143 Illi
370 2088 500 2154 autem,
531 2074 721 2158 qui-omnia
742 2076 784 2141 de
804 2095 841 2141 re
862 2073 996 2158 publiea
1016 2074 1192 2159 praeclara

43 2186 123 2258 atque
142 2180 278 2262 egregia
305 2181 488 2257 sentirent,
518 2183 590 2249 sine
611 2179 824 2253 recusatione
851 2200 890 2246 ac
910 2180 984 2247 sine
1003 2177 1073 2246 ulla
1093 2187 1191 2250 mora

41 2282 190 2359 negotium
215 2296 441 2366 susceperunt
462 2295 510 2359 et,
541 2303 618 2348 curn
647 2274 960 2364 advesperasceret,
992 2278 1125 2349 occulte
1147 2282 1191 2349 ad
1252 2287 1255 2292 ’

41 2396 157 2460 pontem
172 2385 344 2456 Mulvium
365 2398 592 2470 pervenerunt
613 2397 713 2469 atque
734 2386 777 2453 ibi
798 2387 832 2453 in
851 2384 1016 2469 proximis
1036 2382 1122 2453 villis
1142 2385 1191 2452 ita

42 2484 177 2567 bipartito
206 2491 363 2567 fuerunt,
397 2503 436 2557 ut
461 2491 592 2558 Tiberis
619 2490 707 2557 inter
735 2510 794 2558 eos
822 2501 857 2557 et
881 2510 968 2573 pons
995 2490 1189 2557 interesset.

42 2585 150 2659 Eodem
172 2606 287 2665 autern
310 2607 344 2660 et
365 2594 427 2677 ipsi
448 2595 519 2662 sine
540 2596 742 2677 cuiusquam·
759 2595 951 2678 suspicione
970 2593 1098 2662 multos
1119 2594 1190 2661 for-

42 2700 80 2758 tes
99 2696 184 2765 viros
207 2695 417 2774 eduxerunt,
438 2709 471 2765 et
492 2718 554 2779 ego
577 2720 621 2764 ex
642 2699 857 2779 praefectura
876 2699 1016 2766 Reatina
1037 2696 1189 2782 complu·

42 2814 84 2861 res
102 2798 249 2869 delectos
262 2799 521 2879 adolescentes,
553 2824 696 2885 quorum
719 2824 822 2884 opera
842 2814 922 2870 utor
943 2800 1076 2871 assidue
1097 2803 1130 2868 in
1151 2821 1189 2867 re

41 2899 169 2982 publica,
190 2902 361 2987 praesidio
383 2920 459 2972 cum
481 2893 600 2987 gladiis
623 2907 793 2975 miseram.
835 2905 975 2974 Interim
998 2907 1096 2974 tertia
1117 2905 1188 2971 sere
1210 2925 1230 2986 g

42 3020 247 3043 “·----.

93 3087 139 3150 lb.
157 3080 332 3164 Promptim'urri
354 3090 412 3155 (sic)
434 3094 464 3140 R.
487 3095 660 3151 Promptimum
681 3094 710 3141 T.
729 3118 764 3133 ·-
779 3096 842 3140 uiros
864 3096 976 3140 adoocoui
992 3094 1023 3143 T.
1039 3120 1074 3134 ·-
1090 3096 1188 3144 Habent

42 3181 77 3213 tem
92 3187 171 3220 omnent
188 3176 266 3223 TRP.
285 3178 340 3225 Del.
358 3192 446 3223 omnem
464 3178 546 3237 steph.
564 3179 672 3239 Madvig.
686 3203 717 3215 -·
730 3181 791 3238 quod
808 3182 886 3224 omnio
903 3179 1016 3226 drusiani
1032 3181 1110 3227 codd.
1129 3195 1189 3228 non·

41 3253 86 3300 fltlli
101 3264 122 3303 et
137 3259 197 3308 Edd.
215 3262 263 3308 Sed
280 3257 342 3308 eod.
360 3262 423 3308 Gud.
442 3265 488 3321 qui.
505 3289 538 3301 -
556 3251 650 3323 egregia
668 3269 735 3324 alque
749 3249 874 3322 praeclaro
890 3264 920 3310 P.
938 3272 1023 3312 contra
1045 3265 1190 3313 Arusianum

42 3342 59 3379 tl
72 3338 116 3387 ΤΒ.
131 3371 163 3382 -
179 3348 229 3390 sina
251 3350 396 3393 excusatione
416 3363 444 3394 oc
460 3350 508 3393 sine
525 3363 591 3393 moro
609 3351 656 3393 ullo
678 3349 757 3394 P.-
777 3350 879 3407 bipertiti
895 3349 999 3441 'm'-
1016 3352 1189 3398 eduxerdnlll.
1247 3408 1251 3412 Α

40 3509 110 3553 residue
126 3518 176 3557 utor
192 3514 252 3560 Ern.
270 3518 294 3559 ιἰι
312 3518 372 3573 rea'p.
389 3521 442 3563 utor
458 3519 548 3562 assidue
565 3467 673 3578 Madvig.

92 3592 101 3654 l
117 3597 139 3641 6.
152 3602 248 3655 pontem
264 3600 377 3646 diutarium
389 3599 441 3647 ΤΒ.
454 3601 512 3648 Ern.
520 3593 616 3659 pontem
628 3600 761 3668 [Muluium]
775 3602 884 3665 Madrig.
893 3630 927 3643 -
939 3593 1063 3651 educuntur
1074 3608 1103 3653 ab
1115 3607 1144 3653 T.
1156 3629 1191 3647 -ι

91 3764 138 3825 lb.
155 3770 182 3816 L.
200 3770 313 3818 Valerius
329 3754 434 3820 Flaccus
451 3773 507 3835 (cfr.
525 3775 663 3823 orationem
680 3792 728 3838 pro
746 3794 777 3827 eo
794 3780 903 3841 bobilam
921 3774 1014 3843 5102.)
1034 3790 1057 3830 et
1075 3784 1103 3830 C.
1115 3783 1190 3833 Pom-

42 3843 119 3903 ptinus,
135 3853 175 3913 qui
192 3861 281 3913 posteo
298 3856 422 3904 Ciceronis
439 3857 463 3903 in
481 3857 568 3910 Cilicia
591 3860 718 3920 provincio
736 3862 782 3909 fuit
804 3865 906 3925 legatus.
945 3868 1013 3912 Viros
1024 3871 1136 3914 militares
1148 3885 1191 3918 eos
1261 3855 1264 3868 ’

42 3938 100 3976 voest
116 3936 227 3985 Salustius
245 3954 266 3985 e.
283 3935 325 3986 45ss
343 3966 377 3981 -ι-
397 3946 490 3999 pontem
513 3944 636 4006 Mutrium]
659 3947 749 3994 Faetus
766 3963 782 3994 a
800 3949 834 3994 M.
853 3949 960 3998 Aemilio
977 3951 1072 4001 Scauro
1090 3969 1191 4001 censore

41 4022 59 4055 ³·
75 4027 94 4060 tt·
109 4031 128 4064 c.
144 4021 201 4068 643.
219 4022 243 4068 in
261 4024 444 4082 viaFlaminia,
468 4027 516 4074 tria
534 4028 638 4075 distabat
656 4031 723 4078 milia
741 4047 853 4092 passuum
870 4034 902 4079 ab
920 4035 986 4082 urbe.
1021 4038 1103 4085 Hodie
1115 4042 1192 4085 Ponto

41 4093 106 4145 llotle.
126 4104 208 4160 Reate,
232 4107 255 4153 b.
272 4109 349 4162 meet,
374 4110 515 4158 Sabinorum
533 4114 587 4161 urbs
605 4117 636 4161 ad
661 4115 771 4162 Velinum
793 4119 888 4165 flumen.
922 4120 1040 4168 Reatinos
1059 4137 1106 4169 non
1120 4139 1190 4183 pror·

42 4190 72 4223 ⁸¹1⁸
92 4187 186 4248 temere,
212 4194 281 4252 quod
305 4207 354 4240 uon
384 4208 454 4242 nemo
478 4196 591 4257 opinatus
618 4206 666 4258 est,
699 4208 818 4249 memorat
847 4210 948 4261 orator,
976 4206 1063 4252 etenim
1091 4207 1116 4254 iu
1145 4210 1192 4254 lide

43 4261 148 4317 Ciceronis
164 4274 225 4334 (elus
243 4278 351 4339 clientes)
369 4288 454 4337 erant,
471 4286 498 4327 ut
515 4295 577 4328 nunc
594 4291 689 4331 constat
707 4301 741 4332 ex
759 4286 917 4334 Scaurianae
922 4288 934 4350 l
949 4273 993 4337 st.

99 4350 147 4412 lli.
163 4359 284 4409 educuntur
301 4369 323 4409 et
339 4365 368 4411 ab
385 4366 434 4412 illie
449 4366 525 4427 gladii
542 4370 564 4412 et
579 4381 594 4413 a
611 4372 697 4416 nostris
714 4369 772 4434 eet]
790 4372 948 4420 Probabilior
964 4380 1000 4420 ert
1017 4374 1117 4422 Salustii
1135 4390 1191 4425 nar·
