2850 4759
298 348 302 356 .
393 288 456 357 ab
484 284 670 363 Ptttth’P.
694 293 741 356 11.
770 292 826 373 33,
846 292 898 361 82.
1020 315 1023 321 ’
1178 303 1237 370 dii

127 442 330 515 ‘Maximam
346 443 577 515 difficultatem
598 449 633 515 in
655 459 728 518 tota
746 447 811 520 hac
829 452 961 520 ratione
980 471 1084 524 exeo
1102 467 1236 528 motum

35 548 86 615 iri
110 548 318 636 praevideo,
339 561 379 616 ut
399 546 660 618 addubitaturns
679 572 852 620 nonnemo
867 555 929 635 sit,
952 575 994 622 an
1007 556 1136 638 primae
1148 556 1238 626 clas-

34 651 93 718 sis
121 650 300 718 centuriae
318 650 415 721 binae
432 671 509 719 esse
528 654 701 734 potuerint
720 648 821 720 etiam
843 656 877 722 in
899 669 1061 738 quattuor
1083 659 1237 728 tribubus

36 751 207 820 urbanis.
265 749 335 820 Sed
368 753 615 834 posterioribus
646 754 856 836 temporibus
892 757 1052 826 credibile
1084 773 1136 829 est
1167 783 1238 840 nou

38 852 170 921 solum
193 855 397 939 operarios,
426 854 604 935 artifices,
630 854 805 936 libertinos
826 858 860 924 in
884 858 925 926 iis
948 859 1080 937 luisse,
1113 883 1236 935 verum

38 956 159 1023 etiam
178 954 354 1033 homines,
370 956 439 1038 ¹qni
460 967 598 1025 eentum
629 956 760 1025 milium
784 961 872 1028 aeris
897 980 1037 1030 censum
1062 961 1256 1035 haba-eut.

39 1056 193 1124 Etenim
226 1077 306 1140 cum
338 1058 429 1125 circa
455 1078 486 1127 ι.
514 1079 550 1124 ιι.
574 1079 606 1125 c.
626 1061 698 1124 stt.
731 1072 818 1137 teste
842 1061 939 1130 Livio
964 1066 1082 1150 tt‚,8.
1113 1087 1238 1147 magna

40 1158 240 1229 multitudo
265 1159 399 1228 socitim
422 1161 568 1228 nominis
581 1160 690 1228 Latini
709 1161 839 1229 Romae
863 1164 956 1230 censi
974 1165 1121 1234 Romam
1141 1189 1238 1235 eom·

43 1250 268 1343 migrassent
294 1262 454 1344 civesque
475 1263 620 1331 Romani
649 1263 732 1330 faeti
753 1275 887 1344 essent,
908 1264 1033 1332 bialia
1059 1290 1160 1350 quam
1178 1292 1237 1338 ur-
1283 1296 1289 1305 ·

42 1361 143 1430 bana
173 1362 262 1429 tribu
289 1382 365 1431 esse
391 1363 451 1429 vix
478 1374 648 1446 poterant.
691 1364 839 1432 Omnino
868 1377 984 1434 autem
1011 1379 1092 1435 octo
1120 1382 1238 1438 centn·

44 1463 125 1531 riae
149 1464 358 1532 urbanarum
385 1466 533 1533 tribuum
558 1465 641 1533 nihil
667 1464 826 1533 valebant
853 1465 1018 1537 adversus
1040 1480 1236 1547 ceterarum

45 1565 185 1647 primae
212 1565 333 1635 classis
354 1576 584 1637 centuriarum
606 1588 799 1636 nnmerum.
854 1622 860 1627 .

124 1665 339 1747 ,Μίιιὼίίὶῑει
363 1679 477 1735 autem
492 1670 698 1751 conspirare
719 1680 904 1753 utrumque
927 1672 1100 1740 Ciceronis
1120 1671 1236 1741 locum

48 1766 95 1838 de
124 1768 209 1850 Rep.
242 1771 277 1854 2,
305 1770 355 1841 22.
382 1782 417 1836 et
443 1767 588 1852 Philipp.
615 1773 653 1849 2,
681 1771 739 1848 33,
767 1773 820 1838 82.
843 1792 890 1838 ιιι
921 1772 988 1839 hac
1017 1773 1236 1841 comitiorum

48 1870 325 1943 centuriatorum
357 1868 585 1952 descriptione
608 1869 767 1939 elucebit.
809 1877 898 1943 Ante
924 1862 1038 1942 omnia
1059 1886 1152 1942 sorte
1174 1874 1237 1941 du·
1337 1951 1343 1959 ,

52 1970 166 2041 cende
191 1984 265 2043 erat
288 1992 333 2040 ex
356 1975 406 2043 70.
429 1973 561 2055 primae
585 1972 703 2040 elassis
730 1976 893 2043 centuriis
920 1976 1072 2043 centuria
1099 1997 1239 2058 praero-

33 2074 180 2154 gativa:
203 2077 305 2155 (non,
320 2086 359 2141 nt
374 2072 527 2158 plerique
544 2074 674 2153 dicunt,
697 2075 817 2153 tribus,
834 2096 954 2160 neque,
973 2088 1010 2142 ut
1028 2075 1084 2143 alii
1102 2078 1237 2154 volunt,

51 2172 271 2259 promiscue,
299 2175 484 2245 cumidem
508 2175 734 2256 significaret,
755 2174 865 2242 Latini
893 2177 1104 2258 usurpabant
1126 2192 1161 2247 et
1180 2185 1239 2246 tri-

50 2277 202 2345 humet
230 2279 419 2345 centuriam
449 2277 756 2359 praerogativam).
802 2275 942 2345 Sortitio
972 2279 1020 2344 ita
1052 2300 1237 2367 compone·

52 2378 173 2456 batur,
199 2389 239 2445 nt
262 2379 296 2445 in
317 2377 463 2447 sitellam
488 2377 740 2446 coniicerentur
768 2379 820 2442 70.
842 2390 952 2448 sortes
977 2382 1028 2448 sio
1053 2382 1238 2464 inscriptae

51 2479 219 2546 Aemilia
234 2479 431 2565 iuniorum,
452 2477 619 2547 Aemilia
641 2478 828 2547 seniorum
847 2479 938 2557 (scil.
958 2482 1238 2564 primae-classis)

15 2570 19 2581 ¹
54 2600 95 2649 ao
116 2579 271 2649 similiter
289 2602 398 2665 usqne
416 2579 460 2648 ad
477 2582 766 2663 septuagesimam
788 2580 928 2650 ultimae
952 2585 1071 2653 tribus.
1113 2586 1237 2655 Certus

54 2685 145 2750 enim
170 2694 244 2750 erat
265 2683 414 2751 tribuum
435 2681 534 2750 ordo.
573 2684 693 2765 Itaque
710 2695 803 2751 sorte
825 2683 1014 2767 ducebatur
1032 2685 1139 2755 semel
1160 2708 1239 2773 cen·

56 2786 145 2852 turia
169 2786 428 2866 praerogativa,
462 2786 679 2868 neutiquam,
710 2797 749 2852 ut
778 2784 877 2852 multi
908 2788 1136 2867 contendunt,
1167 2790 1238 2870 pri·

55 2908 149 2954 mum
168 2887 275 2954 tribus
293 2888 551 2972 praerogativa,
574 2872 648 2954 tum
664 2886 770 2954 altera
791 2889 974 2955 sortitione
992 2909 1036 2954 ex
1053 2893 1141 2958 tribu
1162 2914 1239 2959 rur·

56 3009 114 3059 sus
128 2988 293 3055 centuria.
329 2987 512 3070 inigitur,
533 3002 572 3055 ut
584 2988 673 3066 dixi,
690 2988 912 3070 explicandae
926 2989 1111 3068 Aniensis,
1127 2989 1161 3054 V
1161 3002 1237 3085 etn-

58 3090 134 3168 ria,
154 3087 308 3157 Galeria
327 3080 515 3157 iuniorum
534 3090 569 3156 in
594 3092 701 3158 tribus
732 3090 796 3159 illis
820 3092 903 3158 Livii
920 3092 1020 3159 locis.
1061 3091 1237 3172 Suffragiis

57 3192 314 3275 praerogativae
338 3192 483 3263 diribitis
510 3190 635 3276 praeeo
662 3194 855 3272 renuntiat,
884 3194 958 3275 quis
979 3195 1051 3261 eius
1075 3194 1239 3273 suffragia

59 3293 185 3360 tulerit.
231 3292 319 3363 Tum
343 3296 453 3378 prima
473 3294 593 3362 classis
614 3305 759 3361 vocatur
779 3296 868 3362 intra
888 3295 998 3365 ovile:
1031 3298 1077 3363 ita
1098 3317 1239 3376 compo-

60 3396 142 3473 sita,
172 3406 212 3462 ut
238 3408 291 3464 est
320 3396 411 3479 apud
438 3398 508 3463 Cic.
532 3396 575 3463 de
595 3396 681 3478 Rep.
705 3394 728 3461 l.
751 3394 795 3482 l.‚
831 3398 978 3465 deducta
1004 3396 1078 3470 scil.
1099 3419 1238 3480 praero-

59 3497 187 3582 gativa,
208 3509 384 3564 remanent
399 3500 449 3566 69.
471 3499 664 3581 centuriae,
685 3497 859 3566 adduntur
880 3503 930 3567 12.
951 3502 1124 3583 centuriae
1143 3501 1268 3583 eqni·

16 3638 17 3643 κ
62 3608 149 3683 tum,
176 3599 234 3681 qni
250 3592 361 3681 ¹primi
386 3599 549 3680 suffragia
578 3599 697 3669 tulisse
718 3601 895 3680 videntur,
915 3614 968 3685 et,
991 3623 1077 3685 quae
1096 3603 1143 3670 ad
1159 3624 1238 3686 spe-

62 3699 143 3765 ciem
166 3699 381 3781 adiungitur,
403 3722 471 3767 una
490 3702 625 3769 fabrum
647 3703 888 3782 tignariorum:
911 3704 959 3770 ita
979 3716 1018 3770 ut
1034 3726 1153 3773 omues
1169 3708 1239 3772 sint
1331 3757 1335 3769 .

61 3801 110 3865 82.
139 3803 324 3868 centuriae.
379 3802 531 3871 Diribitis
562 3804 734 3884 suffragiis
767 3825 887 3872 rursus
917 3809 1149 3891 renuntiatur,
1181 3807 1239 3888 qui

63 3901 176 3969 consul
198 3901 310 3970 dictus
330 3903 385 3975 sit.
426 3903 472 3974 Ut
496 3925 540 3971 ex
557 3904 701 3988 Philipp.
721 3904 744 3971 l.
764 3905 786 3975 l.
807 3918 960 3986 constat,
985 3907 1105 3975 deinde
1125 3907 1185 3981 (ita
1199 3920 1239 3974 nt

64 4002 216 4087 assolet),
246 4004 331 4087 diois
363 4007 478 4089 potius
514 4026 635 4091 eausa,
667 4027 780 4091 qnam
802 4008 894 4091 quod
922 4030 1063 4091 prorsus
1097 4025 1237 4076 neeesse

65 4117 163 4182 esset,
194 4107 284 4174 intro
312 4120 481 4175 vocantur
508 4130 571 4177 sex
596 4111 775 4190 suffragia:
804 4114 899 4188 (sem
921 4111 1010 4192 apud
1036 4111 1238 4178 Ciceronem

64 4204 230 4276 brevitatis
257 4227 362 4275 causa
389 4211 554 4277 omissum
583 4212 768 4291 est‚‚itcm
796 4214 931 4278 tertium
962 4223 996 4278 ct
1020 4223 1179 4293 quartum
1202 4235 1237 4278 v.

66 4311 326 4387 renuntiatur).
367 4310 461 4381 Haec
489 4326 603 4382 autem
631 4334 694 4380 sex
722 4314 903 4393 suffragia,
938 4324 977 4379 nt
1000 4310 1173 4392 colligitur
1194 4335 1274 4387 ex.
