2850 4759
238 270 297 335 334
699 266 933 339 CICERONlS

178 430 216 495 21
240 429 402 517 voluerit,
423 442 602 507 coenatum
619 429 769 511 noluerit
786 430 969 500 occidere?
1008 430 1048 500 lu
1069 442 1265 516 posterum,
1285 432 1380 514 inquit,

239 536 328 605 diem
349 534 500 621 distulit,
528 548 567 603 ut
594 557 673 603 cum
696 536 731 603 in
755 533 932 605 castellum
953 535 1113 605 Luceium
1137 551 1278 603 ventum
1301 550 1380 612 esset,

239 639 283 707 ibi
311 640 460 721 cogitata
489 640 676 723 perliceret.
727 638 805 707 Non
834 640 933 709 video
962 659 1099 708 causam
1135 637 1200 707 loci
1235 641 1381 716 mutaudr,

239 742 299 812 serl
327 756 437 811 tamen
462 757 536 812 ueta
561 744 614 813 res
645 743 828 811 criminose
854 754 917 810 est.
970 743 1075 831 Cum,
1110 743 1237 829 iuquit,
1271 764 1382 812 rourrre

238 860 319 931 post
339 866 478 915 coenam
506 860 538 913 te
565 843 649 912 velle
671 846 832 926 dixisses,
854 848 885 913 iu
911 845 1066 916 balneum
1087 859 1119 916 te
1141 847 1267 915 ducere
1288 869 1382 930 coepe

238 962 336 1017 runt:
357 950 400 1017 ibi
421 950 508 1019 enim
530 961 627 1019 erant
645 947 796 1017 insidiae.
838 953 884 1016 m
910 962 942 1017 te
969 949 1085 1018 eadem
1110 962 1167 1019 tua
1191 950 1250 1018 illa
1272 950 1384 1018 loreum

238 1057 406 1121 servavit:
439 1054 472 1120 iu
496 1051 650 1121 cubiculo
673 1050 774 1120 malle
798 1051 925 1119 dixisti.
979 1053 1032 1121 Dii
1057 1065 1090 1121 te
1112 1052 1291 1137 perduint,
1319 1055 1385 1135 fugi·

240 1157 324 1225 tire!
354 1157 400 1226 ita
427 1181 494 1227 uon
517 1157 619 1225 modo
641 1179 784 1241 nequam
809 1175 843 1224 er
865 1154 1060 1238 improbus,
1086 1156 1148 1226 sed
1170 1160 1275 1225 etiam
1295 1161 1384 1225 fatuus

240 1274 274 1329 et
300 1282 416 1330 aureus
440 1282 488 1330 es.
539 1260 657 1353 Quid-l>
688 1260 745 1356 ille
771 1263 868 1343 signa
893 1280 997 1328 aenea
1021 1268 1054 1328 in
1078 1260 1207 1330 insidiis
1237 1275 1385 1345 posuerat,

239 1387 325 1451 quae
346 1387 364 1433 e
387 1364 505 1434 balneo
530 1367 565 1433 iu
589 1365 782 1432 cubiculum
805 1364 982 1432 transferri
1002 1389 1071 1433 non
1089 1366 1260 1449 possent?>
1299 1366 1384 1433 llabrs

239 1468 383 1538 criririna
400 1469 616 1537 insidiarum:
636 1468 720 1536 uilril
738 1469 826 1535 enirn
845 1468 930 1535 dixit
944 1465 1106 1550 amplius:
1128 1466 1271 1556 borum,
1292 1469 1385 1552 inquit,

240 1595 333 1640 eram
355 1573 524 1640 conscius.
568 1572 658 1664 Quid
685 1570 786 1640 runt
819 1572 865 1638 ita
888 1570 943 1639 ille
970 1570 1108 1641 demens
1133 1582 1223 1651 erat,
1256 1584 1295 1639 ut
1317 1593 1384 1643 euu.

241 1698 340 1761 quern
366 1677 449 1743 tanti
470 1669 608 1744 sceleris
630 1678 806 1745 conscium
832 1674 988 1755 baberet,
1008 1695 1029 1741 a
1051 1685 1089 1742 s'e
1109 1674 1321 1744 dimitteret?
1337 1677 1388 1743 llo-

241 1802 331 1848 ruam
354 1781 455 1848 etiarn
480 1781 650 1857 mitteret,
671 1780 726 1855 ubi
748 1791 782 1846 et
798 1777 1067 1849 inimicissimum
1088 1778 1192 1847 sciret
1213 1798 1290 1850 esse
1307 1802 1386 1862 uepc·

242 1897 310 1952 lem
332 1905 455 1961 suum,
477 1896 511 1950 et
532 1885 573 1950 G.
591 1882 771 1952 Caesarem
793 1884 846 1949 eui
864 1881 1001 1948 fecisset
1018 1880 1183 1950 insidias?
1211 1884 1384 1968 praesertin

181 1997 221 2061 22
243 2008 320 2056 curu
335 1989 363 2056 is
381 2009 468 2055 unus
483 2000 590 2069 esset,
612 1987 668 2072 qui
687 1997 804 2070 posset
818 1985 860 2064 de
880 1987 1017 2052 absente
1031 2006 1068 2053 se
1086 1985 1266 2054 indicare?
1286 1986 1353 2055 Etl
1377 2016 1385 2029 ·

114 2082 141 2143 ss
244 2106 312 2160 tres
333 2113 456 2171 meos,
476 2091 600 2176 iuquit,
629 2089 720 2175 quod
738 2102 839 2169 ¹eraut
860 2088 1004 2168 conscii,
1031 2090 1066 2156 in
1093 2089 1228 2158 vincula
1253 2090 1384 2158 coniecit.

229 2196 329 2264 ›Cum
355 2197 459 2279 igitur
483 2217 540 2264 eos
565 2196 726 2272 vinciret,
756 2215 842 2277 quos
865 2213 982 2261 secum
1007 2190 1167 2279 habebat,
1203 2207 1236 2261 te
1262 2192 1384 2263 solutum

244 2300 388 2369 Romam
410 2301 581 2378 mittebat,
605 2299 659 2384 qni
680 2296 798 2388 eadem
825 2298 949 2375 scires,
978 2317 1063 2380 quae
1087 2294 1163 2365 illos
1187 2298 1277 2366 scire
1302 2293 1385 2363 dicis?

229 2460 233 2469 .
264 2490 267 2497 ¹
320 2406 417 2470 Vttt.
462 2402 599 2487 Reliqua
617 2401 934 2487 paraacousationis
953 2397 1079 2485 duplex
1098 2403 1177 2469 suit:
1200 2425 1279 2486 uua,
1295 2418 1385 2482 regem

227 2528 379 2591 *semper-
404 2507 439 2575 in
467 2505 614 2590 speculis
645 2507 770 2583 fuisse,
805 2526 884 2573 cum
915 2528 935 2573 a
963 2518 996 2574 te
1021 2506 1133 2574 auimo
1160 2517 1252 2574 esset
1282 2502 1386 2574 alienu

244 2609 352 2679 altera
378 2612 566 2678 exercitum
589 2632 668 2678 eum
697 2622 817 2678 contra
846 2622 878 2677 te
905 2631 1067 2693 magnum
1090 2629 1318 2693 comparasse.
1350 2606 1386 2670 De

246 2715 398 2783 exercitu
429 2715 538 2782 dicam
567 2715 731 2793 breviter,
762 2726 801 2782 ut
834 2725 956 2781 cetera.
1001 2713 1182 2798 Nunquam
1213 2733 1271 2781 eas
1298 2709 1388 2793 copto

196 2876 198 2881 .
247 2841 309 2887 rex
333 2820 508 2896 Deiotarus
533 2818 663 2900 habuit,
685 2819 803 2902 quibus
822 2818 947 2885 inferre
968 2816 1091 2885 bellum
1112 2814 1242 2901 populo
1263 2819 1386 2884 Romano

245 2922 600 3007 posse13sedquibus
622 2924 704 2991 lines
725 2944 806 2992 suos
830 2922 871 2990 ab
895 2921 1152 2989 excursionibus
1177 2916 1345 3002 [bostium]
1362 2926 1386 2979 et

155 3032 158 3037 '
246 3026 426 3096 latrociniis
448 3038 602 3096 tueretur
620 3039 655 3095 et
675 3027 937 3108 imperatoribus
958 3026 1084 3093 nostris
1105 3024 1232 3092 auxilia
1252 3028 1383 3094 mitteret.

244 3134 357 3215 Atque
376 3144 475 3200 autea
497 3130 640 3214 quidem*
651 3137 798 3198 maiores
820 3130 934 3212 copias
954 3127 1044 3196 alere
1064 3141 1214 3212 poterat3
1235 3150 1321 3198 nune
1334 3123 1385 3192 eri·

245 3297 472 3315 m

314 3403 383 3466 iffi·
401 3405 504 3450 mutandi
526 3400 590 3468 loci]
616 3406 647 3451 el.
671 3407 718 3450 toci
741 3406 845 3450 mutandi
866 3403 898 3450 E.
915 3429 947 3442 -
972 3417 1061 3449 vomere
1076 3407 1132 3460 port
1147 3416 1167 3448 e.
1185 3400 1219 3464 te]
1238 3403 1271 3449 el.
1287 3396 1383 3447 ooml‘

243 3493 300 3546 port
322 3503 341 3536 e.
364 3488 393 3535 E.
433 3488 480 3536 Vr.
502 3494 559 3548 port
581 3500 674 3535 coenam
699 3496 811 3551 suspecta
834 3488 924 3536 Ballio.
948 3513 981 3527 ·-
1003 3492 1042 3533 tua
1064 3482 1119 3551 illa]
1142 3485 1166 3533 b.
1184 3485 1307 3547 (vestigio
1320 3482 1382 3529 Colut·

246 3572 332 3620 Drosd.
350 3578 397 3619 tum
413 3569 467 3633 illu)
485 3577 523 3619 tua
541 3575 572 3620 el.
589 3573 619 3644 Es.
637 3599 671 3613 -
687 3577 711 3620 r‘n
730 3576 832 3628 cubiculo
849 3572 928 3634 malle]
946 3572 969 3619 b.
992 3572 1085 3629 ¹lluvu.
1109 3570 1228 3640 Madvig,
1242 3572 1267 3615 in
1288 3565 1382 3614 culm

245 3659 314 3704 malle
331 3657 387 3705 cot.
404 3659 429 3703 in
445 3658 572 3703 cubiculum
589 3662 610 3703 ta
627 3660 662 3703 ire
678 3661 747 3704 malle
763 3661 794 3706 el.
812 3659 841 3705 E.
852 3684 886 3697 ·-
898 3658 970 3704 cubic.
987 3659 1088 3702 tramire
1105 3655 1128 3702 b.
1144 3656 1214 3702 061.
1226 3653 1323 3715 Recepit
1332 3650 1381 3697 frvi·

245 3741 407 3790 seben-ille
418 3739 517 3803 murena]
526 3742 557 3789 el.
567 3743 656 3789 demens
665 3744 704 3787 illc
712 3741 741 3788 E.
749 3743 948 3788 -tuntircelerr's
960 3739 1087 3802 conscium]
1094 3742 1125 3787 el.
1137 3754 1211 3786 conse.
1223 3744 1240 3786 t.
1252 3741 1304 3786 scel.
1310 3738 1329 3784 b.
1334 3734 1381 3780 E·-

164 3873 168 3881 ,
244 3824 352 3903 liaberet]
365 3826 388 3873 b.
406 3826 514 3888 Madvig.
531 3828 627 3873 debebat
643 3828 673 3874 el.
690 3826 720 3873 E.
738 3854 777 3883 -,
787 3825 899 3888 indicare]
920 3825 1049 3873 Victorius.
1070 3826 1188 3870 vindicare
1205 3824 1252 3872 clb.
1268 3824 1296 3869 E.

314 3950 384 4014 922.
401 3950 521 3999 ontuunr
538 3954 637 3999 dortirnn
654 3940 696 4000 el(
708 3952 780 4001 ‘Post
798 3968 821 4001 r.
840 3954 970 4001 latrociniis
987 3950 1196 4014 ponemusque
1214 3949 1315 4009 unum.

285 4214 290 4221 '
311 4206 323 4270 l
339 4208 382 4256 21.
396 4204 498 4270 uomere]
516 4208 547 4253 ud
565 4206 619 4256 Ate.
641 4208 685 4262 1³,
703 4208 746 4253 82.
767 4190 865 4255 'Caesar
886 4215 943 4268 post
964 4211 1045 4255 doram
1062 4213 1167 4256 oetam
1184 4211 1209 4255 iu
1226 4209 1329 4258 iuml
1344 4210 1375 4243 Ἀ·

244 4295 293 4337 etur
313 4298 365 4347 ests
387 4292 504 4346 accubuit,
529 4286 640 4358 ἐμετικὴν
663 4293 754 4351 agebat.
789 4293 870 4352 Itaque
887 4300 908 4339 et
925 4296 973 4341 edil
989 4295 1085 4341 eddidit
1101 4289 1179 4352 ἀδεῶς
1195 4284 1374 4349 etiamst&

242 4389 301 4432 pure
316 4390 370 4423 rane
386 4380 410 4422 et
424 4381 546 4435 onerate.
