2850 4759
264 297 433 368 ORATIO
455 298 540 368 PRO
562 299 600 367 Ρ.
620 299 777 383 SULLA,
806 301 966 368 cibati.
1141 303 1201 368 2⁶7

41 473 143 526 rerum
166 460 331 528 verissimi
352 458 498 538 iudices,
529 459 625 529 illum
654 460 840 530 rrudtorum
868 461 1001 534 litterae
1026 483 1066 529 ac
1093 464 1203 531 nuntii

39 574 276 643 coarguerunu
301 562 428 631 Sullam
452 564 578 631 interea
599 585 700 636 tremo
722 565 947 644 insimulavit,
969 588 1070 633 uerno
1091 569 1203 634 nomi»
1263 589 1268 593 ’

38 665 133 732 navit.
182 668 384 743 Postremo,
417 668 525 736 eiecto
549 670 621 736 sire
641 671 768 738 erumso
788 670 854 737 iam
877 690 921 736 ex
942 671 1025 737 urbe
1046 670 1200 757 Catilina,

38 769 86 837 ille
105 792 199 838 arma
222 771 329 847 misit,
350 793 497 847 cornua,
520 774 637 850 tubas,
669 772 792 851 falces,
822 774 938 853 signa,
968 773 1117 855 ligones,
1145 774 1202 843 ille

38 875 165 944 relictus
186 876 300 953 intus,
321 888 540 959 exspectatus
561 877 664 957 foris,
685 876 817 944 Lentuli
839 898 947 960 poena
969 899 1203 961 compressas,

39 980 254 1047 convertit'ae
275 978 453 1064 aliquando
476 980 519 1047 ad
542 984 718 1062 timorem,
749 1004 920 1064 tauriquam
943 980 985 1047 ad
1005 982 1203 1061 sanitatem

40 1081 86 1146 hio
103 1096 223 1151 contra
250 1084 297 1150 ita
318 1084 461 1167 qulerit‚
492 1096 532 1155 ut
557 1106 599 1152 eo
628 1097 781 1168 tempore
807 1087 899 1152 omui
923 1084 1065 1167 Neapoli
1085 1084 1202 1162 strerit,

41 1186 86 1252 ubi
104 1208 212 1269 neque
235 1188 389 1256 homines
409 1189 516 1256 fuisse
537 1201 701 1271 putantur
727 1185 826 1255 huius
848 1190 960 1256 affines
988 1188 1202 1271 suspicionis,

40 1300 68 1355 et
89 1287 183 1359 locus
212 1303 266 1360 est
292 1294 364 1375 ipse
390 1314 460 1360 non
489 1304 556 1359 tam
579 1292 622 1359 ad
642 1289 901 1360 inflammandos
923 1290 1203 1361 calamitosorum

41 1394 156 1463 animos
177 1418 278 1480 quam
302 1395 344 1463 ad
365 1395 593 1466 consolandos
615 1396 909 1465 accommodatus.

107 1502 171 1564 vl.
212 1503 361 1581 Propter
381 1499 470 1568 hauc
489 1502 593 1582 igitur
615 1513 742 1569 tautam
765 1498 1072 1569 dissimilitudinem
1093 1498 1204 1568 homi·

42 1622 111 1669 uum
140 1613 244 1687 atoue
275 1625 455 1673 causarum
488 1604 685 1674 dissimilem
721 1626 775 1673 me
809 1606 843 1672 iu
876 1617 1023 1688 utroque
1052 1604 1203 1687 praebui.

43 1704 190 1778 Veniebat
212 1708 301 1776 enim
324 1707 367 1776 ad
390 1730 461 1788 me,
490 1721 523 1776 et
543 1730 644 1791 saepe
665 1709 839 1795 veniebat,
860 1709 1067 1795 Autronius,
1088 1706 1204 1778 multis
1226 1708 1267 1769 18

44 1830 108 1878 eum
127 1809 278 1879 lacrimis
299 1811 462 1895 supplex,
491 1824 529 1879 ut
548 1834 586 1879 se
609 1812 845 1888 defenderem,
877 1824 969 1880 etse
990 1833 1103 1878 meunt
1125 1834 1205 1879 ecn-

44 1911 233 1997 discipulnm
255 1916 289 1981 iu
310 1919 472 2002 pueritia,
494 1915 696 1984 familiarem
719 1918 751 1985 in
773 1914 1017 1999 adolescentia,
1039 1907 1207 1995 collegam

43 2015 70 2080 iu
87 2030 267 2099 quaestura
289 2021 580 2088 commemorabat
600 2020 725 2100 fuisse,
759 2020 865 2087 multa
886 2041 961 2085 mea
982 2021 1015 2086 iu
1037 2040 1092 2103 ae,
1123 2042 1209 2088 ncn-

45 2118 122 2188 uulla
141 2123 243 2190 etiam
266 2144 328 2192 sua
348 2124 383 2191 iu
403 2145 459 2190 me
479 2125 675 2206 proferebat
696 2124 814 2191 officia.
857 2124 990 2213 Quibus
1013 2143 1076 2203 ego
1096 2124 1208 2200 rebus,

44 2222 173 2313 iudices,
204 2228 253 2294 ita
279 2226 439 2296 flectebar
467 2228 579 2296 auimo
608 2240 709 2311 atque
735 2229 934 2308 frangebar,
971 2223 1009 2292 ut
1035 2228 1134 2293 etiam
1163 2248 1208 2295 ex

47 2332 196 2398 tremoris
217 2353 302 2415 quas
324 2332 405 2400 milri
430 2331 493 2412 ipsi
514 2330 643 2397 iecerat
670 2329 808 2397 insidias
830 2330 1052 2413 deponerem,
1083 2332 1208 2400 utiam

44 2429 218 2504 immissum
234 2454 318 2503 *esse
339 2436 380 2501 ab
401 2454 443 2501 eo
466 2436 504 2500 C.
521 2432 736 2509 Cornelium,
757 2435 813 2517 qui
835 2455 889 2500 ure
910 2433 1094 2503 insedibus
1110 2435 1208 2511 meis,

46 2533 74 2600 iu
91 2552 273 2622 conspectu
294 2539 413 2606 uxoris
436 2557 531 2606 rneae
558 2560 599 2604 ao
619 2537 802 2608 liberorum
833 2559 987 2606 meorum
1011 2537 1207 2614 trucidaret,

47 2637 291 2736 obliviscerer..
316 2642 413 2733 Quae
441 2643 468 2710 si
498 2641 540 2709 de
566 2665 634 2708 uno
663 2663 718 2710 mc
744 2641 946 2722 cogitasset,
979 2664 1045 2725 qua
1066 2640 1209 2709 mollitia
1231 2647 1270 2711 tu

47 2762 111 2811 sum
132 2748 233 2814 animi
261 2771 300 2816 ao
330 2746 483 2830 leuitate,
519 2765 690 2829 utinquam
720 2744 914 2812 mehercule
941 2737 1029 2813 illius
1058 2744 1207 2813 lacrimis

48 2865 79 2911 tc
97 2854 255 2931 precibus
273 2853 492 2931 restitissem,
521 2852 579 2918 sed
606 2873 683 2917 cum
706 2848 787 2917 mihi
810 2850 954 2931 patriae,
970 2871 1051 2926 ,curn
1075 2862 1210 2916 restro-

49 2971 111 3019 runr
132 2956 379 3038 periculorum,
417 2979 493 3024 rum
517 2954 754 3032 huiusurbis,
786 2975 863 3019 cum
891 2953 1027 3019 illorum
1049 2951 1209 3019 delubro-

49 3076 112 3126 rutu
131 3073 230 3143 atquo
256 3059 478 3143 teurplorum,
506 3082 583 3125 oum
607 3080 791 3140 puerorum
814 3058 1009 3134 infantium,
1038 3078 1117 3122 cum
1140 3079 1211 3124 ma·

50 3167 208 3231 tronarnm
238 3187 278 3230 ac·
304 3165 473 3244 virgiuum
502 3163 656 3233 vestiebat
684 3163 716 3227 iu
753 3173 921 3235 ruentem,
965 3173 1103 3228 etcum
1132 3158 1209 3226 illac

50 3259 175 3335 iniectae
201 3291 243 3336 ac
270 3268 425 3336 funestae
453 3268 546 3335 fares
575 3267 839 3349 universumque
859 3266 962 3333 totius
984 3266 1075 3333 urbis
1095 3265 1210 3333 incen-

51 3386 261 3414 Ἣ

51 3474 109 3537 rique
124 3481 199 3529 Godd.
217 3483 277 3530 uoti.
307 3484 409 3542 argona
426 3482 478 3529 scil.
496 3484 527 3528 ad
540 3480 668 3528 munienda
679 3485 768 3529 castra.
804 3479 875 3533 Quod
887 3479 1028 3550 facillimum
1041 3487 1107 3538 erat,
1127 3497 1210 3529 reeen-

52 3560 115 3611 fiores
125 3568 231 3614 nonnulli
243 3570 383 3620 deleverunt
396 3573 536 3628 corruptum
549 3581 605 3614 soc.
618 3568 728 3625 legiones.
763 3565 827 3612 Mire
836 3567 903 3624 rigua
916 3566 1062 3626 interfalcas
1075 3574 1099 3614 et
1110 3569 1208 3628 ligores.

53 3644 126 3695 Fuitne
142 3656 205 3711 tigria
223 3650 259 3699 ad'
272 3653 395 3700 machinas
412 3652 587 3700 conficiendas?
608 3676 642 3687 —
659 3654 692 3697 itu
709 3648 809 3713 quievit]
828 3652 914 3711 quierit
930 3651 959 3697 P.

110 3756 174 3819 llil.
192 3764 249 3807 mibi
266 3760 327 3824 apri]
351 3763 399 3820 ipre
422 3764 479 3807 mibi
502 3762 595 3813 Mauut,
615 3766 711 3809 tacente
729 3760 869 3809 Torrentio.
906 3759 933 3807 F.
952 3762 998 3819 r'pri
1015 3763 1078 3808 milri.
1097 3786 1131 3798 -
1147 3762 1219 3825 sedi·-

54 3833 96 3902 ὒν]
113 3841 148 3888 Sic
159 3859 244 3908 *omnes
262 3845 407 3891 etiaua'nrei.
424 3845 516 3890 uadibus
535 3845 618 3892 Lamb.

111 3948 122 4011 l
140 3952 177 3999 ta.
194 3951 373 4017 uniuersumque]
391 3957 565 4015 immensumque
582 3954 611 4002 P.

61 4056 269 4078 -·-·-·-—-

113 4146 124 4209 l
145 4151 181 4199 19.
206 4152 334 4216 Marcellis]
358 4155 442 4203 Probe
459 4156 485 4203 bi
505 4156 616 4203 Marcelli
637 4155 757 4205 coniurati
774 4156 1011 4218 distinguendiaM.
1023 4161 1047 4201 et
1059 4155 1087 4201 C.
1102 4154 1209 4201 Marcel·

58 4226 94 4286 ¹1⁸2
111 4234 238 4289 danorum
256 4241 321 4288 illius
345 4242 433 4288 acutis
453 4240 524 4298 airis,
541 4255 602 4288 coss.
618 4242 705 4290 Marco
726 4258 751 4289 a.
772 4258 796 4290 u.
813 4257 835 4289 o.
852 4242 924 4299 toa,
941 4241 1005 4288 Caio
1026 4239 1097 4294 794..
1114 4239 1163 4293 Hi,
1180 4240 1210 4285 de

60 4315 133 4374 quibus
153 4322 256 4386 loquitur
281 4332 351 4388 pater
381 4328 460 4376 Marci
481 4340 630 4388 praenomen
653 4327 737 4376 babuit
757 4328 834 4376 (latito
851 4329 878 4384 1,
895 4326 907 4387 t
926 4328 979 4381 19.,
1003 4324 1042 4371 ubi
1062 4323 1132 4378 rides
1149 4323 1210 4370 filins

62 4397 115 4454 culi·
137 4420 180 4465 pro
197 4411 273 4460 Sestio
288 4411 300 4475 l
314 4414 338 4461 9.
356 4437 391 4455 .-
408 4414 442 4461 Μ.
461 4411 573 4460 Valerius
593 4412 699 4461 Messala
721 4426 772 4459 cos.
787 4426 811 4458 a.
828 4426 852 4458 n.
873 4426 895 4457 c.
914 4410 972 4456 699.
