<?xml version="1.0" encoding="UTF-8"?>
<!DOCTYPE html PUBLIC "-//W3C//DTD XHTML 1.0 Transitional//EN"
    "http://www.w3.org/TR/xhtml1/DTD/xhtml1-transitional.dtd">
<html xmlns="http://www.w3.org/1999/xhtml" xml:lang="en" lang="en">
 <head>
  <title>
</title>
<meta http-equiv="Content-Type" content="text/html;charset=utf-8" />
  <meta name='ocr-system' content='tesseract 3.04.00' />
  <meta name='ocr-capabilities' content='ocr_page ocr_carea ocr_par ocr_line ocrx_word'/>
</head>
<body>
  <div class='ocr_page' id='page_1' title='image "./mtulliiciceroni00orelgoog_0465.png"; bbox 0 0 2850 4759; ppageno 0'>
   <div class='ocr_carea' id='block_1_1' title="bbox 204 270 1240 389">
    <p class='ocr_par' dir='ltr' id='par_1_1' title="bbox 204 270 1240 389">
     <span class='ocr_line' id='line_1_1' title="bbox 204 270 1240 389; baseline 0.004 -21"><span class='ocrx_word' id='word_1_1' title='bbox 204 297 376 368; x_wconf 80' lang='lat' dir='ltr'><strong>onarro</strong></span> <span class='ocrx_word' id='word_1_2' title='bbox 402 299 489 368; x_wconf 86' lang='lat' dir='ltr'><strong>rno</strong></span> <span class='ocrx_word' id='word_1_3' title='bbox 513 270 557 367; x_wconf 66' lang='grc' dir='ltr'><strong>Α.</strong></span> <span class='ocrx_word' id='word_1_4' title='bbox 579 298 748 369; x_wconf 85' lang='lat' dir='ltr'><strong>nermo</strong></span> <span class='ocrx_word' id='word_1_5' title='bbox 769 300 960 389; x_wconf 77' lang='lat' dir='ltr'><strong>aronio,</strong></span> <span class='ocrx_word' id='word_1_6' title='bbox 984 326 1013 373; x_wconf 68' lang='grc' dir='ltr'><strong>ο.</strong></span> <span class='ocrx_word' id='word_1_7' title='bbox 1035 307 1084 370; x_wconf 80' lang='lat' dir='ltr'><strong>ra.</strong></span> <span class='ocrx_word' id='word_1_8' title='bbox 1179 310 1240 372; x_wconf 79' lang='lat' dir='ltr'><strong>aro</strong></span> 
     </span>
    </p>
   </div>
   <div class='ocr_carea' id='block_1_2' title="bbox 28 455 1300 1453">
    <p class='ocr_par' dir='ltr' id='par_1_2' title="bbox 28 455 1300 1453">
     <span class='ocr_line' id='line_1_2' title="bbox 28 455 1239 538; baseline 0.007 -14"><span class='ocrx_word' id='word_1_9' title='bbox 28 457 181 538; x_wconf 81' lang='lat' dir='ltr'><strong>exigno</strong></span> <span class='ocrx_word' id='word_1_10' title='bbox 205 457 296 524; x_wconf 85' lang='lat' dir='ltr'><strong>vitae</strong></span> <span class='ocrx_word' id='word_1_11' title='bbox 321 455 495 524; x_wconf 80' lang='lat' dir='ltr'><strong>curriculo</strong></span> <span class='ocrx_word' id='word_1_12' title='bbox 523 469 558 524; x_wconf 88' lang='lat' dir='ltr'><strong>et</strong></span> <span class='ocrx_word' id='word_1_13' title='bbox 585 469 653 526; x_wconf 81' lang='lat' dir='ltr'><strong>tam</strong></span> <span class='ocrx_word' id='word_1_14' title='bbox 677 458 773 526; x_wconf 81' lang='lat' dir='ltr'><strong>brevi</strong></span> <span class='ocrx_word' id='word_1_15' title='bbox 796 460 899 528; x_wconf 87' lang='lat' dir='ltr'><strong>tantis</strong></span> <span class='ocrx_word' id='word_1_16' title='bbox 925 480 989 529; x_wconf 88' lang='lat' dir='ltr'><strong>nos</strong></span> <span class='ocrx_word' id='word_1_17' title='bbox 1011 462 1046 529; x_wconf 90' lang='lat' dir='ltr'><strong>in</strong></span> <span class='ocrx_word' id='word_1_18' title='bbox 1066 461 1239 533; x_wconf 80' lang='lat' dir='ltr'>laboribus</span> 
     </span>
     <span class='ocr_line' id='line_1_3' title="bbox 28 557 1300 645; baseline 0.009 -20"><span class='ocrx_word' id='word_1_19' title='bbox 28 557 305 625; x_wconf 73' lang='lat' dir='ltr'><strong>exerceamus?</strong></span> <span class='ocrx_word' id='word_1_20' title='bbox 326 558 445 642; x_wconf 87' lang='lat' dir='ltr'><strong>Certe,</strong></span> <span class='ocrx_word' id='word_1_21' title='bbox 467 560 496 626; x_wconf 87' lang='lat' dir='ltr'><strong>si</strong></span> <span class='ocrx_word' id='word_1_22' title='bbox 514 558 596 625; x_wconf 89' lang='lat' dir='ltr'><strong>nihil</strong></span> <span class='ocrx_word' id='word_1_23' title='bbox 614 562 747 629; x_wconf 87' lang='lat' dir='ltr'><strong>animus</strong></span> <span class='ocrx_word' id='word_1_24' title='bbox 766 563 993 643; x_wconf 79' lang='lat' dir='ltr'><strong>praesentiret</strong></span> <span class='ocrx_word' id='word_1_25' title='bbox 1009 564 1042 630; x_wconf 92' lang='lat' dir='ltr'><strong>in</strong></span> <span class='ocrx_word' id='word_1_26' title='bbox 1059 576 1240 645; x_wconf 89' lang='lat' dir='ltr'><strong>posterum</strong></span> <span class='ocrx_word' id='word_1_27' title='bbox 1260 571 1300 637; x_wconf 76' lang='lat'><strong>29</strong></span> 
     </span>
     <span class='ocr_line' id='line_1_4' title="bbox 28 660 1241 753; baseline 0.005 -25"><span class='ocrx_word' id='word_1_28' title='bbox 28 675 71 728; x_wconf 89' lang='lat' dir='ltr'><strong>et</strong></span> <span class='ocrx_word' id='word_1_29' title='bbox 101 661 159 738; x_wconf 86' lang='lat' dir='ltr'><strong>si,</strong></span> <span class='ocrx_word' id='word_1_30' title='bbox 187 661 310 743; x_wconf 90' lang='lat' dir='ltr'><strong>quibus</strong></span> <span class='ocrx_word' id='word_1_31' title='bbox 337 660 535 741; x_wconf 79' lang='lat' dir='ltr'><strong>regionibns</strong></span> <span class='ocrx_word' id='word_1_32' title='bbox 558 662 649 730; x_wconf 84' lang='lat' dir='ltr'><strong>vitae</strong></span> <span class='ocrx_word' id='word_1_33' title='bbox 673 664 821 744; x_wconf 87' lang='lat' dir='ltr'><strong>spatium</strong></span> <span class='ocrx_word' id='word_1_34' title='bbox 849 664 1148 749; x_wconf 81' lang='lat' dir='ltr'><strong>circumscriptum</strong></span> <span class='ocrx_word' id='word_1_35' title='bbox 1175 679 1241 753; x_wconf 86' lang='lat' dir='ltr'><strong>est,</strong></span> 
     </span>
     <span class='ocr_line' id='line_1_5' title="bbox 30 758 1242 841; baseline 0.007 -12"><span class='ocrx_word' id='word_1_36' title='bbox 30 758 181 829; x_wconf 82' lang='lat' dir='ltr'><strong>eisdem</strong></span> <span class='ocrx_word' id='word_1_37' title='bbox 198 780 319 828; x_wconf 87' lang='lat' dir='ltr'><strong>omnes</strong></span> <span class='ocrx_word' id='word_1_38' title='bbox 337 762 562 841; x_wconf 74' lang='lat' dir='ltr'><strong>cogitationes</strong></span> <span class='ocrx_word' id='word_1_39' title='bbox 582 764 781 830; x_wconf 75' lang='lat' dir='ltr'><strong>terminaret</strong></span> <span class='ocrx_word' id='word_1_40' title='bbox 796 780 876 831; x_wconf 85' lang='lat' dir='ltr'><strong>suaa</strong></span> <span class='ocrx_word' id='word_1_41' title='bbox 897 784 961 832; x_wconf 83' lang='lat' dir='ltr'><strong>nee</strong></span> <span class='ocrx_word' id='word_1_42' title='bbox 978 768 1079 834; x_wconf 90' lang='lat' dir='ltr'><strong>tantis</strong></span> <span class='ocrx_word' id='word_1_43' title='bbox 1096 788 1133 836; x_wconf 89' lang='lat' dir='ltr'><strong>se</strong></span> <span class='ocrx_word' id='word_1_44' title='bbox 1148 767 1242 838; x_wconf 90' lang='lat' dir='ltr'><strong>labo·</strong></span> 
     </span>
     <span class='ocr_line' id='line_1_6' title="bbox 31 862 1241 949; baseline 0.006 -18"><span class='ocrx_word' id='word_1_45' title='bbox 31 866 149 931; x_wconf 88' lang='lat' dir='ltr'><strong>ribus</strong></span> <span class='ocrx_word' id='word_1_46' title='bbox 181 862 358 941; x_wconf 73' lang='lat' dir='ltr'><strong>frangeret</strong></span> <span class='ocrx_word' id='word_1_47' title='bbox 386 882 496 944; x_wconf 86' lang='lat' dir='ltr'><strong>neque</strong></span> <span class='ocrx_word' id='word_1_48' title='bbox 526 873 577 931; x_wconf 88' lang='lat' dir='ltr'><strong>tot</strong></span> <span class='ocrx_word' id='word_1_49' title='bbox 608 865 699 931; x_wconf 88' lang='lat' dir='ltr'><strong>curis</strong></span> <span class='ocrx_word' id='word_1_50' title='bbox 738 867 926 949; x_wconf 76' lang='lat' dir='ltr'><strong>vigiliisque</strong></span> <span class='ocrx_word' id='word_1_51' title='bbox 961 880 1145 948; x_wconf 80' lang='lat' dir='ltr'><strong>angeretur</strong></span> <span class='ocrx_word' id='word_1_52' title='bbox 1176 890 1241 939; x_wconf 86' lang='lat' dir='ltr'><strong>neu</strong></span> 
     </span>
     <span class='ocr_line' id='line_1_7' title="bbox 33 962 1239 1054; baseline 0.006 -22"><span class='ocrx_word' id='word_1_53' title='bbox 33 966 155 1032; x_wconf 81' lang='lat' dir='ltr'><strong>toties</strong></span> <span class='ocrx_word' id='word_1_54' title='bbox 171 962 213 1030; x_wconf 87' lang='lat' dir='ltr'><strong>de</strong></span> <span class='ocrx_word' id='word_1_55' title='bbox 228 964 300 1045; x_wconf 88' lang='lat' dir='ltr'><strong>ipsa</strong></span> <span class='ocrx_word' id='word_1_56' title='bbox 314 965 385 1030; x_wconf 86' lang='lat' dir='ltr'><strong>rita</strong></span> <span class='ocrx_word' id='word_1_57' title='bbox 402 962 591 1031; x_wconf 77' lang='lat' dir='ltr'><strong>dimicaret.</strong></span> <span class='ocrx_word' id='word_1_58' title='bbox 626 965 727 1032; x_wconf 91' lang='lat' dir='ltr'><strong>Nune</strong></span> <span class='ocrx_word' id='word_1_59' title='bbox 742 968 866 1035; x_wconf 85' lang='lat' dir='ltr'><strong>insidet</strong></span> <span class='ocrx_word' id='word_1_60' title='bbox 880 969 1044 1051; x_wconf 83' lang='lat' dir='ltr'><strong>quaedam</strong></span> <span class='ocrx_word' id='word_1_61' title='bbox 1060 973 1094 1036; x_wconf 92' lang='lat' dir='ltr'><strong>in</strong></span> <span class='ocrx_word' id='word_1_62' title='bbox 1109 971 1239 1054; x_wconf 89' lang='lat' dir='ltr'><strong>optimo</strong></span> 
     </span>
     <span class='ocr_line' id='line_1_8' title="bbox 36 1066 1241 1151; baseline 0.005 -19"><span class='ocrx_word' id='word_1_63' title='bbox 36 1086 194 1149; x_wconf 86' lang='lat' dir='ltr'><strong>qnoque</strong></span> <span class='ocrx_word' id='word_1_64' title='bbox 215 1067 341 1151; x_wconf 87' lang='lat' dir='ltr'><strong>virtus,</strong></span> <span class='ocrx_word' id='word_1_65' title='bbox 364 1086 449 1148; x_wconf 89' lang='lat' dir='ltr'><strong>quae</strong></span> <span class='ocrx_word' id='word_1_66' title='bbox 471 1077 591 1134; x_wconf 87' lang='lat' dir='ltr'><strong>noctes</strong></span> <span class='ocrx_word' id='word_1_67' title='bbox 613 1066 748 1134; x_wconf 84' lang='lat' dir='ltr'><strong>audies</strong></span> <span class='ocrx_word' id='word_1_68' title='bbox 770 1070 921 1137; x_wconf 87' lang='lat' dir='ltr'><strong>animum</strong></span> <span class='ocrx_word' id='word_1_69' title='bbox 942 1071 1072 1150; x_wconf 77' lang='lat' dir='ltr'><strong>gloriae</strong></span> <span class='ocrx_word' id='word_1_70' title='bbox 1092 1071 1241 1140; x_wconf 87' lang='lat' dir='ltr'><strong>stimulis</strong></span> 
     </span>
     <span class='ocr_line' id='line_1_9' title="bbox 34 1166 1241 1254; baseline 0.005 -20"><span class='ocrx_word' id='word_1_71' title='bbox 34 1170 201 1239; x_wconf 84' lang='lat' dir='ltr'><strong>eoncitat</strong></span> <span class='ocrx_word' id='word_1_72' title='bbox 221 1177 323 1248; x_wconf 87' lang='lat' dir='ltr'><strong>atque</strong></span> <span class='ocrx_word' id='word_1_73' title='bbox 343 1166 507 1234; x_wconf 88' lang='lat' dir='ltr'><strong>admonet</strong></span> <span class='ocrx_word' id='word_1_74' title='bbox 527 1189 596 1236; x_wconf 93' lang='lat' dir='ltr'><strong>uon</strong></span> <span class='ocrx_word' id='word_1_75' title='bbox 618 1189 696 1236; x_wconf 88' lang='lat' dir='ltr'><strong>eum</strong></span> <span class='ocrx_word' id='word_1_76' title='bbox 711 1172 802 1237; x_wconf 86' lang='lat' dir='ltr'><strong>vitae</strong></span> <span class='ocrx_word' id='word_1_77' title='bbox 822 1183 977 1254; x_wconf 86' lang='lat' dir='ltr'><strong>tempore</strong></span> <span class='ocrx_word' id='word_1_78' title='bbox 991 1178 1106 1249; x_wconf 87' lang='lat' dir='ltr'><strong>esse†</strong></span> <span class='ocrx_word' id='word_1_79' title='bbox 1125 1173 1241 1240; x_wconf 90' lang='lat' dir='ltr'><strong>dimit-</strong></span> 
     </span>
     <span class='ocr_line' id='line_1_10' title="bbox 37 1269 1242 1352; baseline 0.003 -17"><span class='ocrx_word' id='word_1_80' title='bbox 37 1269 194 1336; x_wconf 86' lang='lat' dir='ltr'><strong>tendam</strong></span> <span class='ocrx_word' id='word_1_81' title='bbox 222 1269 587 1336; x_wconf 84' lang='lat' dir='ltr'><strong>eournremoratiouem</strong></span> <span class='ocrx_word' id='word_1_82' title='bbox 614 1272 762 1338; x_wconf 89' lang='lat' dir='ltr'><strong>nominis</strong></span> <span class='ocrx_word' id='word_1_83' title='bbox 790 1277 919 1352; x_wconf 82' lang='lat' dir='ltr'><strong>nostri,</strong></span> <span class='ocrx_word' id='word_1_84' title='bbox 951 1273 1012 1341; x_wconf 87' lang='lat' dir='ltr'><strong>sed</strong></span> <span class='ocrx_word' id='word_1_85' title='bbox 1040 1294 1119 1341; x_wconf 88' lang='lat' dir='ltr'><strong>eum</strong></span> <span class='ocrx_word' id='word_1_86' title='bbox 1147 1274 1242 1340; x_wconf 88' lang='lat' dir='ltr'><strong>oruni</strong></span> 
     </span>
     <span class='ocr_line' id='line_1_11' title="bbox 39 1368 547 1453; baseline -0.008 -15"><span class='ocrx_word' id='word_1_87' title='bbox 39 1371 255 1453; x_wconf 76' lang='lat' dir='ltr'><strong>posteritate</strong></span> <span class='ocrx_word' id='word_1_88' title='bbox 276 1368 547 1451; x_wconf 74' lang='lat' dir='ltr'><strong>adaequandum.</strong></span> 
     </span>
    </p>
   </div>
   <div class='ocr_carea' id='block_1_3' title="bbox 41 1472 1310 2966">
    <p class='ocr_par' dir='ltr' id='par_1_3' title="bbox 41 1472 1310 2966">
     <span class='ocr_line' id='line_1_12' title="bbox 130 1472 1302 1561; baseline 0.009 -25"><span class='ocrx_word' id='word_1_89' title='bbox 130 1474 217 1536; x_wconf 83' lang='grc' dir='ltr'><strong>ΧΠ.</strong></span> <span class='ocrx_word' id='word_1_90' title='bbox 258 1472 312 1538; x_wconf 81' lang='lat' dir='ltr'><strong>An</strong></span> <span class='ocrx_word' id='word_1_91' title='bbox 339 1491 422 1539; x_wconf 91' lang='lat' dir='ltr'><strong>vero</strong></span> <span class='ocrx_word' id='word_1_92' title='bbox 452 1483 522 1539; x_wconf 87' lang='lat' dir='ltr'><strong>tam</strong></span> <span class='ocrx_word' id='word_1_93' title='bbox 549 1473 645 1554; x_wconf 86' lang='lat' dir='ltr'><strong>parvi</strong></span> <span class='ocrx_word' id='word_1_94' title='bbox 673 1476 776 1543; x_wconf 86' lang='lat' dir='ltr'><strong>¹animi</strong></span> <span class='ocrx_word' id='word_1_95' title='bbox 803 1475 980 1542; x_wconf 87' lang='lat' dir='ltr'><strong>videamur</strong></span> <span class='ocrx_word' id='word_1_96' title='bbox 1008 1495 1083 1543; x_wconf 88' lang='lat' dir='ltr'><strong>esse</strong></span> <span class='ocrx_word' id='word_1_97' title='bbox 1108 1494 1241 1561; x_wconf 86' lang='lat' dir='ltr'><strong>onmes,</strong></span> <span class='ocrx_word' id='word_1_98' title='bbox 1263 1483 1302 1545; x_wconf 77' lang='lat'><strong>30</strong></span> 
     </span>
     <span class='ocr_line' id='line_1_13' title="bbox 42 1571 1243 1660; baseline 0.002 -18"><span class='ocrx_word' id='word_1_99' title='bbox 42 1575 106 1658; x_wconf 90' lang='lat' dir='ltr'><strong>qui</strong></span> <span class='ocrx_word' id='word_1_100' title='bbox 132 1573 168 1640; x_wconf 93' lang='lat' dir='ltr'><strong>in</strong></span> <span class='ocrx_word' id='word_1_101' title='bbox 193 1592 230 1640; x_wconf 89' lang='lat' dir='ltr'><strong>re</strong></span> <span class='ocrx_word' id='word_1_102' title='bbox 256 1571 393 1654; x_wconf 86' lang='lat' dir='ltr'><strong>publica</strong></span> <span class='ocrx_word' id='word_1_103' title='bbox 418 1585 519 1657; x_wconf 85' lang='lat' dir='ltr'><strong>atque</strong></span> <span class='ocrx_word' id='word_1_104' title='bbox 548 1576 582 1642; x_wconf 92' lang='lat' dir='ltr'><strong>in</strong></span> <span class='ocrx_word' id='word_1_105' title='bbox 613 1575 666 1643; x_wconf 85' lang='lat' dir='ltr'><strong>bis</strong></span> <span class='ocrx_word' id='word_1_106' title='bbox 697 1578 787 1644; x_wconf 90' lang='lat' dir='ltr'><strong>vitae</strong></span> <span class='ocrx_word' id='word_1_107' title='bbox 814 1576 974 1659; x_wconf 88' lang='lat' dir='ltr'><strong>periculis</strong></span> <span class='ocrx_word' id='word_1_108' title='bbox 1002 1576 1243 1660; x_wconf 83' lang='lat' dir='ltr'><strong>laboribusque</strong></span> 
     </span>
     <span class='ocr_line' id='line_1_14' title="bbox 41 1676 1242 1760; baseline 0.003 -18"><span class='ocrx_word' id='word_1_109' title='bbox 41 1695 253 1751; x_wconf 87' lang='lat' dir='ltr'><strong>versamur,</strong></span> <span class='ocrx_word' id='word_1_110' title='bbox 274 1685 342 1753; x_wconf 85' lang='lat' dir='ltr'><strong>nt,</strong></span> <span class='ocrx_word' id='word_1_111' title='bbox 375 1695 454 1741; x_wconf 86' lang='lat' dir='ltr'><strong>oum</strong></span> <span class='ocrx_word' id='word_1_112' title='bbox 490 1696 598 1758; x_wconf 87' lang='lat' dir='ltr'><strong>usqne</strong></span> <span class='ocrx_word' id='word_1_113' title='bbox 631 1677 674 1743; x_wconf 87' lang='lat' dir='ltr'><strong>ad</strong></span> <span class='ocrx_word' id='word_1_114' title='bbox 705 1691 900 1745; x_wconf 86' lang='lat' dir='ltr'><strong>extremum</strong></span> <span class='ocrx_word' id='word_1_115' title='bbox 929 1678 1077 1760; x_wconf 87' lang='lat' dir='ltr'><strong>spatium</strong></span> <span class='ocrx_word' id='word_1_116' title='bbox 1108 1676 1242 1746; x_wconf 88' lang='lat' dir='ltr'><strong>nullum</strong></span> 
     </span>
     <span class='ocr_line' id='line_1_15' title="bbox 46 1775 1242 1862; baseline 0.003 -18"><span class='ocrx_word' id='word_1_117' title='bbox 46 1775 275 1859; x_wconf 86' lang='lat' dir='ltr'><strong>tranquillum</strong></span> <span class='ocrx_word' id='word_1_118' title='bbox 307 1787 410 1858; x_wconf 87' lang='lat' dir='ltr'><strong>atque</strong></span> <span class='ocrx_word' id='word_1_119' title='bbox 441 1776 592 1844; x_wconf 87' lang='lat' dir='ltr'><strong>otiosum</strong></span> <span class='ocrx_word' id='word_1_120' title='bbox 622 1781 781 1862; x_wconf 88' lang='lat' dir='ltr'><strong>spiritum</strong></span> <span class='ocrx_word' id='word_1_121' title='bbox 811 1780 1030 1858; x_wconf 78' lang='lat' dir='ltr'><strong>duxerimus,</strong></span> <span class='ocrx_word' id='word_1_122' title='bbox 1062 1780 1242 1847; x_wconf 87' lang='lat' dir='ltr'><strong>nobiseum</strong></span> 
     </span>
     <span class='ocr_line' id='line_1_16' title="bbox 43 1878 1310 1965; baseline 0.002 -19"><span class='ocrx_word' id='word_1_123' title='bbox 43 1878 158 1947; x_wconf 84' lang='lat' dir='ltr'><strong>simul</strong></span> <span class='ocrx_word' id='word_1_124' title='bbox 180 1878 348 1944; x_wconf 83' lang='lat' dir='ltr'><strong>moritura</strong></span> <span class='ocrx_word' id='word_1_125' title='bbox 372 1878 488 1944; x_wconf 88' lang='lat' dir='ltr'><strong>ournia</strong></span> <span class='ocrx_word' id='word_1_126' title='bbox 509 1879 746 1948; x_wconf 68' lang='lat' dir='ltr'><strong>arbitremur?</strong></span> <span class='ocrx_word' id='word_1_127' title='bbox 778 1886 832 1948; x_wconf 80' lang='lat' dir='ltr'><strong>An</strong></span> <span class='ocrx_word' id='word_1_128' title='bbox 856 1893 987 1950; x_wconf 88' lang='lat' dir='ltr'><strong>statuas</strong></span> <span class='ocrx_word' id='word_1_129' title='bbox 1010 1893 1045 1947; x_wconf 89' lang='lat' dir='ltr'><strong>et</strong></span> <span class='ocrx_word' id='word_1_130' title='bbox 1065 1882 1242 1965; x_wconf 80' lang='lat' dir='ltr'><strong>imagines,</strong></span> <span class='ocrx_word' id='word_1_131' title='bbox 1303 1902 1310 1915; x_wconf 90' lang='lat'><strong>·</strong></span> 
     </span>
     <span class='ocr_line' id='line_1_17' title="bbox 47 1979 1244 2063; baseline 0.002 -16"><span class='ocrx_word' id='word_1_132' title='bbox 47 2004 123 2048; x_wconf 90' lang='lat' dir='ltr'><strong>non</strong></span> <span class='ocrx_word' id='word_1_133' title='bbox 154 1982 346 2047; x_wconf 89' lang='lat' dir='ltr'><strong>animorum</strong></span> <span class='ocrx_word' id='word_1_134' title='bbox 378 1979 580 2058; x_wconf 84' lang='lat' dir='ltr'><strong>simulacra,</strong></span> <span class='ocrx_word' id='word_1_135' title='bbox 622 1980 682 2048; x_wconf 89' lang='lat' dir='ltr'><strong>sed</strong></span> <span class='ocrx_word' id='word_1_136' title='bbox 716 2002 921 2063; x_wconf 82' lang='lat' dir='ltr'><strong>corporum,</strong></span> <span class='ocrx_word' id='word_1_137' title='bbox 958 1981 1113 2048; x_wconf 87' lang='lat' dir='ltr'><strong>studiose</strong></span> <span class='ocrx_word' id='word_1_138' title='bbox 1145 1982 1244 2050; x_wconf 89' lang='lat' dir='ltr'><strong>multi</strong></span> 
     </span>
     <span class='ocr_line' id='line_1_18' title="bbox 46 2079 1242 2164; baseline -0.002 -14"><span class='ocrx_word' id='word_1_139' title='bbox 46 2083 181 2150; x_wconf 87' lang='lat' dir='ltr'><strong>summi</strong></span> <span class='ocrx_word' id='word_1_140' title='bbox 203 2081 360 2148; x_wconf 87' lang='lat' dir='ltr'><strong>homines</strong></span> <span class='ocrx_word' id='word_1_141' title='bbox 387 2079 616 2164; x_wconf 87' lang='lat' dir='ltr'><strong>reliquerunt,</strong></span> <span class='ocrx_word' id='word_1_142' title='bbox 650 2081 871 2149; x_wconf 87' lang='lat' dir='ltr'><strong>consiliorum</strong></span> <span class='ocrx_word' id='word_1_143' title='bbox 897 2081 1087 2164; x_wconf 85' lang='lat' dir='ltr'><strong>relinquere</strong></span> <span class='ocrx_word' id='word_1_144' title='bbox 1108 2103 1147 2149; x_wconf 88' lang='lat' dir='ltr'><strong>ae</strong></span> <span class='ocrx_word' id='word_1_145' title='bbox 1173 2084 1242 2149; x_wconf 87' lang='lat' dir='ltr'><strong>rir-</strong></span> 
     </span>
     <span class='ocr_line' id='line_1_19' title="bbox 51 2181 1244 2262; baseline 0.001 -12"><span class='ocrx_word' id='word_1_146' title='bbox 51 2196 170 2251; x_wconf 87' lang='lat' dir='ltr'><strong>tntnm</strong></span> <span class='ocrx_word' id='word_1_147' title='bbox 192 2195 388 2253; x_wconf 87' lang='lat' dir='ltr'><strong>nostrarum</strong></span> <span class='ocrx_word' id='word_1_148' title='bbox 410 2184 550 2262; x_wconf 82' lang='lat' dir='ltr'><strong>effigiem</strong></span> <span class='ocrx_word' id='word_1_149' title='bbox 574 2204 688 2253; x_wconf 90' lang='lat' dir='ltr'><strong>nonne</strong></span> <span class='ocrx_word' id='word_1_150' title='bbox 709 2182 819 2248; x_wconf 89' lang='lat' dir='ltr'><strong>multo</strong></span> <span class='ocrx_word' id='word_1_151' title='bbox 843 2181 945 2248; x_wconf 88' lang='lat' dir='ltr'><strong>malle</strong></span> <span class='ocrx_word' id='word_1_152' title='bbox 966 2183 1129 2249; x_wconf 84' lang='lat' dir='ltr'><strong>debemus</strong></span> <span class='ocrx_word' id='word_1_153' title='bbox 1150 2204 1244 2251; x_wconf 89' lang='lat' dir='ltr'><strong>sum·</strong></span> 
     </span>
     <span class='ocr_line' id='line_1_20' title="bbox 47 2283 1243 2368; baseline 0.002 -18"><span class='ocrx_word' id='word_1_154' title='bbox 47 2286 117 2352; x_wconf 81' lang='lat' dir='ltr'><strong>nris</strong></span> <span class='ocrx_word' id='word_1_155' title='bbox 140 2286 284 2364; x_wconf 79' lang='lat' dir='ltr'><strong>ingeniis</strong></span> <span class='ocrx_word' id='word_1_156' title='bbox 307 2304 506 2365; x_wconf 77' lang='lat' dir='ltr'><strong>expressam</strong></span> <span class='ocrx_word' id='word_1_157' title='bbox 533 2297 567 2349; x_wconf 88' lang='lat' dir='ltr'><strong>et</strong></span> <span class='ocrx_word' id='word_1_158' title='bbox 588 2283 757 2366; x_wconf 57' lang='lat' dir='ltr'><strong>politam?</strong></span> <span class='ocrx_word' id='word_1_159' title='bbox 798 2284 873 2363; x_wconf 78' lang='lat' dir='ltr'><strong>Ego</strong></span> <span class='ocrx_word' id='word_1_160' title='bbox 893 2305 975 2351; x_wconf 90' lang='lat' dir='ltr'><strong>vero</strong></span> <span class='ocrx_word' id='word_1_161' title='bbox 1002 2287 1133 2362; x_wconf 88' lang='lat' dir='ltr'><strong>omnia,</strong></span> <span class='ocrx_word' id='word_1_162' title='bbox 1156 2306 1243 2368; x_wconf 89' lang='lat' dir='ltr'><strong>quae</strong></span> 
     </span>
     <span class='ocr_line' id='line_1_21' title="bbox 49 2384 1243 2468; baseline -0.002 -15"><span class='ocrx_word' id='word_1_163' title='bbox 49 2388 235 2468; x_wconf 85' lang='lat' dir='ltr'><strong>gerebam,</strong></span> <span class='ocrx_word' id='word_1_164' title='bbox 268 2388 334 2452; x_wconf 89' lang='lat' dir='ltr'><strong>iarn</strong></span> <span class='ocrx_word' id='word_1_165' title='bbox 358 2399 430 2453; x_wconf 92' lang='lat' dir='ltr'><strong>tum</strong></span> <span class='ocrx_word' id='word_1_166' title='bbox 454 2389 488 2453; x_wconf 88' lang='lat' dir='ltr'><strong>in</strong></span> <span class='ocrx_word' id='word_1_167' title='bbox 512 2384 663 2466; x_wconf 77' lang='lat' dir='ltr'><strong>gerendo</strong></span> <span class='ocrx_word' id='word_1_168' title='bbox 688 2405 859 2466; x_wconf 81' lang='lat' dir='ltr'><strong>spargere</strong></span> <span class='ocrx_word' id='word_1_169' title='bbox 878 2406 933 2451; x_wconf 91' lang='lat' dir='ltr'><strong>me</strong></span> <span class='ocrx_word' id='word_1_170' title='bbox 958 2406 998 2451; x_wconf 89' lang='lat' dir='ltr'><strong>ao</strong></span> <span class='ocrx_word' id='word_1_171' title='bbox 1019 2384 1243 2452; x_wconf 88' lang='lat' dir='ltr'><strong>disseminare</strong></span> 
     </span>
     <span class='ocr_line' id='line_1_22' title="bbox 51 2487 1244 2569; baseline 0 -16"><span class='ocrx_word' id='word_1_172' title='bbox 51 2490 245 2554; x_wconf 84' lang='lat' dir='ltr'><strong>arbitrabar</strong></span> <span class='ocrx_word' id='word_1_173' title='bbox 273 2489 306 2555; x_wconf 91' lang='lat' dir='ltr'><strong>in</strong></span> <span class='ocrx_word' id='word_1_174' title='bbox 338 2491 431 2556; x_wconf 86' lang='lat' dir='ltr'><strong>orbis</strong></span> <span class='ocrx_word' id='word_1_175' title='bbox 468 2501 579 2554; x_wconf 80' lang='lat' dir='ltr'><strong>terrae</strong></span> <span class='ocrx_word' id='word_1_176' title='bbox 611 2488 813 2554; x_wconf 86' lang='lat' dir='ltr'><strong>memoriam</strong></span> <span class='ocrx_word' id='word_1_177' title='bbox 845 2487 1101 2569; x_wconf 85' lang='lat' dir='ltr'><strong>sempiternam.</strong></span> <span class='ocrx_word' id='word_1_178' title='bbox 1149 2488 1244 2554; x_wconf 86' lang='lat' dir='ltr'><strong>Haeo</strong></span> 
     </span>
     <span class='ocr_line' id='line_1_23' title="bbox 52 2588 1244 2670; baseline 0.003 -18"><span class='ocrx_word' id='word_1_179' title='bbox 52 2588 168 2668; x_wconf 80' lang='lat' dir='ltr'><strong>[vero]</strong></span> <span class='ocrx_word' id='word_1_180' title='bbox 194 2591 308 2656; x_wconf 85' lang='lat' dir='ltr'><strong>sivea</strong></span> <span class='ocrx_word' id='word_1_181' title='bbox 336 2610 413 2657; x_wconf 88' lang='lat' dir='ltr'><strong>meo</strong></span> <span class='ocrx_word' id='word_1_182' title='bbox 435 2610 537 2657; x_wconf 88' lang='lat' dir='ltr'><strong>sensu</strong></span> <span class='ocrx_word' id='word_1_183' title='bbox 562 2600 810 2670; x_wconf 87' lang='lat' dir='ltr'><strong>postmortem</strong></span> <span class='ocrx_word' id='word_1_184' title='bbox 834 2590 970 2654; x_wconf 82' lang='lat' dir='ltr'><strong>afutura</strong></span> <span class='ocrx_word' id='word_1_185' title='bbox 1002 2601 1054 2655; x_wconf 90' lang='lat' dir='ltr'><strong>est</strong></span> <span class='ocrx_word' id='word_1_186' title='bbox 1082 2589 1170 2664; x_wconf 86' lang='lat' dir='ltr'><strong>sive,</strong></span> <span class='ocrx_word' id='word_1_187' title='bbox 1204 2601 1244 2655; x_wconf 88' lang='lat' dir='ltr'><strong>ut</strong></span> 
     </span>
     <span class='ocr_line' id='line_1_24' title="bbox 52 2688 1245 2773; baseline 0 -18"><span class='ocrx_word' id='word_1_188' title='bbox 52 2691 295 2773; x_wconf 67' lang='lat' dir='ltr'><strong>sapientissimi</strong></span> <span class='ocrx_word' id='word_1_189' title='bbox 318 2691 474 2759; x_wconf 88' lang='lat' dir='ltr'><strong>homiues</strong></span> <span class='ocrx_word' id='word_1_190' title='bbox 496 2702 721 2773; x_wconf 87' lang='lat' dir='ltr'><strong>putaverunt,</strong></span> <span class='ocrx_word' id='word_1_191' title='bbox 744 2688 784 2755; x_wconf 86' lang='lat' dir='ltr'><strong>ud</strong></span> <span class='ocrx_word' id='word_1_192' title='bbox 802 2688 948 2770; x_wconf 84' lang='lat' dir='ltr'><strong>aliquam</strong></span> <span class='ocrx_word' id='word_1_193' title='bbox 964 2691 1065 2754; x_wconf 90' lang='lat' dir='ltr'><strong>animi</strong></span> <span class='ocrx_word' id='word_1_194' title='bbox 1085 2690 1149 2754; x_wconf 80' lang='lat' dir='ltr'><strong>inei</strong></span> <span class='ocrx_word' id='word_1_195' title='bbox 1167 2712 1245 2771; x_wconf 88' lang='lat' dir='ltr'><strong>par-</strong></span> 
     </span>
     <span class='ocr_line' id='line_1_25' title="bbox 53 2791 1243 2876; baseline 0.001 -20"><span class='ocrx_word' id='word_1_196' title='bbox 53 2805 123 2871; x_wconf 81' lang='lat' dir='ltr'><strong>tem</strong></span> <span class='ocrx_word' id='word_1_197' title='bbox 140 2795 340 2876; x_wconf 87' lang='lat' dir='ltr'><strong>pertinebit,</strong></span> <span class='ocrx_word' id='word_1_198' title='bbox 362 2815 453 2863; x_wconf 88' lang='lat' dir='ltr'><strong>nunc</strong></span> <span class='ocrx_word' id='word_1_199' title='bbox 468 2794 604 2875; x_wconf 88' lang='lat' dir='ltr'><strong>quidem</strong></span> <span class='ocrx_word' id='word_1_200' title='bbox 623 2804 717 2860; x_wconf 88' lang='lat' dir='ltr'><strong>certe</strong></span> <span class='ocrx_word' id='word_1_201' title='bbox 733 2792 940 2870; x_wconf 84' lang='lat' dir='ltr'><strong>cogitatione</strong></span> <span class='ocrx_word' id='word_1_202' title='bbox 957 2791 1101 2872; x_wconf 87' lang='lat' dir='ltr'><strong>quadarn</strong></span> <span class='ocrx_word' id='word_1_203' title='bbox 1116 2811 1243 2873; x_wconf 84' lang='lat' dir='ltr'><strong>speque</strong></span> 
     </span>
     <span class='ocr_line' id='line_1_26' title="bbox 55 2893 221 2966; baseline 0.036 -8"><span class='ocrx_word' id='word_1_204' title='bbox 55 2893 221 2966; x_wconf 89' lang='lat' dir='ltr'><strong>delector.</strong></span> 
     </span>
    </p>
   </div>
   <div class='ocr_carea' id='block_1_4' title="bbox 55 3068 1248 4376">
    <p class='ocr_par' dir='ltr' id='par_1_4' title="bbox 55 3068 1245 3967">
     <span class='ocr_line' id='line_1_27' title="bbox 55 3068 1242 3138; baseline -0.004 -14"><span class='ocrx_word' id='word_1_205' title='bbox 55 3090 59 3096; x_wconf 92' lang='lat'>·</span> <span class='ocrx_word' id='word_1_206' title='bbox 123 3076 196 3138; x_wconf 73' lang='lat' dir='ltr'><strong>l²⁹=</strong></span> <span class='ocrx_word' id='word_1_207' title='bbox 213 3077 265 3124; x_wconf 74' lang='lat' dir='ltr'><strong>Gir.</strong></span> <span class='ocrx_word' id='word_1_208' title='bbox 289 3076 391 3123; x_wconf 73' lang='lat' dir='ltr'><strong>similam</strong></span> <span class='ocrx_word' id='word_1_209' title='bbox 414 3077 496 3124; x_wconf 77' lang='lat' dir='ltr'><strong>locum</strong></span> <span class='ocrx_word' id='word_1_210' title='bbox 519 3089 567 3135; x_wconf 88' lang='lat' dir='ltr'><strong>pro</strong></span> <span class='ocrx_word' id='word_1_211' title='bbox 591 3075 620 3121; x_wconf 87' lang='lat' dir='ltr'><strong>C.</strong></span> <span class='ocrx_word' id='word_1_212' title='bbox 638 3072 744 3121; x_wconf 80' lang='lat' dir='ltr'><strong>Rabirio</strong></span> <span class='ocrx_word' id='word_1_213' title='bbox 762 3075 831 3133; x_wconf 80' lang='lat' dir='ltr'><strong>perd.</strong></span> <span class='ocrx_word' id='word_1_214' title='bbox 849 3087 869 3118; x_wconf 90' lang='lat' dir='ltr'><strong>r.</strong></span> <span class='ocrx_word' id='word_1_215' title='bbox 891 3072 936 3127; x_wconf 80' lang='lat'><strong>10,</strong></span> <span class='ocrx_word' id='word_1_216' title='bbox 954 3074 996 3119; x_wconf 75' lang='lat'><strong>29.</strong></span> <span class='ocrx_word' id='word_1_217' title='bbox 1012 3095 1048 3111; x_wconf 88' lang='lat'><strong>-·</strong></span> <span class='ocrx_word' id='word_1_218' title='bbox 1072 3068 1242 3130; x_wconf 64' lang='lat' dir='ltr'><strong>aimonem]</strong></span> 
     </span>
     <span class='ocr_line' id='line_1_28' title="bbox 56 3153 1243 3220; baseline -0.005 -14"><span class='ocrx_word' id='word_1_219' title='bbox 56 3156 76 3202; x_wconf 81' lang='grc' dir='ltr'><strong>Ε</strong></span> <span class='ocrx_word' id='word_1_220' title='bbox 94 3161 205 3220; x_wconf 72' lang='lat' dir='ltr'><strong>vestigiis</strong></span> <span class='ocrx_word' id='word_1_221' title='bbox 221 3162 300 3207; x_wconf 81' lang='lat' dir='ltr'><strong>codd.</strong></span> <span class='ocrx_word' id='word_1_222' title='bbox 318 3158 462 3206; x_wconf 76' lang='lat' dir='ltr'><strong>Lambinus:</strong></span> <span class='ocrx_word' id='word_1_223' title='bbox 477 3160 659 3213; x_wconf 63' lang='lat' dir='ltr'><strong>dimetiendam,</strong></span> <span class='ocrx_word' id='word_1_224' title='bbox 676 3157 736 3218; x_wconf 79' lang='lat' dir='ltr'><strong>quia</strong></span> <span class='ocrx_word' id='word_1_225' title='bbox 753 3157 909 3218; x_wconf 65' lang='lat' dir='ltr'><strong>sagacissimo</strong></span> <span class='ocrx_word' id='word_1_226' title='bbox 927 3155 1025 3202; x_wconf 55' lang='lat' dir='ltr'><strong>rimbat</strong></span> <span class='ocrx_word' id='word_1_227' title='bbox 1043 3154 1145 3214; x_wconf 84' lang='lat' dir='ltr'><strong>proprie</strong></span> <span class='ocrx_word' id='word_1_228' title='bbox 1161 3153 1243 3200; x_wconf 81' lang='lat' dir='ltr'><strong>dieen-</strong></span> 
     </span>
     <span class='ocr_line' id='line_1_29' title="bbox 56 3224 1244 3299; baseline -0.004 -13"><span class='ocrx_word' id='word_1_229' title='bbox 56 3241 111 3287; x_wconf 90' lang='lat' dir='ltr'><strong>dum</strong></span> <span class='ocrx_word' id='word_1_230' title='bbox 129 3243 204 3289; x_wconf 76' lang='lat' dir='ltr'><strong>subse</strong></span> <span class='ocrx_word' id='word_1_231' title='bbox 221 3256 269 3290; x_wconf 89' lang='lat' dir='ltr'><strong>non</strong></span> <span class='ocrx_word' id='word_1_232' title='bbox 286 3257 339 3288; x_wconf 79' lang='lat' dir='ltr'><strong>erm</strong></span> <span class='ocrx_word' id='word_1_233' title='bbox 357 3245 418 3287; x_wconf 78' lang='lat' dir='ltr'><strong>vitae</strong></span> <span class='ocrx_word' id='word_1_234' title='bbox 435 3224 766 3299; x_wconf 62' lang='lat' dir='ltr'><strong>temperantissimum,</strong></span> <span class='ocrx_word' id='word_1_235' title='bbox 796 3254 880 3287; x_wconf 79' lang='lat' dir='ltr'><strong>verum</strong></span> <span class='ocrx_word' id='word_1_236' title='bbox 897 3254 948 3284; x_wconf 73' lang='lat' dir='ltr'><strong>cm</strong></span> <span class='ocrx_word' id='word_1_237' title='bbox 966 3241 1026 3283; x_wconf 81' lang='lat' dir='ltr'><strong>uitae</strong></span> <span class='ocrx_word' id='word_1_238' title='bbox 1041 3238 1107 3295; x_wconf 74' lang='lat' dir='ltr'><strong>fiae,</strong></span> <span class='ocrx_word' id='word_1_239' title='bbox 1136 3237 1176 3283; x_wconf 81' lang='lat' dir='ltr'><strong>vel</strong></span> <span class='ocrx_word' id='word_1_240' title='bbox 1193 3248 1244 3281; x_wconf 67' lang='lat' dir='ltr'><strong>eum</strong></span> 
     </span>
     <span class='ocr_line' id='line_1_30' title="bbox 57 3320 1244 3386; baseline -0.004 -18"><span class='ocrx_word' id='word_1_241' title='bbox 57 3324 118 3377; x_wconf 77' lang='lat' dir='ltr'><strong>uita,</strong></span> <span class='ocrx_word' id='word_1_242' title='bbox 136 3325 225 3386; x_wconf 82' lang='lat' dir='ltr'><strong>(Tnsr.</strong></span> <span class='ocrx_word' id='word_1_243' title='bbox 245 3327 272 3383; x_wconf 85' lang='lat' dir='ltr'><strong>l,</strong></span> <span class='ocrx_word' id='word_1_244' title='bbox 293 3327 337 3382; x_wconf 84' lang='lat' dir='ltr'><strong>ll,</strong></span> <span class='ocrx_word' id='word_1_245' title='bbox 354 3327 397 3371; x_wconf 75' lang='lat' dir='ltr'><strong>2l.</strong></span> <span class='ocrx_word' id='word_1_246' title='bbox 421 3327 514 3382; x_wconf 75' lang='lat' dir='ltr'><strong>puriter</strong></span> <span class='ocrx_word' id='word_1_247' title='bbox 536 3338 587 3369; x_wconf 84' lang='lat' dir='ltr'><strong>cum</strong></span> <span class='ocrx_word' id='word_1_248' title='bbox 603 3326 653 3369; x_wconf 79' lang='lat' dir='ltr'><strong>nitu</strong></span> <span class='ocrx_word' id='word_1_249' title='bbox 671 3336 750 3367; x_wconf 76' lang='lat' dir='ltr'><strong>reum</strong></span> <span class='ocrx_word' id='word_1_250' title='bbox 766 3322 894 3381; x_wconf 72' lang='lat' dir='ltr'><strong>omittitur)</strong></span> <span class='ocrx_word' id='word_1_251' title='bbox 913 3323 952 3368; x_wconf 82' lang='lat' dir='ltr'><strong>vel</strong></span> <span class='ocrx_word' id='word_1_252' title='bbox 970 3320 1074 3382; x_wconf 81' lang='lat' dir='ltr'><strong>deniquo</strong></span> <span class='ocrx_word' id='word_1_253' title='bbox 1091 3324 1180 3377; x_wconf 79' lang='lat' dir='ltr'><strong>morte,</strong></span> <span class='ocrx_word' id='word_1_254' title='bbox 1205 3324 1244 3378; x_wconf 77' lang='lat' dir='ltr'><strong>(nt</strong></span> 
     </span>
     <span class='ocr_line' id='line_1_31' title="bbox 58 3402 1245 3464; baseline -0.007 -11"><span class='ocrx_word' id='word_1_255' title='bbox 58 3404 127 3453; x_wconf 76' lang='lat' dir='ltr'><strong>Ture.</strong></span> <span class='ocrx_word' id='word_1_256' title='bbox 150 3409 178 3463; x_wconf 92' lang='lat' dir='ltr'><strong>l,</strong></span> <span class='ocrx_word' id='word_1_257' title='bbox 195 3411 219 3456; x_wconf 85' lang='lat'><strong>6.</strong></span> <span class='ocrx_word' id='word_1_258' title='bbox 237 3412 345 3455; x_wconf 66' lang='lat' dir='ltr'><strong>menna</strong></span> <span class='ocrx_word' id='word_1_259' title='bbox 358 3413 391 3457; x_wconf 81' lang='grc' dir='ltr'><strong>Μ.</strong></span> <span class='ocrx_word' id='word_1_260' title='bbox 407 3407 527 3459; x_wconf 72' lang='lat' dir='ltr'><strong>Uram,</strong></span> <span class='ocrx_word' id='word_1_261' title='bbox 545 3407 585 3464; x_wconf 81' lang='lat' dir='ltr'><strong>qul</strong></span> <span class='ocrx_word' id='word_1_262' title='bbox 596 3405 774 3464; x_wconf 74' lang='lat' dir='ltr'><strong>illasfortanaa</strong></span> <span class='ocrx_word' id='word_1_263' title='bbox 787 3410 864 3450; x_wconf 72' lang='lat' dir='ltr'><strong>morte</strong></span> <span class='ocrx_word' id='word_1_264' title='bbox 875 3402 1014 3461; x_wconf 77' lang='lat' dir='ltr'><strong>dimiserit.)</strong></span> <span class='ocrx_word' id='word_1_265' title='bbox 1038 3403 1150 3451; x_wconf 73' lang='lat' dir='ltr'><strong>Dimetim&#39;</strong></span> <span class='ocrx_word' id='word_1_266' title='bbox 1162 3407 1245 3447; x_wconf 71' lang='lat' dir='ltr'><strong>auten</strong></span> 
     </span>
     <span class='ocr_line' id='line_1_32' title="bbox 59 3485 1245 3549; baseline -0.002 -16"><span class='ocrx_word' id='word_1_267' title='bbox 59 3501 108 3533; x_wconf 78' lang='lat' dir='ltr'><strong>enm</strong></span> <span class='ocrx_word' id='word_1_268' title='bbox 125 3493 188 3535; x_wconf 82' lang='lat' dir='ltr'><strong>uitae</strong></span> <span class='ocrx_word' id='word_1_269' title='bbox 203 3496 307 3549; x_wconf 74' lang='lat' dir='ltr'><strong>tempore</strong></span> <span class='ocrx_word' id='word_1_270' title='bbox 324 3497 373 3537; x_wconf 73' lang='lat' dir='ltr'><strong>ortt</strong></span> <span class='ocrx_word' id='word_1_271' title='bbox 402 3504 474 3547; x_wconf 80' lang='lat' dir='ltr'><strong>„nna</strong></span> <span class='ocrx_word' id='word_1_272' title='bbox 492 3500 546 3535; x_wconf 83' lang='lat' dir='ltr'><strong>rum</strong></span> <span class='ocrx_word' id='word_1_273' title='bbox 564 3500 596 3534; x_wconf 85' lang='lat' dir='ltr'><strong>eo</strong></span> <span class='ocrx_word' id='word_1_274' title='bbox 614 3494 707 3546; x_wconf 73' lang='lat' dir='ltr'><strong>puncto</strong></span> <span class='ocrx_word' id='word_1_275' title='bbox 725 3488 857 3546; x_wconf 77' lang='lat' dir='ltr'><strong>temporis,</strong></span> <span class='ocrx_word' id='word_1_276' title='bbox 874 3501 925 3547; x_wconf 89' lang='lat' dir='ltr'><strong>quo</strong></span> <span class='ocrx_word' id='word_1_277' title='bbox 943 3487 995 3531; x_wconf 81' lang='lat' dir='ltr'><strong>finit</strong></span> <span class='ocrx_word' id='word_1_278' title='bbox 1014 3486 1078 3541; x_wconf 81' lang='lat' dir='ltr'><strong>vita,</strong></span> <span class='ocrx_word' id='word_1_279' title='bbox 1096 3485 1166 3546; x_wconf 72' lang='lat' dir='ltr'><strong>quasi</strong></span> <span class='ocrx_word' id='word_1_280' title='bbox 1183 3485 1245 3531; x_wconf 70' lang='lat' dir='ltr'><strong>hee</strong></span> 
     </span>
     <span class='ocr_line' id='line_1_33' title="bbox 60 3568 1245 3628; baseline -0.003 -12"><span class='ocrx_word' id='word_1_281' title='bbox 60 3578 120 3618; x_wconf 72' lang='lat' dir='ltr'><strong>esset</strong></span> <span class='ocrx_word' id='word_1_282' title='bbox 138 3574 202 3620; x_wconf 80' lang='lat' dir='ltr'><strong>iusta</strong></span> <span class='ocrx_word' id='word_1_283' title='bbox 219 3588 346 3628; x_wconf 75' lang='lat' dir='ltr'><strong>mensura,</strong></span> <span class='ocrx_word' id='word_1_284' title='bbox 362 3573 433 3619; x_wconf 87' lang='lat' dir='ltr'><strong>linire</strong></span> <span class='ocrx_word' id='word_1_285' title='bbox 450 3572 524 3618; x_wconf 80' lang='lat' dir='ltr'><strong>etiam</strong></span> <span class='ocrx_word' id='word_1_286' title='bbox 542 3570 647 3617; x_wconf 75' lang='lat' dir='ltr'><strong>nominis</strong></span> <span class='ocrx_word' id='word_1_287' title='bbox 665 3570 949 3617; x_wconf 81' lang='lat' dir='ltr'><strong>commemorationem.“</strong></span> <span class='ocrx_word' id='word_1_288' title='bbox 967 3568 1029 3613; x_wconf 85' lang='lat' dir='ltr'><strong>Cum</strong></span> <span class='ocrx_word' id='word_1_289' title='bbox 1043 3575 1125 3615; x_wconf 81' lang='lat' dir='ltr'><strong>nutem</strong></span> <span class='ocrx_word' id='word_1_290' title='bbox 1136 3582 1160 3616; x_wconf 80' lang='lat' dir='ltr'><strong>v.</strong></span> <span class='ocrx_word' id='word_1_291' title='bbox 1172 3569 1245 3612; x_wconf 64' lang='lat' dir='ltr'><strong>dine</strong></span> 
     </span>
     <span class='ocr_line' id='line_1_34' title="bbox 59 3652 1245 3715; baseline -0.005 -12"><span class='ocrx_word' id='word_1_292' title='bbox 59 3655 100 3698; x_wconf 69' lang='lat' dir='ltr'><strong>liri</strong></span> <span class='ocrx_word' id='word_1_293' title='bbox 117 3657 219 3703; x_wconf 84' lang='lat' dir='ltr'><strong>omniuo</strong></span> <span class='ocrx_word' id='word_1_294' title='bbox 237 3656 260 3702; x_wconf 90' lang='lat' dir='ltr'><strong>ln</strong></span> <span class='ocrx_word' id='word_1_295' title='bbox 278 3655 413 3703; x_wconf 79' lang='lat' dir='ltr'><strong>rarioribus</strong></span> <span class='ocrx_word' id='word_1_296' title='bbox 430 3656 475 3711; x_wconf 80' lang='lat' dir='ltr'><strong>ait,</strong></span> <span class='ocrx_word' id='word_1_297' title='bbox 500 3654 559 3715; x_wconf 85' lang='lat' dir='ltr'><strong>quill</strong></span> <span class='ocrx_word' id='word_1_298' title='bbox 577 3653 677 3709; x_wconf 79' lang='lat' dir='ltr'><strong>mirum,</strong></span> <span class='ocrx_word' id='word_1_299' title='bbox 699 3653 720 3699; x_wconf 77' lang='lat' dir='ltr'><strong>si</strong></span> <span class='ocrx_word' id='word_1_300' title='bbox 738 3666 857 3713; x_wconf 79' lang='lat' dir='ltr'><strong>nusquam</strong></span> <span class='ocrx_word' id='word_1_301' title='bbox 874 3652 954 3696; x_wconf 78' lang='lat' dir='ltr'><strong>adbuc</strong></span> <span class='ocrx_word' id='word_1_302' title='bbox 972 3657 1095 3709; x_wconf 85' lang='lat' dir='ltr'><strong>repertum</strong></span> <span class='ocrx_word' id='word_1_303' title='bbox 1113 3658 1150 3697; x_wconf 83' lang='lat' dir='ltr'><strong>ast</strong></span> <span class='ocrx_word' id='word_1_304' title='bbox 1172 3653 1245 3698; x_wconf 72' lang='lat' dir='ltr'><strong>diane·</strong></span> 
     </span>
     <span class='ocr_line' id='line_1_35' title="bbox 61 3734 1245 3799; baseline -0.003 -18"><span class='ocrx_word' id='word_1_305' title='bbox 61 3737 114 3791; x_wconf 70' lang='lat' dir='ltr'><strong>tiri,</strong></span> <span class='ocrx_word' id='word_1_306' title='bbox 132 3741 179 3786; x_wconf 75' lang='lat' dir='ltr'><strong>sed</strong></span> <span class='ocrx_word' id='word_1_307' title='bbox 193 3738 323 3785; x_wconf 76' lang='lat' dir='ltr'><strong>cormnetin‘</strong></span> <span class='ocrx_word' id='word_1_308' title='bbox 340 3737 434 3799; x_wconf 79' lang='lat' dir='ltr'><strong>aliquid</strong></span> <span class='ocrx_word' id='word_1_309' title='bbox 451 3752 506 3784; x_wconf 79' lang='lat' dir='ltr'><strong>eum</strong></span> <span class='ocrx_word' id='word_1_310' title='bbox 523 3738 608 3798; x_wconf 77' lang='lat' dir='ltr'><strong>aliqua</strong></span> <span class='ocrx_word' id='word_1_311' title='bbox 625 3751 659 3783; x_wconf 84' lang='lat' dir='ltr'><strong>ro.</strong></span> <span class='ocrx_word' id='word_1_312' title='bbox 678 3737 721 3794; x_wconf 86' lang='lat' dir='ltr'><strong>(de</strong></span> <span class='ocrx_word' id='word_1_313' title='bbox 733 3735 787 3782; x_wconf 88' lang='lat' dir='ltr'><strong>luv.</strong></span> <span class='ocrx_word' id='word_1_314' title='bbox 804 3737 831 3789; x_wconf 83' lang='lat' dir='ltr'><strong>l,</strong></span> <span class='ocrx_word' id='word_1_315' title='bbox 848 3735 894 3790; x_wconf 74' lang='lat'><strong>26,</strong></span> <span class='ocrx_word' id='word_1_316' title='bbox 914 3734 961 3779; x_wconf 79' lang='lat'><strong>39.</strong></span> <span class='ocrx_word' id='word_1_317' title='bbox 973 3737 1104 3779; x_wconf 68' lang='lat' dir='ltr'><strong>cormeatiri</strong></span> <span class='ocrx_word' id='word_1_318' title='bbox 1121 3747 1171 3778; x_wconf 75' lang='lat' dir='ltr'><strong>cnm</strong></span> <span class='ocrx_word' id='word_1_319' title='bbox 1189 3737 1245 3777; x_wconf 76' lang='lat' dir='ltr'><strong>taur-</strong></span> 
     </span>
     <span class='ocr_line' id='line_1_36' title="bbox 59 3813 1245 3883; baseline -0.007 -16"><span class='ocrx_word' id='word_1_320' title='bbox 59 3832 116 3874; x_wconf 71' lang='lat' dir='ltr'><strong>pore</strong></span> <span class='ocrx_word' id='word_1_321' title='bbox 132 3821 286 3882; x_wconf 50' lang='lat' dir='ltr'><strong>negotiandi</strong></span> <span class='ocrx_word' id='word_1_322' title='bbox 307 3823 442 3869; x_wconf 73' lang='lat' dir='ltr'><strong>Praeterea</strong></span> <span class='ocrx_word' id='word_1_323' title='bbox 460 3822 545 3867; x_wconf 76' lang='lat' dir='ltr'><strong>melius</strong></span> <span class='ocrx_word' id='word_1_324' title='bbox 562 3821 608 3867; x_wconf 84' lang='lat' dir='ltr'><strong>sibi</strong></span> <span class='ocrx_word' id='word_1_325' title='bbox 627 3821 775 3878; x_wconf 73' lang='lat' dir='ltr'><strong>respondent</strong></span> <span class='ocrx_word' id='word_1_326' title='bbox 798 3832 838 3883; x_wconf 74' lang='lat' dir='ltr'><strong>rr.</strong></span> <span class='ocrx_word' id='word_1_327' title='bbox 855 3813 1036 3875; x_wconf 63' lang='lat' dir='ltr'><strong>attentendum)</strong></span> <span class='ocrx_word' id='word_1_328' title='bbox 1053 3815 1245 3878; x_wconf 64' lang='lat' dir='ltr'><strong>(adaequatam,</strong></span> 
     </span>
     <span class='ocr_line' id='line_1_37' title="bbox 63 3900 701 3967; baseline -0.003 -17"><span class='ocrx_word' id='word_1_329' title='bbox 63 3903 132 3962; x_wconf 75' lang='lat' dir='ltr'><strong>quium</strong></span> <span class='ocrx_word' id='word_1_330' title='bbox 150 3907 173 3952; x_wconf 91' lang='lat' dir='ltr'><strong>iu</strong></span> <span class='ocrx_word' id='word_1_331' title='bbox 193 3909 303 3967; x_wconf 75' lang='lat' dir='ltr'><strong>volgata.</strong></span> <span class='ocrx_word' id='word_1_332' title='bbox 321 3905 491 3966; x_wconf 78' lang='lat' dir='ltr'><strong>(dimalnadom</strong></span> <span class='ocrx_word' id='word_1_333' title='bbox 509 3900 650 3963; x_wconf 78' lang='lat' dir='ltr'><strong>Bergkins.)</strong></span> <span class='ocrx_word' id='word_1_334' title='bbox 666 3925 701 3939; x_wconf 90' lang='lat'><em>-</em></span> 
     </span>
    </p>

    <p class='ocr_par' dir='ltr' id='par_1_5' title="bbox 63 3976 1248 4376">
     <span class='ocr_line' id='line_1_38' title="bbox 65 3976 1245 4053; baseline -0.014 -17"><span class='ocrx_word' id='word_1_335' title='bbox 65 4000 68 4007; x_wconf 62' lang='lat'><strong>⁴</strong></span> <span class='ocrx_word' id='word_1_336' title='bbox 127 3988 139 4049; x_wconf 63' lang='lat' dir='ltr'><strong>l</strong></span> <span class='ocrx_word' id='word_1_337' title='bbox 157 3990 199 4035; x_wconf 82' lang='grc'><strong>30.</strong></span> <span class='ocrx_word' id='word_1_338' title='bbox 215 3992 286 4046; x_wconf 83' lang='lat' dir='ltr'><strong>parui</strong></span> <span class='ocrx_word' id='word_1_339' title='bbox 308 3985 397 4053; x_wconf 74' lang='lat' dir='ltr'><strong>nmini]</strong></span> <span class='ocrx_word' id='word_1_340' title='bbox 416 3994 466 4034; x_wconf 83' lang='lat' dir='ltr'><strong>taur</strong></span> <span class='ocrx_word' id='word_1_341' title='bbox 483 3985 593 4041; x_wconf 61' lang='lat' dir='ltr'><strong>mnium,</strong></span> <span class='ocrx_word' id='word_1_342' title='bbox 616 3983 725 4044; x_wconf 72' lang='lat' dir='ltr'><strong>angue,</strong></span> <span class='ocrx_word' id='word_1_343' title='bbox 753 3983 888 4039; x_wconf 66' lang='lat' dir='ltr'><strong>contractis</strong></span> <span class='ocrx_word' id='word_1_344' title='bbox 911 3985 984 4040; x_wconf 77' lang='lat' dir='ltr'><strong>pravi</strong></span> <span class='ocrx_word' id='word_1_345' title='bbox 1001 3983 1074 4026; x_wconf 81' lang='lat' dir='ltr'><strong>animi</strong></span> <span class='ocrx_word' id='word_1_346' title='bbox 1089 3978 1142 4022; x_wconf 80' lang='lat' dir='ltr'><strong>Eri.</strong></span> <span class='ocrx_word' id='word_1_347' title='bbox 1160 3977 1201 4022; x_wconf 73' lang='lat' dir='ltr'><strong>Su.</strong></span> <span class='ocrx_word' id='word_1_348' title='bbox 1222 3976 1245 4020; x_wconf 82' lang='lat' dir='ltr'><strong>l.</strong></span> 
     </span>
     <span class='ocr_line' id='line_1_39' title="bbox 63 4060 1246 4126; baseline -0.01 -13"><span class='ocrx_word' id='word_1_349' title='bbox 63 4074 141 4123; x_wconf 77' lang='lat' dir='ltr'><strong>paruis</strong></span> <span class='ocrx_word' id='word_1_350' title='bbox 158 4074 242 4117; x_wconf 71' lang='lat' dir='ltr'><strong>animia</strong></span> <span class='ocrx_word' id='word_1_351' title='bbox 259 4071 304 4119; x_wconf 67' lang='grc' dir='ltr'><strong>ὃν.</strong></span> <span class='ocrx_word' id='word_1_352' title='bbox 322 4073 347 4117; x_wconf 77' lang='lat'><strong>2.</strong></span> <span class='ocrx_word' id='word_1_353' title='bbox 365 4092 402 4111; x_wconf 74' lang='grc' dir='ltr'><strong>-ι</strong></span> <span class='ocrx_word' id='word_1_354' title='bbox 420 4073 542 4116; x_wconf 80' lang='lat' dir='ltr'><strong>or&#39;daumnr</strong></span> <span class='ocrx_word' id='word_1_355' title='bbox 559 4083 605 4113; x_wconf 80' lang='lat' dir='ltr'><strong>orsa</strong></span> <span class='ocrx_word' id='word_1_356' title='bbox 623 4081 702 4112; x_wconf 77' lang='lat' dir='ltr'><strong>ornnes</strong></span> <span class='ocrx_word' id='word_1_357' title='bbox 718 4065 776 4126; x_wconf 83' lang='lat' dir='ltr'><strong>qui]</strong></span> <span class='ocrx_word' id='word_1_358' title='bbox 796 4065 835 4112; x_wconf 78' lang='lat' dir='ltr'><strong>Ad</strong></span> <span class='ocrx_word' id='word_1_359' title='bbox 852 4068 917 4113; x_wconf 77' lang='lat' dir='ltr'><strong>bene</strong></span> <span class='ocrx_word' id='word_1_360' title='bbox 934 4066 990 4112; x_wconf 85' lang='lat' dir='ltr'><strong>lact.</strong></span> <span class='ocrx_word' id='word_1_361' title='bbox 1007 4060 1078 4107; x_wconf 77' lang='lat' dir='ltr'><strong>rediit</strong></span> <span class='ocrx_word' id='word_1_362' title='bbox 1095 4061 1136 4104; x_wconf 73' lang='lat' dir='ltr'><strong>Su.</strong></span> <span class='ocrx_word' id='word_1_363' title='bbox 1154 4060 1178 4103; x_wconf 76' lang='lat'><strong>2.</strong></span> <span class='ocrx_word' id='word_1_364' title='bbox 1197 4071 1246 4116; x_wconf 80' lang='lat' dir='ltr'><strong>pro</strong></span> 
     </span>
     <span class='ocr_line' id='line_1_40' title="bbox 66 4137 1246 4220; baseline -0.008 -23"><span class='ocrx_word' id='word_1_365' title='bbox 66 4151 144 4207; x_wconf 82' lang='lat' dir='ltr'><strong>priore</strong></span> <span class='ocrx_word' id='word_1_366' title='bbox 162 4155 226 4201; x_wconf 84' lang='lat' dir='ltr'><strong>coni.</strong></span> <span class='ocrx_word' id='word_1_367' title='bbox 244 4156 363 4199; x_wconf 81' lang='lat' dir='ltr'><strong>videamur</strong></span> <span class='ocrx_word' id='word_1_368' title='bbox 381 4155 497 4206; x_wconf 62' lang='lat' dir='ltr'><strong>beluinae,</strong></span> <span class='ocrx_word' id='word_1_369' title='bbox 528 4155 576 4210; x_wconf 81' lang='lat' dir='ltr'><strong>qni.</strong></span> <span class='ocrx_word' id='word_1_370' title='bbox 599 4150 660 4210; x_wconf 76' lang='lat' dir='ltr'><strong>(osso</strong></span> <span class='ocrx_word' id='word_1_371' title='bbox 682 4164 732 4197; x_wconf 80' lang='lat' dir='ltr'><strong>on.</strong></span> <span class='ocrx_word' id='word_1_372' title='bbox 755 4148 822 4208; x_wconf 80' lang='lat' dir='ltr'><strong>Eri.)</strong></span> <span class='ocrx_word' id='word_1_373' title='bbox 838 4176 873 4187; x_wconf 94' lang='grc'>-</span> <span class='ocrx_word' id='word_1_374' title='bbox 889 4150 956 4194; x_wconf 77' lang='lat' dir='ltr'><strong>Haec</strong></span> <span class='ocrx_word' id='word_1_375' title='bbox 977 4157 1032 4188; x_wconf 79' lang='lat' dir='ltr'><strong>uero</strong></span> <span class='ocrx_word' id='word_1_376' title='bbox 1056 4137 1115 4202; x_wconf 77' lang='lat' dir='ltr'><strong>atne]</strong></span> <span class='ocrx_word' id='word_1_377' title='bbox 1135 4141 1195 4185; x_wconf 84' lang='lat' dir='ltr'><strong>Curu</strong></span> <span class='ocrx_word' id='word_1_378' title='bbox 1212 4141 1246 4220; x_wconf 68' lang='lat' dir='ltr'><strong>ab</strong></span> 
     </span>
     <span class='ocr_line' id='line_1_41' title="bbox 64 4226 1247 4293; baseline -0.008 -18"><span class='ocrx_word' id='word_1_379' title='bbox 64 4229 114 4285; x_wconf 70' lang='lat' dir='ltr'><strong>uit.</strong></span> <span class='ocrx_word' id='word_1_380' title='bbox 139 4238 206 4284; x_wconf 80' lang='lat' dir='ltr'><strong>absit</strong></span> <span class='ocrx_word' id='word_1_381' title='bbox 223 4239 286 4289; x_wconf 78' lang='lat' dir='ltr'><strong>sine,</strong></span> <span class='ocrx_word' id='word_1_382' title='bbox 315 4245 340 4284; x_wconf 88' lang='lat' dir='ltr'><strong>et</strong></span> <span class='ocrx_word' id='word_1_383' title='bbox 363 4236 482 4284; x_wconf 80' lang='lat' dir='ltr'><strong>sententia</strong></span> <span class='ocrx_word' id='word_1_384' title='bbox 505 4234 575 4293; x_wconf 84' lang='lat' dir='ltr'><strong>ipsa,</strong></span> <span class='ocrx_word' id='word_1_385' title='bbox 601 4231 710 4278; x_wconf 77' lang='lat' dir='ltr'><strong>maxima</strong></span> <span class='ocrx_word' id='word_1_386' title='bbox 734 4240 801 4291; x_wconf 72' lang='lat' dir='ltr'><strong>post,</strong></span> <span class='ocrx_word' id='word_1_387' title='bbox 814 4232 930 4290; x_wconf 83' lang='lat' dir='ltr'><strong>proxime</strong></span> <span class='ocrx_word' id='word_1_388' title='bbox 948 4226 1096 4286; x_wconf 77' lang='lat' dir='ltr'><strong>praecedens</strong></span> <span class='ocrx_word' id='word_1_389' title='bbox 1114 4237 1158 4279; x_wconf 82' lang='lat' dir='ltr'><strong>ego</strong></span> <span class='ocrx_word' id='word_1_390' title='bbox 1176 4236 1247 4274; x_wconf 84' lang='lat' dir='ltr'><strong>nero,</strong></span> 
     </span>
     <span class='ocr_line' id='line_1_42' title="bbox 66 4308 1248 4376; baseline -0.016 -10"><span class='ocrx_word' id='word_1_391' title='bbox 66 4326 175 4376; x_wconf 61' lang='lat' dir='ltr'><strong>retinuere</strong></span> <span class='ocrx_word' id='word_1_392' title='bbox 198 4322 311 4370; x_wconf 82' lang='lat' dir='ltr'><strong>rideatur</strong></span> <span class='ocrx_word' id='word_1_393' title='bbox 329 4334 351 4368; x_wconf 83' lang='lat' dir='ltr'><strong>r.</strong></span> <span class='ocrx_word' id='word_1_394' title='bbox 369 4335 440 4373; x_wconf 80' lang='lat' dir='ltr'><strong>nero,</strong></span> <span class='ocrx_word' id='word_1_395' title='bbox 462 4319 521 4365; x_wconf 82' lang='lat' dir='ltr'><strong>sutis</strong></span> <span class='ocrx_word' id='word_1_396' title='bbox 539 4317 702 4375; x_wconf 83' lang='lat' dir='ltr'><strong>probabiliter</strong></span> <span class='ocrx_word' id='word_1_397' title='bbox 720 4315 812 4362; x_wconf 84' lang='lat' dir='ltr'><strong>delerit</strong></span> <span class='ocrx_word' id='word_1_398' title='bbox 830 4314 874 4359; x_wconf 71' lang='lat' dir='ltr'><strong>Su.</strong></span> <span class='ocrx_word' id='word_1_399' title='bbox 893 4337 925 4351; x_wconf 88' lang='lat'><em>-</em></span> <span class='ocrx_word' id='word_1_400' title='bbox 943 4313 975 4357; x_wconf 81' lang='lat' dir='ltr'><strong>ad</strong></span> <span class='ocrx_word' id='word_1_401' title='bbox 991 4311 1095 4366; x_wconf 77' lang='lat' dir='ltr'><strong>anquam</strong></span> <span class='ocrx_word' id='word_1_402' title='bbox 1112 4308 1185 4350; x_wconf 70' lang='lat' dir='ltr'><strong>antimi</strong></span> <span class='ocrx_word' id='word_1_403' title='bbox 1201 4308 1248 4349; x_wconf 79' lang='lat' dir='ltr'><strong>raet</strong></span> 
     </span>
    </p>
   </div>
   <div class='ocr_carea' id='block_1_5' title="bbox 891 4416 931 4477">
    <p class='ocr_par' dir='ltr' id='par_1_6' title="bbox 891 4416 931 4477">
     <span class='ocr_line' id='line_1_43' title="bbox 891 4416 931 4477; baseline 0 0"><span class='ocrx_word' id='word_1_404' title='bbox 891 4416 931 4477; x_wconf 78' lang='grc'><strong>29</strong></span> 
     </span>
    </p>
   </div>
   <div class='ocr_carea' id='block_1_6' title="bbox 0 0 1464 4759">
    <p class='ocr_par' dir='ltr' id='par_1_7' title="bbox 0 0 1464 4759">
     <span class='ocr_line' id='line_1_44' title="bbox 0 0 1464 4759; baseline 0 0"><span class='ocrx_word' id='word_1_405' title='bbox 0 0 1464 4759; x_wconf 95' lang='lat' dir='ltr'><strong> </strong></span> 
     </span>
    </p>
   </div>
  </div>
 </body>
</html>
